1912 3079
266 125 334 152 10Ξὸ

900 124 929 152 Ρ.
952 123 1109 151 DANIELIS
1129 122 1245 150 llUETll

1828 123 1884 149 lﬂzl

266 183 364 216 Miror.
380 188 406 210 ct
422 182 546 210 humanis
566 182 656 210 adhuc
683 184 890 219 cogitationibus
909 189 937 211 et
952 185 1047 211 menti-
1061 187 1085 215 Α
1102 190 1173 214 ram,
1191 190 1253 209 cum
1268 182 1336 209 Deus
1352 182 1407 209 erit
1421 182 1512 209 omnia
1529 181 1556 209 in
1571 181 1726 213 omnibus;
1752 183 1884 215 consequi-

265 229 315 257 Ilus
338 229 494 256 inusitatum
514 236 522 260 ;
539 237 549 254 ι
579 228 677 256 deinde
698 231 796 264 triplici
819 231 852 258 de
878 238 969 258 rerum
983 238 1048 257 cou-

264 276 442 303 summatioue
462 279 489 302 et
515 281 622 303 summa
641 276 809 304 beatitudine
832 277 970 312 proposita
988 284 1049 303 sen-

263 321 361 351 tentia.
397 320 430 346 ad
466 319 616 354 quamlibet
651 324 864 357 persequendam
903 322 1048 356 unicuique

261 366 366 393 arbitrii
394 366 436 392 sui
468 366 620 394 libertatem
653 368 795 402 permittit.
824 367 858 395 Et
882 372 1047 402 postremum

263 411 370 437 tandem
400 416 482 446 caput
507 411 568 439 libri
587 419 630 444 tu,
655 412 695 440 De
723 413 849 447 princip.,
864 414 935 447 quod
951 417 992 440 est
1009 412 1047 439 De

260 457 490 483 consummatione
502 457 605 490 mundi,
621 457 722 486 claudit
735 459 777 486 bis
795 459 884 486 verbis
897 468 904 486 :
918 468 928 485 ι
948 459 1046 486 Hacte-

261 509 312 528 nus
329 502 407 529 nobis
420 503 501 530 etiam
517 510 655 538 corporea!
664 510 770 532 natura:
786 505 826 532 vel
838 505 969 539 spiritalis
983 512 1045 532 cor-

261 545 334 579 poris
351 545 455 572 ratione
479 546 612 579 discussa,
639 549 754 576 arbitrio
780 548 894 581 legentis
914 549 1044 584 relinqui.

260 599 332 621 mus.
356 599 389 619 ex
410 597 524 624 utroque
551 595 623 629 quod
648 595 745 623 melius
769 596 931 629 judicaverit
946 596 1045 631 eligen-

260 636 334 663 dum.
350 646 360 662 I
389 637 502 665 Homilia
523 638 559 666 23
586 639 613 666 in
635 637 736 673 Iosue,
760 648 835 669 num.
857 641 884 674 4,
901 646 1044 676 postquam

265 690 319 710 .oca
346 684 467 712 caelestia
495 685 538 713 his
563 686 739 714 terrestribus
762 687 861 715 similia
883 688 1043 722 assignavit,

259 729 393 762 ejusmodi
424 731 553 766 mysteria
583 733 759 760 veneratione
786 733 867 768 digna
889 738 916 761 et
936 734 1044 761 silentio

259 782 320 802 esse
336 774 469 809 declarat,
485 784 536 804 nec
555 785 569 803 a
586 778 742 806 mortalium
772 786 919 813 quoquam,
932 786 966 806 ne
978 779 1044 813 ipsis

258 821 368 855 quidem
393 822 526 856 apostolis
549 823 669 858 perfecte
693 824 809 859 proferri
828 832 916 860 posse.
940 824 1042 858 Quam-

257 868 349 893 obrem
361 872 389 894 et
400 867 468 895 libro
492 876 517 895 ιν
539 869 609 903 Περὶ
622 869 733 904 ἀρχῶν,
751 879 824 898 ιιυιιι.
843 870 889 904 25,
903 879 964 906 pag.
980 872 1042 904 l86,
1058 863 1080 891 Β

258 919 368 947 regnum
383 914 513 942 caelorum
531 915 660 944 thesauro
675 917 701 944 in
718 924 784 952 agro
801 917 960 946 abscondito
973 925 1044 945 com-

257 963 380 993 paratum
397 959 482 988 fuisse
496 966 582 995 putat.

294 1004 499 1038 Verumtamen,
523 1008 647 1042 quamvis
667 1009 770 1044 liquido
795 1014 824 1038 et
849 1009 909 1038 sine
930 1011 1042 1045 ambage

256 1057 448 1085 asseverasset,
471 1060 530 1088 quu-
552 1054 673 1082 incertus
702 1057 855 1090 proposuit,
886 1062 1041 1084 sanctorum

257 1096 358 1131 aliquot
372 1097 492 1125 virorum
509 1098 646 1134 suﬂ‘ragiis
662 1105 689 1128 et
703 1109 836 1129 consensu
854 1102 1040 1137 adiuvaretur.

254 1142 378 1171 Clemens
401 1144 598 1172 Alexandrinus
621 1145 668 1173 lib.
702 1155 721 1174 ιι
750 1147 848 1174 Strom.
872 1148 897 1175 id
922 1147 1042 1176 Platonis

255 1190 372 1224 axioma,
396 1198 450 1225 quo
478 1195 533 1218 tum
557 1192 665 1220 beatum
693 1193 828 1221 hominem
853 1201 912 1222 esse
935 1195 1039 1229 delinil,

254 1243 315 1263 cum
339 1236 393 1264 Deo
419 1237 515 1265 similis
537 1243 588 1270 est,
610 1239 759 1274 Scripturze
775 1247 860 1267 sacra:
878 1241 1041 1268 auctoritate

254 1282 385 1310 defendit.
405 1283 442 1309 De
456 1285 536 1312 mmlo
560 1293 590 1312 ac
608 1285 667 1313 loco
685 1286 822 1314 felicitatis
839 1291 1004 1319 sanctorum,
1025 1295 1040 1315 a

253 1328 348 1362 primis
377 1336 461 1363 usque
490 1329 615 1358 Ecclesiae
648 1332 810 1366 temporibus
839 1332 873 1359 ad
907 1333 1040 1360 Innocen-

254 1374 321 1400 tium
333 1373 365 1400 lll
380 1379 407 1402 et
422 1375 590 1403 Benedictum
601 1376 645 1410 XI,
659 1384 691 1404 ac
701 1377 880 1404 Florentinam
892 1379 1039 1413 synodum,

254 1419 319 1446 nihil
336 1420 402 1447 certi
416 1420 466 1447 fuit
479 1422 513 1448 ab
531 1421 654 1449 Ecclesia
667 1423 869 1458 praescriptum,
885 1425 952 1451 adeo
968 1428 997 1450 ut
1012 1424 1038 1451 in

254 1465 364 1492 diversa
381 1465 475 1493 Patres
493 1467 618 1495 abierint.
638 1468 737 1495 Eorum
749 1470 900 1497 sententias
915 1474 942 1497 et
962 1470 1039 1497 testi-

253 1511 342 1537 monia
356 1511 464 1545 collegit
481 1511 574 1540 Sixlus
597 1513 727 1541 Senensis
748 1514 795 1541 lib.
811 1523 829 1541 v
857 1514 939 1549 Bibl.,
954 1518 1037 1544 adno-

254 1560 303 1582 tat.
321 1556 383 1588 545,
400 1562 428 1583 ιιι
442 1556 468 1583 in
485 1557 580 1585 iisdem
595 1558 648 1586 huc
662 1560 824 1594 reponendis
835 1568 1035 1596 supervacanea

250 1603 340 1630 omnis
354 1610 415 1631 esse
435 1610 515 1637 opera
540 1604 674 1632 videatur.
696 1605 797 1633 Praeter
808 1614 855 1634 eos
871 1608 916 1642 qui
929 1608 963 1636 ab
979 1609 1037 1644 ipso

250 1649 457 1676 commemorati
478 1654 550 1683 sunt,
565 1651 632 1678 adiri
649 1651 729 1678 velim
745 1652 874 1687 Cypriani
890 1655 1036 1687 epistolam

251 1693 296 1725 52,
313 1694 346 1721 ad
374 1694 570 1729 Antonianum,
598 1695 775 1725 Novatianum
799 1698 846 1727 lib.
874 1698 914 1727 De
927 1699 1036 1733 Trinit.,

249 1747 310 1775 cap.
325 1742 360 1773 l;
383 1741 559 1768 Athanasium
581 1742 608 1768 in
638 1742 807 1777 Expositione
834 1745 907 1780 ﬁdei,
930 1747 1037 1781 paradi-

249 1793 308 1813 sum
320 1786 416 1814 latroni
429 1794 443 1813 a
458 1786 567 1814 Christo
583 1787 608 1814 in
623 1795 705 1816 cruce
716 1790 890 1824 promissum,
902 1798 963 1818 eum
977 1799 1037 1820 esse

249 1837 405 1859 censentem
427 1833 496 1860 unde
513 1833 632 1862 Adamus
654 1834 758 1870 eiectus
781 1841 833 1868 est,
857 1845 917 1864 cum
936 1837 1037 1873 Cyrillo

248 1877 473 1914 Jerosolymitano
501 1879 606 1908 Catecli.
621 1887 731 1916 mystag.
755 1890 774 1915 I,
800 1883 901 1911 Basilio
921 1884 948 1911 in
965 1884 1036 1913 libro

252 1923 289 1950 De
305 1924 439 1958 paradiso,
465 1929 493 1952 et
516 1933 576 1956 cap.
594 1926 628 1953 27
647 1927 708 1956 libri
733 1928 772 1955 Ds
798 1928 900 1963 Spiritu
923 1936 1034 1964 sancto;

249 1969 380 2003 Gregorio
393 1970 516 2005 Nysseno
531 1972 556 1999 in
570 1977 642 2001 orat.
661 1973 689 1999 in
701 1975 877 2009 quadraginta
894 1982 1033 2011 martyres,

249 2019 277 2041 et
287 2014 400 2043 Paulino
412 2016 524 2049 Nolano,
533 2017 602 2044 idem
615 2019 796 2047 sentientibus
806 2028 837 2047 ac
851 2022 937 2048 sensit
950 2023 1034 2049 Atha-

249 2060 353 2087 nasius.
369 2061 489 2088 Adeatur
502 2065 528 2089 et
545 2062 714 2097 Epiphanius
737 2064 763 2091 in
788 2065 867 2099 epist.
893 2067 926 2093 ad
953 2066 1032 2094 Joan.

247 2104 419 2141 Jerosolym..
435 2108 495 2142 cap.
520 2108 549 2141 4,
572 2112 599 2135 et
626 2109 651 2135 in
666 2109 809 2143 Ancorato,
827 2118 886 2146 cap.
903 2111 950 2144 54,
967 2112 1029 2139 alibi

247 2152 400 2184 paradisum
414 2153 561 2186 collocaris,
587 2154 652 2182 alibi
673 2155 793 2187 ccelum;
813 2160 842 2183 et
866 2156 1032 2191 Augustinus

1101 232 1145 255 tur
1160 227 1234 254 illinc
1253 228 1407 254 necessario
1426 227 1545 254 desitura
1571 228 1769 254 damnatorum
1790 229 1883 261 suppli-

1099 275 1152 306 cia.
1168 281 1254 308 eaque
1269 281 1398 301 noxarum
1423 274 1554 301 duntaxat
1576 274 1751 308 expurgandi
1777 281 1853 300 causa
1870 283 1883 300 ε

1098 319 1154 347 Deo
1171 319 1325 347 hominibus
1339 318 1433 354 inlligi.
1445 318 1566 346 Hominis
1577 323 1652 346 esset
1670 319 1883 352 intemperantis.

1098 375 1186 403 neque
1202 368 1270 395 satis
1286 367 1399 401 tempori
1412 366 1549 401 parcentis
1563 373 1622 399 suo,
1638 373 1815 400 quascunque
1836 373 1883 393 ve-

1097 413 1173 440 sania
1193 412 1244 439 hac
1260 411 1343 439 oblita
1369 411 1396 438 in
1421 410 1595 446 Origenianis
1617 410 1828 438 commentariis
1849 417 1883 437 re-

1097 458 1249 493 periuntur,
1269 458 1361 486 lectori
1381 457 1550 486 recensenda
1569 457 1707 493 obiicere;
1731 457 1802 484 adeo
1818 458 1882 483 mul-

1097 508 1139 531 tus
1151 508 1194 531 est
1207 504 1234 531 in
1248 505 1299 532 hoc
1311 505 1438 539 dogmate
1451 503 1601 538 prodendo,
1627 508 1656 530 et
1676 503 1791 531 odiosus
1814 504 1881 530 Ada-

1096 551 1224 578 mantius.
1242 551 1295 578 Sed
1323 558 1357 578 ne
1378 558 1426 578 nos
1455 555 1546 577 tamen
1569 557 1584 577 τι
1609 557 1685 577 more
1709 549 1882 576 dellectamus

1096 601 1199 627 nostro.
1217 596 1332 624 illustria
1349 596 1434 623 solum
1446 595 1507 622 lidei
1519 602 1601 622 causa
1616 602 1793 630 sep0nemus.
1808 594 1882 621 Prior

1094 642 1214 670 occurrit
1242 642 1316 669 locus
1340 641 1432 669 homil.
1457 641 1473 667 7
1500 642 1527 668 in
1547 641 1643 673 Lettin
1668 641 1696 668 in
1712 648 1765 675 qua
1782 641 1882 674 prolixe

1095 688 1214 722 disputat
1227 687 1362 722 quomodo
1375 686 1448 714 Patri
1463 686 1603 720 subjectus
1619 686 1705 714 Filius
1716 686 1769 713 dici
1788 687 1880 721 possit,

1095 733 1268 767 ostenditque
1292 731 1390 760 Filium
1420 736 1533 759 eatenus
1561 731 1616 759 dici
1642 731 1719 758 Patri
1745 738 1801 758 non
1824 740 1881 758 esse

1094 781 1257 815 subjectum,
1270 783 1407 814 quatenus
1422 785 1481 810 nos,
1496 778 1541 812 qui
1567 784 1663 805 sumus
1675 777 1780 804 Christi
1797 785 1879 804 mem-

1094 826 1152 858 bra,
1170 825 1241 853 Patri
1257 824 1370 852 minime
1391 823 1504 857 subjecti
1527 830 1631 850 sumus.
1653 832 1662 848 ι
1686 822 1753 849 Cum
1770 829 1845 855 vero,
1868 831 1878 848 ι

1094 872 1193 907 inquit,
1205 877 1278 898 num.
1293 870 1321 902 2,
1344 877 1407 905 pag.
1427 869 1491 902 222,
1523 879 1533 895 ι
1554 869 1785 896 consummaverit
1814 876 1879 903 opus

1093 924 1183 947 Slllllll.
1201 920 1228 943 et
1247 915 1402 942 universam
1419 919 1574 942 creaturam
1601 921 1678 940 suam
1694 914 1728 941 ad
1744 922 1879 941 summum

1093 961 1268 997 perfectionis
1280 960 1437 993 adduxerit,
1452 965 1515 988 tunc
1537 960 1595 995 ipse
1611 960 1721 987 dicetur
1742 959 1879 994 subjectus

1093 1008 1120 1035 in
1138 1007 1181 1035 his
1193 1014 1261 1042 quos
1273 1006 1392 1033 subdidit
1404 1006 1490 1037 Patri,
1506 1010 1534 1033 et
1552 1006 1578 1032 in
1600 1005 1700 1040 quibus
1718 1012 1788 1039 opus
1809 1007 1879 1040 quod

1092 1054 1116 1081 ei
1131 1053 1213 1081 Pater
1226 1052 1339 1080 dederat
1352 1051 1562 1084 consummavit,
1578 1057 1607 1078 ut
1622 1052 1644 1078 si
1659 1050 1730 1078 Deus
1744 1052 1838 1078 omnia
1853 1053 1879 1079 iu

1091 1100 1227 1126 omnibus.
1246 1108 1255 1125 ι
1277 1097 1423 1131 Subiungit
1438 1097 1533 1124 deinde
1553 1097 1691 1124 Christum
1713 1102 1770 1124 tum
1787 1097 1878 1124 viuum

1092 1145 1250 1177 hibiturum,
1273 1153 1283 1170 ι
1309 1150 1372 1171 cum
1395 1142 1513 1177 subjecta
1550 1143 1575 1169 ei
1594 1142 1695 1170 fuerint
1720 1143 1827 1175 omnia,
1853 1148 1879 1169 et

1092 1190 1202 1218 salvatis
1219 1189 1349 1216 omnibus
1363 1195 1395 1216 ac
1409 1188 1544 1216 destructa
1561 1193 1649 1214 morte
1662 1188 1782 1222 peccati,
1809 1188 1877 1215 ultra

1088 1236 1144 1271 jam
1165 1236 1347 1264 necessarium
1365 1243 1416 1262 non
1437 1235 1490 1262 erit
1509 1234 1607 1263 olTerre
1621 1236 1724 1263 hostias
1739 1243 1792 1270 pro
1813 1243 1877 1270 pec-

1091 1287 1163 1310 cato.
1180 1291 1189 1309 ι
1207 1282 1291 1309 Addit
1299 1281 1379 1316 paulo
1399 1285 1478 1315 post:
1497 1289 1508 1307 ι
1523 1281 1632 1314 Quanto
1644 1282 1731 1316 magis
1747 1282 1877 1308 Dominus

1090 1334 1118 1357 et
1131 1328 1257 1356 Salvator
1277 1333 1380 1360 noster,
1403 1329 1449 1364 qui
1475 1333 1556 1362 caput
1580 1333 1607 1355 et
1620 1332 1715 1355 auctor
1738 1332 1783 1355 est
1795 1328 1877 1354 totius

1090 1375 1224 1410 corporis,
1248 1382 1302 1402 non
1319 1375 1370 1403 sibi
1389 1374 1536 1409 perfectam
1562 1374 1629 1401 dicit
1652 1381 1715 1401 esse
1740 1374 1874 1406 laetitiam,

1089 1422 1176 1449 donec
1188 1421 1290 1455 aliquid
1312 1429 1345 1449 ex
1372 1422 1502 1450 membris
1528 1420 1624 1448 deesse
1640 1420 1748 1455 corpori
1768 1427 1821 1447 suo
1841 1420 1878 1447 vi-

1089 1466 1163 1494 det?
1187 1475 1197 1493 ι
1224 1466 1426 1502 Subjectiouem
1465 1468 1535 1495 illam
1556 1466 1637 1494 simili
1658 1466 1739 1494 modo
1762 1466 1876 1501 exponit

1089 1512 1137 1540 lib.
1160 1520 1190 1540 ιιι
1208 1513 1278 1547 Περὶ
1293 1513 1403 1548 ἀρχῶν,
1421 1521 1481 1548 cap.
1500 1514 1527 1546 5,
1548 1520 1624 1540 num.
1647 1513 1674 1545 6,
1698 1519 1762 1540 cum
1782 1512 1876 1539 scribit

1089 1559 1227 1586 Christum
1248 1559 1274 1586 in
1289 1560 1435 1594 semetipso
1450 1558 1676 1593 complectentem
1689 1565 1789 1586 omnes
1808 1565 1876 1592 quos

1088 1604 1204 1639 subjecit
1222 1604 1307 1638 Patri,
1326 1605 1408 1640 etqui
1425 1605 1505 1640 hujus
1524 1613 1575 1640 ope
1594 1605 1708 1632 salutem
1732 1606 1875 1632 consecuti

1087 1655 1159 1682 sunt,
1186 1657 1248 1678 cum
1264 1650 1332 1685 ipsis
1347 1656 1374 1678 et
1399 1651 1424 1679 in
1440 1651 1506 1686 ipsis
1529 1651 1602 1678 Patri
1628 1650 1782 1686 subjectum
1809 1651 1875 1677 dici.

1087 1695 1228 1724 Subnectit
1242 1701 1334 1731 postea
1345 1705 1419 1724 num.
1435 1697 1450 1724 7
1463 1705 1471 1724 :
1485 1706 1494 1722 ε
1506 1696 1534 1724 Si
1550 1703 1614 1730 ergo
1626 1697 1694 1724 bona
1710 1702 1738 1723 et
1748 1695 1877 1722 salutaris

1086 1743 1222 1777 accipitur
1235 1743 1286 1770 ista
1303 1742 1447 1777 subjectio,
1460 1751 1512 1777 qua
1531 1742 1671 1776 subjectus
1686 1749 1748 1769 esse
1771 1742 1876 1768 dicitur

1087 1787 1172 1815 Filius
1183 1787 1267 1820 Patri,
1279 1788 1356 1815 valde
1381 1796 1552 1823 consequens
1567 1793 1594 1815 et
1615 1789 1755 1815 cohaerens
1771 1792 1825 1818 est,
1848 1792 1876 1813 ut

1087 1832 1259 1860 inimicorum
1293 1840 1353 1867 qua:
1377 1833 1477 1860 dicitur
1497 1832 1564 1860 Filio
1582 1833 1629 1859 Dci
1649 1839 1712 1859 csse
1726 1832 1874 1867 subjectio,

1086 1878 1214 1906 salutaris
1244 1879 1366 1913 quaedam
1392 1879 1553 1913 intelligatur
1580 1883 1608 1906 et
1626 1878 1722 1905 utilis:
1747 1883 1780 1904 ut
1801 1880 1874 1904 sicut

1086 1932 1147 1953 cum
1168 1924 1268 1952 dicitur
1285 1924 1370 1952 Filius
1395 1924 1469 1952 Patri
1497 1924 1644 1958 subjectus,
1664 1924 1787 1958 perfecta
1812 1924 1873 1949 uni-

1084 1975 1170 1996 versa:
1201 1974 1334 1997 creatum
1359 1970 1497 1998 restitutio
1527 1970 1682 1997 declaratur
1705 1978 1714 2002 ;
1748 1970 1787 1996 ita
1809 1977 1873 1997 cum

1086 2014 1155 2042 Filio
1170 2014 1217 2043 Dei
1233 2015 1335 2043 inimici
1357 2016 1486 2043 dicuntur
1502 2023 1563 2043 esse
1580 2016 1709 2050 subjecti,
1731 2016 1872 2050 subjecto-

1085 2068 1144 2087 rum
1171 2062 1243 2089 salus
1264 2062 1289 2089 in
1306 2069 1338 2089 co
1357 2062 1532 2097 intelligatur,
1550 2066 1577 2089 et
1592 2061 1730 2095 reparatio
1747 2062 1873 2096 perdito-

1084 2114 1154 2133 rum.
1171 2116 1180 2132 ι
1197 2105 1245 2134 llis
1258 2113 1409 2134 consonant
1420 2115 1479 2142 qua:
1500 2107 1628 2142 leguntur
1645 2106 1672 2133 in
1695 2107 1748 2133 line
1768 2111 1872 2133 tracta-

1085 2156 1129 2179 tus
1155 2159 1222 2179 xxut
1256 2153 1284 2179 in
1311 2151 1419 2186 Matth.,
1446 2160 1520 2179 num.
1548 2154 1576 2179 tl.
1603 2152 1656 2180 Sed
1677 2157 1705 2180 et
1731 2153 1873 2188 aliquade

247 2196 294 2222 lib.
323 2205 357 2223 xx
382 2197 421 2224 De
445 2199 516 2226 civit.
538 2199 598 2233 Dei,
621 2200 734 2236 cap.'M
748 2206 775 2228 et
795 2201 840 2232 te.
855 2201 882 2228 in
897 2202 1031 2237 aliquibus
1049 2209 1071 2236 ι)
1084 2198 1248 2233 subiectione
1272 2199 1315 2226 illa
1334 2198 1395 2226 Filii
1415 2199 1523 2227 disserit
1551 2203 1630 2226 tract.
1643 2206 1711 2232 tu.
1728 2207 1805 2226 num.
1824 2199 1871 2231 55.

246 2241 356 2276 Origeni
373 2244 556 2278 consentiens,
574 2249 601 2272 et
618 2250 713 2273 auctor
728 2246 910 2278 Quaestionum
923 2248 958 2273 ad
973 2249 1029 2276 Διι-

244 2287 371 2319 tiochum,
391 2287 544 2316 hominibus
560 2289 750 2317 absconditum
774 2289 836 2323 hoc,
862 2295 890 2317 et
910 2291 1028 2325 ignotum

244 2340 306 2361 esse
320 2337 477 2370 mysterium
491 2337 610 2366 ediceus.
949 2340 954 2346 '

285 2380 354 2407 XVI.
374 2381 446 2409 Satis
467 2390 499 2410 ex
519 2384 715 2418 superioribus,
739 2385 822 2413 etiam
851 2393 895 2413 me
918 2385 1026 2418 silente,

245 2427 384 2462 colligitur
397 2428 585 2456 damnatorum
599 2431 687 2464 poenis
705 2432 813 2458 modum
837 2431 982 2466 aliquando
1002 2437 1030 2459 et

245 2473 324 2500 tinent
350 2481 384 2501 ex
410 2475 521 2502 decreto
548 2475 674 2510 Origenis
699 2477 854 2511 impositum
885 2478 939 2505 iri:
965 2486 1027 2505 cum

243 2521 315 2547 enim
338 2521 458 2548 futurum
482 2526 558 2548 ratus
577 2522 625 2553 sit,
649 2526 679 2549 ut
701 2530 892 2558 quemcunque
921 2528 1029 2551 teneant

243 2571 342 2592 statum
363 2566 471 2598 animai,
488 2573 602 2600 peccare
627 2567 741 2600 possint,
758 2572 785 2594 et
803 2568 891 2602 reipsa
909 2576 1027 2603 pcrsmpe

243 2616 367 2647 peccent,
387 2619 418 2639 ac
440 2620 489 2646 pro
508 2613 627 2647 peccatis
647 2613 689 2640 vcl
713 2613 817 2641 meritis
831 2619 960 2648 perpetuo
971 2614 1026 2641 cir-

243 2660 314 2686 cuitu
329 2658 363 2685 ab
375 2658 436 2685 imis
453 2658 486 2685 ad
504 2667 620 2690 summa,
634 2667 648 2686 a
662 2660 777 2687 summis
800 2661 833 2686 ad
857 2661 910 2687 ima
938 2661 1026 2688 revol-

249 2709 357 2735 vaulur,
373 2704 511 2739 ipsiusque
534 2704 632 2732 diaboli
659 2712 754 2732 aversa
781 2712 796 2732 a
820 2704 875 2733 Deo
900 2705 1026 2733 voluntas

242 2750 306 2777 olim
323 2751 485 2777 conterenda
502 2750 547 2782 sit,
563 2755 590 2777 et
602 2751 656 2778 Deo
675 2750 747 2777 Patri
770 2758 881 2785 regnum
901 2751 1026 2780 (Sbristus

243 2796 277 2821 sit
292 2795 449 2826 traditurus,
474 2800 584 2830 tumque
609 2796 806 2823 existimaverit
833 2796 938 2830 plenam
967 2805 1024 2824 om-

245 2840 317 2866 nium
339 2841 556 2869 ἀπηκατάστατιιν
570 2850 600 2869 ac
613 2842 757 2877 perfectam
777 2842 933 2871 felicitatem
953 2843 1023 2871 fulu-

1083 2245 1173 2278 operis
1189 2245 1318 2280 ejusdem,
1346 2253 1406 2280 qua:
1428 2246 1557 2279 quoniam
1578 2245 1691 2272 alterius
1706 2250 1772 2272 sunt
1790 2253 1871 2280 argu-

1082 2291 1177 2323 menti,
1195 2281 1382 2325 prael'crmitto.
1409 2291 1543 2319 Succedat
1558 2291 1667 2319 homilia
1689 2291 1707 2318 6
1732 2291 1761 2318 in
1776 2290 1871 2320 Νιιιι..

1081 2344 1155 2363 ιιιιιιι.
1170 2336 1198 2369 4,
1213 2337 1239 2363 in
1259 2345 1310 2371 qua
1325 2337 1358 2364 de
1382 2337 1453 2372 lepra
1478 2338 1630 2373 disputans,
1650 2342 1765 2372 propter
1787 2345 1870 2372 quam

1080 2381 1176 2408 castris
1191 2381 1368 2415 ejiciebantur
1382 2382 1427 2414 qui
1445 2390 1476 2409 ea
1497 2382 1668 2414 laborabant,
1684 2382 1790 2416 lcprani
1807 2389 1868 2416 pec-

1081 2431 1141 2454 cato
1153 2427 1270 2459 conlcrl,
1286 2435 1400 2462 eamque
1418 2435 1469 2454 non
1492 2433 1622 2462 perpetuo
1641 2435 1802 2454 mansuram
1819 2428 1868 2459 ait,

1080 2473 1127 2500 sed
1142 2474 1276 2508 completa
1292 2474 1442 2508 septimana
1459 2475 1491 2501 ad
1510 2479 1600 2502 castra
1618 2474 1744 2509 leprosos
1756 2482 1869 2502 revoca-

1083 2524 1139 2547 tum
1154 2520 1198 2552 iri,
1213 2520 1239 2546 in
1259 2520 1311 2547 line
1327 2528 1424 2554 nempe
1439 2521 1542 2552 mundi,
1560 2528 1622 2548 cum
1639 2521 1780 2554 plenitudo
1799 2529 1866 2554 gen-

1082 2566 1150 2592 tium
1165 2565 1311 2598 introierit,
1327 2570 1354 2592 et
1370 2566 1459 2593 omnis
1477 2566 1559 2593 Israel
1581 2566 1672 2594 salvus
1691 2567 1755 2599 erit,
1770 2567 1868 2601 lietque

1081 2618 1150 2638 unus
1165 2618 1243 2646 grex,
1259 2616 1286 2638 et
1299 2619 1369 2638 unus
1381 2616 1483 2646 pastor,
1497 2616 1525 2638 et
1540 2611 1623 2638 Deum
1640 2612 1677 2638 ita
1690 2619 1789 2639 omnes
1803 2619 1867 2638 ccu-

1080 2657 1193 2684 clusisse
1206 2657 1257 2685 sub
1270 2663 1392 2692 peccato,
1411 2663 1440 2685 ut
1454 2658 1574 2685 omnium
1587 2658 1697 2685 demum
1715 2659 1742 2685 in
1758 2658 1866 2686 Christo

1079 2704 1264 2732 misereretur.
1278 2705 1390 2732 lllustris
1400 2710 1428 2732 et
1445 2705 1488 2732 ille
1503 2705 1578 2732 locus
1592 2712 1607 2731 e
1617 2705 1724 2732 Catena
1737 2705 1819 2740 Regia
1838 2704 1864 2730 in

1081 2751 1178 2778 Ezech.
1205 2760 1232 2784 v,
1261 2752 1304 2784 l3,
1326 2760 1386 2787 pag.
1411 2752 1464 2779 415
1480 2761 1486 2778 :
1503 2752 1556 2778 Καὶ
1585 2751 1828 2787 συντελεσθήσεται
1847 2750 1864 2782 λό

1079 2797 1161 2832 θυμπ
1183 2807 1232 2832 μου
1245 2807 1252 2814 ·
1273 2799 1350 2824 τοῦτο
1371 2798 1444 2833 δηλοῖ
1463 2799 1503 2824 ὅτι
1517 2798 1604 2832 πέρας
1621 2797 1676 2829 ἕξει
1690 2798 1704 2824 ὁ
1721 2797 1806 2832 θυμὸς
1820 2796 1862 2822 τοῦ

1077 2843 1154 2877 Θεοῦ,
1172 2843 1239 2878 ὁμθῦ
1263 2844 1309 2879 τῆς
1336 2842 1486 2875 συντελείας
1506 2843 1552 2870 τοῦ
1572 2842 1693 2877 κόσμου·
1719 2848 1747 2871 ct
1768 2842 1811 2870 llic
1833 2847 1860 2869 εἰ
