1912 3079
0 147 98 179 1095
423 149 706 178 ORIGENHNORUM
726 149 788 176 LIB.
807 148 839 181 ll,
860 148 937 175 CAP.
956 148 987 180 ll,
1013 149 1151 182 QUAEST.
1172 149 1220 178 XI.
1572 151 1641 180 1026

0 208 125 236 nomil.
144 209 162 235 4
184 207 211 235 ἰιι
223 207 346 235 eumdem
365 207 537 242 prophetam,
564 215 636 234 num.
653 207 669 234 8
685 210 699 234 :'
714 217 722 232 I
740 206 812 233 Talis
828 207 848 235 A
864 205 1023 240 perfectum,
1041 206 1068 232 in
1086 213 1242 233 mensuram
1260 207 1348 234 zetatis
1370 207 1545 242 plenitudinis
1561 208 1643 236 Citri-

0 255 190 289 estjustus:
209 253 280 281 vidit
299 254 427 280 mundum
452 258 515 281 ante
533 253 673 285 diluvium.
693 253 744 280 hoc
770 257 812 280 eat
861 250 913 281 sti;
927 259 937 275 ι
954 257 1005 276 nec
1024 250 1161 277 dzemones
1174 250 1282 285 quidem
1306 252 1378 285 ipsos
1399 252 1579 279 restitutionis
1595 253 1644 279 ltu-

0 303 93 325 ante
110 298 374 325 consummationem
394 307 401 325 :
433 298 500 325 vidit
517 298 644 326 mundum
659 299 685 324 in
701 298 810 330 diluvio,
859 295 904 330 jus
918 295 1052 322 beneficio
1085 295 1222 322 carituros
1243 303 1303 323 esse
1317 301 1401 331 putat.
1418 296 1519 329 Quaerit
1538 297 1571 323 ad
1587 298 1643 324 hanc

0 343 45 369 in
72 343 252 376 corruptione
276 347 302 370 et
325 343 353 370 in
381 343 492 370 interitu
508 347 694 378 peccatorum,
711 349 770 376 qua:
785 343 811 369 in
863 345 928 368 tom.
964 348 982 368 ι
1006 341 1032 367 in
1049 340 1157 374 Mattlt.,
1177 348 1251 368 num.
1276 342 1303 374 5,
1334 349 1394 376 pag.
1421 342 1483 374 445,
1509 343 1644 376 quomodo

0 387 69 414 die
86 391 154 414 sunt
171 390 301 414 eventura
318 386 429 421 iudicii:
447 394 553 413 rursum
568 385 670 413 videbit
685 385 811 412 mundum
862 385 969 412 diversa
993 385 1044 412 erit
1073 385 1099 412 in
1130 386 1328 413 resurrectione
1354 386 1493 413 hominum
1520 386 1643 420 claritas,

0 431 42 456 in
84 431 289 458 resurrectione
317 431 436 458 omnium
462 436 658 466 peccatorum;
678 440 688 456 t
716 434 744 457 et
769 430 813 456 ille
859 430 937 465 juxta
962 431 1131 466 Apostolum,
1149 430 1158 457 Ι
1173 431 1236 458 Cor.
1259 439 1303 463 xv,
1316 431 1362 464 41,
1383 439 1443 459 cum
1459 432 1557 459 dixerit
1579 432 1643 459 Ser-

0 484 139 511 quoque
156 483 189 503 ex
204 477 296 504 homil.
313 477 356 509 10,
383 482 513 511 sequente
541 484 615 504 num.
636 476 677 503 ὅς
703 485 713 502 ι
729 475 813 503 Aiunt
861 481 960 504 valor:
979 477 1070 504 «Justi
1095 477 1235 512 fulgebunt
1261 478 1333 505 sicut
1356 477 1408 509 sol,
1433 487 1442 504 ι
1470 477 1564 505 Matth.
1580 487 1640 512 xm,

0 522 135 550 Hebraei
151 522 296 550 Sodomam
311 523 338 550 in
351 523 473 551 eumdem
492 527 592 551 statum
605 521 811 552 restituendam,

0 568 41 595 in
66 576 125 603 quo
140 574 167 595 et
181 573 258 595 antea
283 569 414 601 constitit,
433 574 462 596 ut
482 577 588 597 rursum
617 568 746 604 paradiso
765 567 811 594 Dei

0 619 40 640 et.
68 619 155 642 terra:
167 614 275 650 Egypti
290 620 472 649 comparetur.
490 615 522 642 Si
541 615 593 642 huc
613 621 643 642 se
666 614 706 641 sic
720 614 811 645 habet,

2 665 43 688 et.
62 660 126 688 sive
145 661 263 688 futurum
279 665 332 692 est,
349 661 408 688 sive
421 668 474 688 non
492 670 500 694 ;
521 663 678 695 quaerentur
688 659 759 686 enim
773 658 811 686 is-

2 706 161 733 tiusmodi
178 713 222 733 res
237 706 306 740 apud
326 713 375 733 eos
389 706 434 740 qui
447 705 596 733 doctissimi
611 709 691 732 sunt:
716 708 745 731 ut
762 711 812 730 au-

0 755 78 777 tem
96 750 147 777 ﬁat
162 751 234 785 quod
247 751 357 783 dicitur,
371 751 577 785 complebuntur
592 751 657 778 mihi
677 757 810 777 annorum

3 795 77 822 :ria
103 796 203 829 millia,
230 800 257 824 et
282 800 346 823 tunc
369 796 527 823 restituetur
550 794 704 822 excruciata
724 793 811 822 tribus

2 841 150 869 millibus
175 849 307 870 annorum
334 842 461 873 Sodoma,
487 842 514 868 id
545 846 586 869 est
612 842 703 868 anima
727 848 809 868 mea:

862 523 917 555 ὥς
934 527 990 550 tum
1004 523 1149 558 respondet
1170 523 1196 550 in
1218 523 1277 557 ipso
1298 522 1473 550 beatitudinis
1493 524 1581 556 initio,
1601 524 1643 551 fu-

863 574 953 596 turum
974 573 1003 596 ut
1025 569 1130 596 diversa
1155 569 1191 596 sit
1217 569 1356 596 hominum
1379 569 1499 602 claritas,
1524 571 1642 597 nondum

862 614 988 642 omnibus
1000 615 1175 649 expurgatis;
1193 618 1222 641 at
1236 619 1379 650 postquam
1403 616 1517 644 collecta
1543 616 1644 643 fuerint

862 667 877 686 e
889 667 972 694 regno
982 658 1083 687 Christi
1103 659 1243 692 scandala,
1257 664 1284 687 et
1299 660 1362 695 igne
1376 661 1525 694 absumptae
1547 660 1644 695 nequi-

863 705 917 737 tizn,
934 710 997 733 tunc
1012 713 1107 733 omnes
1122 714 1205 733 unum
1220 706 1311 734 solare
1330 706 1421 733 lumen
1448 705 1565 734 futuros.
1584 705 1643 732 Non

861 751 929 779 satis
943 759 1010 779 vero
1024 752 1162 779 coltmrere
1175 752 1283 779 videtur
1297 751 1368 786 quod
1390 752 1531 786 sequitur;
1547 751 1645 779 scribit

861 797 933 824 enim
959 798 1017 825 fore
1038 802 1068 824 ut
1084 797 1150 831 justi
1177 802 1240 825 tunc
1254 797 1431 825 inferioribus
1451 797 1580 832 fulgeant,
1597 797 1644 832 qui

861 841 930 869 lucis
952 849 1045 869 eorum
1077 843 1224 877 participes
1252 842 1328 875 ﬁent,
1355 843 1580 877 quemadmodum
1604 843 1643 870 sol

6 887 160 919 Sodoma.
177 888 244 915 meis
262 894 341 922 pcena
361 886 490 921 peccatis.
512 887 620 914 Grande
637 887 808 916 intervallum
825 873 848 902 Β
862 891 942 914 teme
957 886 1043 915 lucem
1057 895 1134 915 suam
1150 888 1262 923 praebet.
1285 887 1351 915 Nam
1367 888 1389 915 si
1406 888 1440 915 ita
1458 888 1578 916 omnium
1593 896 1644 916 ex-

5 932 161 967 temporis
188 933 261 960 inter
288 933 485 960 restitutionem
507 936 535 959 et
563 932 669 960 ruinam
691 933 807 968 positum

6 982 76 1004 est.
98 987 108 1004 ι
138 978 242 1005 Animae
256 978 426 1013 postmodum
451 978 538 1006 noxia!
565 978 677 1013 ﬁgurant
696 987 756 1007 esse
771 980 809 1007 ait

8 1023 190 1057 Samariam,
217 1031 277 1059 qua:
296 1031 356 1051 ‘non
384 1023 452 1051 alias
475 1024 641 1052 restituenda
663 1025 707 1057 sit,
727 1033 808 1060 quam

8 1075 85 1095 eam
107 1068 203 1095 decem
231 1068 316 1096 tribus
337 1069 439 1096 fuerint
463 1075 590 1101 reverste,
607 1074 662 1097 tum
674 1070 732 1098 ait:
756 1079 765 1096 ι
779 1070 808 1097 Si

8 1119 117 1142 autem
135 1119 212 1142 tanto
226 1118 288 1149 post
308 1119 427 1149 tempore
439 1115 596 1143 restituetur
611 1115 636 1142 id
650 1115 722 1150 quod
736 1123 808 1150 prte-

9 1160 109 1189 cessit
136 1160 162 1187 in
183 1162 302 1195 signum,
317 1161 425 1195 quando
449 1166 476 1188 tu
500 1161 662 1195 restitueris,
680 1162 702 1189 si
717 1166 807 1189 tamen

10 1206 189 1238 restitueris,
209 1205 384 1233 Samaritana
397 1210 424 1233 et
440 1206 567 1234 haeretica
583 1207 684 1234 anima.
705 1215 756 1242 qua
773 1208 809 1234 si-

13 1252 156 1279 mulacris
170 1255 197 1278 et
212 1251 288 1279 feriis
300 1259 354 1279 non
371 1252 456 1284 veris,
473 1260 506 1280 ac
524 1252 658 1287 figmentis
678 1253 711 1280 de
730 1252 807 1280 Jero-

12 1297 105 1324 boatu
120 1296 203 1324 corde
213 1296 383 1324 venientibus
395 1296 533 1324 credidisti
543 1296 555 1323 ?
565 1306 576 1323 I
591 1296 727 1331 Ejusmodi
741 1304 808 1326 non-

15 1341 99 1368 nulla
128 1341 155 1368 in
178 1341 354 1376 sequentibus
375 1341 469 1369 videre
488 1345 541 1373 est,
567 1342 667 1376 quibus
684 1343 806 1370 doctrina

861 937 972 967 purgata
989 937 1053 960 tunc
1068 938 1147 961 erunt
1161 939 1281 968 peccata,
1299 938 1330 961 ut
1350 933 1423 961 nullo
1439 934 1572 961 claritatis
1588 935 1644 962 dis-

861 979 976 1006 crimine
992 979 1126 1014 fulgeant,
1146 980 1259 1015 quinam
1275 980 1417 1008 inferiores
1431 985 1519 1014 erunt,
1533 981 1643 1016 quinam

862 1023 1039 1061 superiores?
1051 1023 1151 1058 Nempe
1167 1024 1284 1051 neminis
1307 1024 1465 1051 beatitatem
1481 1031 1510 1051 ut
1522 1024 1576 1058 jam
1597 1031 1644 1052 su-

861 1075 909 1102 pra
926 1068 1017 1095 monui
1033 1075 1118 1102 usque
1132 1069 1200 1096 adeo
1215 1068 1352 1103 propriam
1366 1075 1427 1096 esse
1440 1072 1526 1104 putat,
1546 1073 1642 1097 utnon

861 1113 938 1140 novis
950 1113 1056 1141 delictis
1069 1114 1103 1141 ad
1117 1114 1246 1140 inferiora
1259 1121 1367 1149 semper
1380 1114 1467 1141 delabi
1480 1114 1586 1149 possit:
1608 1115 1642 1142 ad

861 1159 914 1186 ima
928 1155 1010 1195 igitur
1027 1160 1262 1187 retrocedentibus
1288 1167 1396 1194 semper
1420 1160 1567 1195 aliquibul,
1595 1161 1642 1195 qui

861 1204 948 1231 locum
965 1212 1041 1232 suum
1059 1205 1204 1237 tenuerint,
1219 1205 1309 1232 lumen
1331 1205 1365 1232 iis
1388 1212 1466 1232 suum
1483 1206 1641 1241 impertien-

861 1254 914 1276 tttr.
935 1248 1060 1284 Ejusdem
1084 1254 1112 1276 et
1135 1249 1205 1276 istud
1230 1253 1274 1276 est
1297 1248 1391 1276 farinae
1423 1256 1439 1276 e
1463 1253 1529 1277 tom.
1555 1257 1589 1276 xv
1613 1249 1642 1276 in

860 1294 968 1326 ιιαιιιι..
985 1301 1058 1322 num.
1071 1294 1118 1327 27,
1130 1302 1190 1330 pag.
1205 1294 1256 1322 693
1274 1303 1280 1321 :
1301 1294 1382 1321 Ἀλλὰ
1397 1294 1467 1322 κατὰ
1490 1294 1538 1330 μὲν
1556 1294 1642 1321 ταῦτα

859 1340 982 1376 πρώτους
991 1339 1197 1376 ἀποδεδώκαμεν
1213 1340 1275 1371 τοὺς
1288 1339 1502 1375 σωθησομένους,
1512 1339 1642 1375 ἐσχάτους

12 1386 120 1413 eadem
140 1386 300 1413 inculcatur.
311 1385 364 1414 Sed
377 1386 404 1413 in
417 1385 573 1414 Adamantii
589 1391 677 1415 tamen
692 1389 804 1422 gratiam

860 1386 888 1413 δὲ
909 1387 971 1418 τοὺς
987 1386 1024 1422 μὴ
1038 1386 1129 1419 ἀξίους
1154 1386 1203 1422 τῆς
1221 1386 1349 1422 τοιαύτης
1371 1386 1425 1413 τῶν
1446 1387 1642 1423 σωθησομένων

16 1437 137 1460 notetur
152 1432 234 1465 istud,
252 1441 262 1458 ι
279 1432 308 1460 Si
321 1438 408 1459 tamen
424 1432 585 1464 restitueris,
599 1442 608 1459 ι
623 1441 677 1468 quo
688 1434 804 1461 incertus

860 1431 970 1464 τάξεως,
992 1431 1059 1459 ἀλλὰ
1081 1431 1227 1464 κολάσεως,
1248 1431 1294 1458 καὶ
1320 1430 1367 1458 τοῦ
1393 1431 1640 1467 ἐγκαταληφθῆναι,

14 1478 86 1513 ejus
100 1482 130 1505 et
142 1477 275 1505 ﬂuctuans
288 1478 396 1506 animus
410 1479 549 1514 proditur:
567 1480 590 1508 si
607 1480 686 1508 modo
712 1479 804 1515 Orige-

860 1478 917 1512 ἦτοι
954 1478 1007 1510 ἕως
1037 1478 1068 1504 τὸ
1268 1478 1323 1504 τῶν
1360 1478 1444 1505 ἐθνῶν
1473 1479 1599 1514 εἰσέλθῃ,
1622 1479 1640 1514 ἢ

16 1525 139 1551 nianum
155 1524 241 1559 reipsa
258 1524 309 1552 hoc
329 1529 380 1558 est,
401 1532 452 1552 non
469 1525 652 1554 Rufinianutn.
674 1525 804 1554 Illustrius

860 1522 911 1555 ἕως
945 1522 1142 1559 ὲκπληρώσωσι
1172 1523 1206 1550 τὰ
1233 1523 1297 1559 περὶ
1326 1522 1379 1550 τῶν
1420 1524 1492 1551 ἰδίων
1513 1525 1641 1560 ἁμαρτη-

15 1570 108 1597 etiam
126 1570 196 1597 istud
210 1575 238 1597 et
253 1570 315 1598 libri
334 1578 343 1597 ι
363 1571 432 1605 Περὶ
444 1570 557 1606 ἀρχῶν,
572 1579 630 1606 cap.
647 1572 674 1605 6,
693 1580 767 1599 num.
779 1573 804 1606 1,

860 1568 951 1603 μάτων
963 1576 970 1583 ·
995 1573 1021 1595 et
1038 1569 1108 1596 istud
1124 1575 1139 1596 e
1152 1573 1260 1597 tractat.
1277 1576 1365 1597 xxxm
1386 1570 1413 1596 in
1439 1570 1546 1603 Matth..
1566 1578 1640 1601 num.

14 1617 46 1649 2,
61 1616 92 1643 in
117 1623 172 1650 quo
187 1616 281 1650 probat
294 1616 346 1644 hoc
362 1616 508 1651 Scriptura
527 1617 699 1646 testimonio:
714 1618 808 1645 (Dixit
857 1613 908 1642 69:
928 1622 938 1640 ‹
954 1615 1008 1642 Iste
1022 1619 1111 1642 autem
1127 1615 1173 1650 qui
1189 1622 1272 1642 unum
1293 1619 1438 1650 acceperat
1453 1616 1596 1648 talentum.
1614 1621 1642 1644 et

20 1661 158 1689 Dominus
171 1661 282 1689 Domino
294 1669 353 1689 meo
368 1670 375 1689 :
392 1661 462 1689 Sede
477 1669 491 1689 a
505 1663 607 1690 dextris
621 1663 705 1691 meis:
720 1663 808 1691 Donec
858 1659 1035 1687 absconderat
1049 1660 1135 1694 ipsum
1153 1661 1179 1687 in
1206 1665 1286 1693 terra,
1304 1669 1361 1689 non
1383 1661 1473 1689 solum
1488 1662 1564 1696 quasi
1583 1669 1643 1689 ma-

18 1715 126 1742 ponam
147 1708 268 1735 inimicos
284 1712 342 1735 tuos
359 1708 508 1735 scabellum
525 1709 622 1744 pedum
637 1713 743 1736 tuorum
754 1709 804 1742 “,t

19 1759 48 1779 ct
63 1753 116 1780 illo
132 1753 140 1780 Ι
159 1753 222 1781 Cor.
237 1762 282 1786 xv,
308 1753 354 1787 24,
367 1754 423 1782 25:
446 1763 456 1780 ι
472 1753 574 1782 Deinde
588 1755 660 1788 linis,
677 1762 738 1782 eum
754 1760 807 1782 Ira-

20 1799 128 1826 diderit
145 1807 254 1834 regnum
266 1799 322 1827 Deo
332 1805 359 1827 et
371 1799 460 1827 Patri:
476 1807 537 1828 cum
558 1800 732 1827 evacuaverit
747 1808 807 1827 om-

21 1851 85 1871 nem
123 1844 316 1879 priucipatum,
345 1850 372 1872 et
398 1849 577 1880 potestatem,
606 1850 633 1874 ct
668 1846 805 1873 virtutem.

857 1705 899 1733 lus
914 1709 940 1733 et
959 1705 1035 1741 piger
1049 1706 1182 1740 arguitur.
1197 1707 1243 1733 sed
1258 1707 1336 1740 quasi
1360 1706 1466 1734 inutilis
1482 1707 1598 1733 mittitur
1614 1707 1641 1733 in

859 1751 985 1778 tenebras
1006 1751 1170 1783 exteriores.
1187 1751 1232 1778 ubi
1252 1751 1325 1778 nulla
1341 1751 1505 1779 illuminatio
1520 1755 1572 1783 est,
1588 1751 1642 1778 for-

857 1796 927 1823 sitan
942 1803 992 1824 nec
1017 1796 1179 1830 corporalis,
1199 1804 1250 1824 nec
1274 1801 1316 1824 est
1338 1797 1474 1831 respectio
1498 1796 1545 1824 Dei
1567 1797 1644 1829 illic;

856 1842 903 1870 sed
916 1843 992 1877 quasi
1012 1843 1115 1878 indigni
1130 1842 1315 1878 speculatione
1339 1843 1385 1870 Dei
1405 1843 1451 1877 qui
1468 1842 1530 1869 talia
1545 1849 1642 1877 peccat

21 1889 141 1924 Oportet
168 1895 257 1917 autem
275 1890 350 1918 illum
369 1899 494 1926 regnare,
515 1893 600 1920 donec
618 1896 700 1927 ponat
713 1899 807 1920 omnes
856 1893 963 1921 verunt,
979 1889 1192 1915 condemnamur
1208 1888 1234 1915 in
1253 1889 1295 1916 bis
1306 1896 1366 1924 quae
1383 1889 1542 1921 exteriores
1561 1893 1641 1916 tene-

23 1934 155 1962 iniuticos
177 1936 226 1962 sub
252 1936 365 1970 pedibus
379 1937 448 1972 ejus,
464 1947 474 1963 ι
489 1945 550 1964 cum
567 1937 761 1972 sequentibus;
779 1943 808 1966 et
857 1934 912 1961 brae
934 1934 1123 1969 appellantur;
1146 1934 1260 1961 forsitan
1284 1934 1372 1962 donec
1395 1935 1593 1968 intellexerint,
1612 1939 1648 1963 ut

22 1981 75 2008 isto
108 1981 205 2015 psalm.
233 1989 289 2014 ut,
309 1982 327 2009 2
350 1991 356 2009 :
380 1991 389 2008 ι
415 1982 509 2010 Nonne
533 1982 586 2011 Deo
613 1983 734 2016 subjecta
755 1983 807 2011 erit
856 1985 1057 2013 convertantur,
1070 1984 1097 2008 et
1110 1980 1184 2015 digni
1200 1979 1350 2008 eﬂiciantur
1375 1982 1454 2010 exire
1470 1981 1564 2014 abiis,
1587 1981 1645 2008 for-

23 2027 119 2054 anima
134 2027 215 2054 mea?
229 2028 261 2054 ab
277 2027 335 2062 ipso
350 2029 420 2056 enim
442 2029 563 2056 salutare
589 2036 699 2061 meum;
719 2038 730 2055 ι
753 2029 804 2062 bis,
856 2026 925 2054 sitan
946 2031 974 2053 et
993 2031 1103 2061 propter
1123 2026 1204 2053 aliant
1224 2034 1334 2053 causam
1348 2034 1435 2061 quam
1462 2033 1513 2054 nos
1533 2026 1646 2061 ignora-

22 2073 150 2107 luquam,
170 2073 319 2108 Scriptura:
334 2074 496 2103 testimoniis
514 2075 633 2102 t'uturum
647 2075 754 2110 probat,
778 2080 807 2103 ιιι
856 2078 930 2102 η)υεὶ
947 2079 958 2097 ³
974 2075 1000 2097 el
1015 2070 1065 2097 hoc
1081 2077 1186 2104 (ιυοειιιθ
1202 2071 1275 2105 (ιιιοά
1295 2071 1430 2098 scribillll'
1445 2071 1492 2098 Ῐίδι
1515 2078 1564 2098 Vl"
1583 2074 1646 2098 ιδπ-

24 2119 147 2146 subactis
161 2118 260 2146 Christi
277 2119 392 2147 inimicis
406 2120 432 2147 in
445 2128 527 2147 unum
538 2121 617 2148 linem
628 2128 676 2154 per
691 2120 804 2153 Filium,
855 2120 896 2143 tm
913 2115 1078 2149 Cels.,nuin.
1092 2117 1137 2148 72.
1149 2117 1199 2144 sub
1214 2117 1321 2144 easdem
1336 2117 1414 2153 leges
1430 2117 1642 2145 concludendum

24 2164 134 2191 bonitas
149 2163 197 2191 Dei
211 2169 362 2192 creaturam
389 2169 497 2192 revocet
520 2165 696 2193 universam:
715 2165 804 2200 subje-
855 2161 1001 2196 aliquando
1027 2161 1156 2197 quidquid
1182 2166 1226 2190 cst
1252 2162 1366 2191 rationis
1397 2163 1550 2198 particeps,
1582 2169 1643 2189 cum

26 2211 141 2238 ctionem
167 2214 255 2238 autem
265 2211 338 2238 illam
357 2211 472 2246 idipsum
487 2218 547 2239 esse
560 2211 688 2246 vult,quo
697 2211 805 2238 ChriSto
820 2219 843 2248 ι)
856 2208 940 2236 verbo
952 2208 998 2235 Dei
1014 2208 1040 2234 in
1056 2207 1204 2242 perfectum
1219 2211 1320 2234 statum
1335 2208 1514 2236 restituetur.
1526 2207 1553 2234 In
1568 2206 1646 2240 cujus

25 2258 241 2285 adltrrescentes
255 2257 385 2286 efﬁcimur
397 2258 491 2290 sancti,
506 2263 533 2285 ct
545 2258 657 2285 salutem
678 2258 805 2292 adipisci-

27 2311 103 2332 mur:
121 2303 203 2331 talem
225 2308 316 2331 autem
333 2303 451 2331 futurum
482 2304 573 2336 linem,
590 2303 680 2338 qualia
697 2304 804 2330 fuerunt

27 2349 112 2380 initia,
134 2357 196 2376 cum
222 2357 316 2377 omnes
335 2349 382 2377 Dei
405 2350 516 2377 nutibus
544 2349 761 2384 obtemperantes
777 2350 803 2376 in

28 2402 108 2422 unum
125 2395 328 2430 conspirabant.
354 2395 382 2422 In
400 2395 575 2430 sequentibus
593 2395 688 2422 deinde
712 2395 803 2422 omnia

28 2441 52 2467 in
69 2449 153 2468 unum
170 2441 320 2476 reparanda
343 2448 404 2469 esse
428 2441 596 2468 demonstrat
610 2447 644 2467 ex
660 2440 712 2467 hoc
727 2440 803 2467 Citri-

29 2489 59 2514 sti
74 2488 119 2516 διε
146 2497 155 2514 ι
175 2487 211 2515 Ut
235 2495 329 2515 omnes
355 2495 439 2515 unum
463 2488 528 2520 sint,
549 2487 619 2515 sicut
640 2492 666 2515 tu
680 2487 761 2514 Pater
777 2487 802 2514 iu

29 2540 69 2560 me
81 2538 108 2560 et
121 2540 172 2568 ego
186 2533 212 2560 in
227 2539 263 2566 te,
281 2538 310 2560 ut
328 2538 356 2561 et
377 2533 427 2567 ipsi
447 2533 474 2560 in
491 2533 573 2561 nobis
593 2540 674 2560 unum
689 2533 754 2560 sint.
772 2532 804 2559 Et

31 2586 77 2612 ego
101 2579 255 2607 claritatem
278 2587 358 2614 quam
383 2579 480 2607 dedisti
509 2579 587 2611 mihi,
615 2578 676 2606 dedi
695 2579 745 2612 eis,
775 2583 805 2605 ut

31 2625 80 2652 sint
94 2632 188 2657 unum,
212 2625 282 2652 sicut
293 2630 319 2652 et
331 2632 380 2652 nos
393 2632 477 2651 unum
492 2631 586 2652 sumus
609 2631 617 2650 :
637 2623 693 2659 Ego
711 2623 736 2650 in
752 2623 804 2655 eis,

31 2674 54 2695 et
68 2675 94 2696 tu
111 2670 139 2697 in
154 2677 208 2701 mc,
226 2674 256 2697 ut
270 2669 324 2697 sint
336 2669 514 2696 consummati
533 2670 559 2696 in
573 2676 674 2701 unum;
687 2677 697 2695 ι
719 2674 745 2695 et
758 2667 807 2695 illo

33 2713 101 2741 Pauli
115 2716 214 2749 Epltes.
236 2723 272 2748 tv,
286 2715 332 2743 l3:
350 2724 359 2741 ι
374 2715 462 2743 Donec
473 2723 646 2743 occurramus
663 2721 759 2742 omnes
775 2715 802 2741 in

32 2761 158 2789 unitatem
183 2761 257 2795 ﬁdei,
276 2766 303 2789 et
331 2761 475 2796 agnitionis
499 2761 559 2789 Filii
580 2761 636 2794 Dei,
661 2761 688 2788 in
713 2760 800 2788 virum

65 2864 85 2880 δ’
101 2864 237 2897 Psal.ctx,
248 2863 272 2891 ι.
311 2864 333 2880 ⁸¹
348 2864 425 2892 Joan.
440 2871 506 2897 xvii,
519 2863 613 2891 21-23.

856 2258 1044 2288 argumentum
1071 2253 1149 2280 affert
1175 2253 1239 2280 illud
1255 2254 1406 2288 Sophonite
1428 2261 1475 2286 in,
1489 2254 1526 2281 9:
1544 2262 1554 2279 ι
1570 2253 1645 2279 Tunc

856 2299 967 2326 reddam
982 2298 1087 2334 populis
1101 2299 1200 2326 labium
1219 2299 1354 2335 electum,
1368 2305 1398 2327 ut
1410 2300 1536 2327 invocent
1551 2305 1650 2325 omnes

857 2344 884 2371 in
902 2345 1010 2372 nomine
1027 2345 1144 2378 Domini,
1156 2349 1185 2372 et
1200 2345 1321 2372 serviant
1343 2346 1368 2374 ei
1380 2346 1495 2373 humero
1507 2352 1570 2371 uno.
1586 2354 1599 2370 ιτ

892 2396 974 2423 XVII.
995 2396 1167 2432 Perspicuum
1185 2397 1248 2424 hinc
1271 2401 1315 2425 est
1339 2405 1393 2426 non
1418 2397 1484 2425 alias
1506 2396 1648 2424 admisisse

857 2449 950 2477 poenas
965 2441 1119 2478 Origenem,
1134 2450 1215 2477 quam
1231 2443 1315 2477 piacu'
1323 2444 1393 2471 lares
1409 2448 1437 2471 et
1450 2443 1643 2476 temporarias;

856 2487 1006 2522 cujusmodi
1019 2493 1081 2515 sunt
1096 2488 1259 2523 purgatoriae
1277 2487 1349 2522 il'iaz,
1363 2496 1430 2524 quas
1451 2488 1570 2515 Ecclesia
1596 2495 1647 2514 ca-

858 2532 957 2559 tholica
972 2534 1103 2567 agnoscit.
1128 2533 1182 2560 Sed
1197 2538 1224 2561 et
1238 2535 1419 2562 mavail'cstius
1433 2533 1497 2560 illud
1516 2538 1558 2560 est
1570 2539 1602 2558 ex
1615 2540 1649 2559 eo

857 2576 926 2611 quod
940 2576 1055 2603 habetur
1069 2577 1160 2604 ltomil.
1177 2578 1193 2605 8
1210 2578 1238 2604 in
1256 2576 1277 2605 ι,
1291 2579 1361 2612 eain,
1371 2577 1415 2604 ubi
1427 2583 1510 2611 agens
1522 2575 1555 2602 de
1564 2582 1648 2609 puer—

856 2629 933 2657 pera,
953 2621 1029 2656 juxta
1043 2623 1143 2650 veteris
1171 2623 1238 2658 legis
1251 2630 1267 2659 p
1284 2624 1470 2658 rescriptum,
1481 2628 1528 2656 per
1544 2623 1649 2655 septem

856 2668 1075 2700 diesimmunda,
1093 2669 1115 2696 si
1138 2669 1257 2698 masculo
1278 2681 1302 2699 ιιι
1320 2669 1489 2706 peperisset;
1514 2674 1562 2702 per
1581 2673 1650 2701 ψη-

857 2713 1016 2744 tuordeciin,
1026 2713 1048 2740 si
1062 2714 1198 2747 feminam,
1211 2723 1247 2744 se'
1258 2718 1405 2753 ptimanam
1424 2716 1494 2742 bant:
1507 2711 1652 2748 praesentis

857 2760 916 2787 vita:
945 2765 1049 2796 tempus
1077 2768 1137 2788 esse
1167 2761 1260 2797 dicit,
1288 2772 1336 2799 per
1359 2762 1431 2799 quod
1459 2766 1655 2796 usquequaque
