1912 3079
270 127 339 156 1027

917 121 947 150 Ρ.
971 121 1128 150 DANIEIJS
1147 122 1261 150 IIUETII

1815 122 1874 149 1023

268 185 361 214 mundi
381 191 442 213 esse
470 191 523 211 non
548 189 700 217 possumus,
729 180 780 208 nisi
806 184 918 208 octavus
938 180 1048 207 Venerit
1064 182 1085 211 Α
1100 179 1198 206 liarum
1212 179 1289 212 Sion,
1305 186 1327 208 et
1345 180 1496 216 sanguinem
1518 179 1671 215 expurgnbit
1686 187 1701 206 ε
1714 179 1800 206 medio
1812 180 1876 215 ipso-

268 232 327 259 dies
344 251 352 263 ,
380 229 462 257 futuri
494 235 590 262 nempe
624 227 714 254 saeculi
741 231 847 261 tempus
876 236 883 253 :
913 235 922 250 ι
941 225 968 253 [ιι
995 232 1048 260 quo

269 283 358 304 tamen
373 275 427 307 die,
444 283 454 300 ι
485 274 583 308 inquit,
607 280 680 300 num.
704 272 730 303 4,
750 281 759 297 ι
774 272 796 300 si
810 271 945 299 masculus
964 276 1007 298 est
1020 275 1048 298 et

267 321 384 348 viriliter
406 319 503 354 egerit,
529 319 621 346 statim
646 318 673 345 in
691 318 750 352 ipso
765 318 881 344 adventu
897 317 981 344 futuri
996 324 1047 344 sa:-

269 367 324 394 cttli
356 370 498 401 purgatur,
523 370 551 392 et
574 365 667 392 statim
695 363 794 391 munda
815 362 929 391 efﬁcitur
949 368 1047 397 mater,

268 419 328 446 quae
340 411 435 447 genuit
449 419 510 439 eum
526 419 533 438 :
551 416 691 446 purgatam
711 417 828 445 namque
847 410 920 437 vitiis
936 417 1047 437 carnem

267 465 301 485 ex
328 457 527 485 resurrectione
548 457 670 492 recipiet.
691 456 719 484 Si
746 463 810 484 vero
828 456 895 483 nihil
922 455 1049 483 habuerit

268 504 346 532 virile
369 504 514 531 adversum
541 507 693 538 peccatum,
710 502 756 529 sed
777 502 907 529 remissus
932 507 958 529 ct
982 501 1048 528 οπο-

268 550 388 577 ntinatus
408 550 458 577 fuit
477 551 503 577 in
521 549 627 576 actibus
646 548 714 581 suis,
736 548 813 582 cujus
833 553 973 583 peccatum
996 547 1049 575 tale

268 600 321 628 est,
336 595 408 629 quod
425 602 476 622 non
494 594 658 626 remittatur,
680 600 767 627 neque
796 593 822 620 in
847 593 974 627 praesenti
998 600 1048 620 sae-

269 640 341 672 culo,
370 647 457 674 neque
485 640 511 666 in
537 638 646 671 futuro,
666 638 717 665 iste
743 638 841 665 transit
865 642 893 665 et
920 645 1000 665 unam
1023 642 1050 665 et

269 686 348 712 aliam
378 685 556 720 septimanam
581 684 607 710 in
636 683 808 711 immunditia
834 691 895 716 sua,
918 689 947 710 et
970 683 1048 710 tertia

272 731 379 759 demum
412 730 556 765 incipiente
587 730 687 757 oboriri
717 729 880 764 septimana,
920 733 1050 765 purgatur

269 778 304 803 ab
330 776 521 809 immunditia,
551 783 632 810 quam
664 775 793 803 feminam
832 775 961 810 pariendo
986 783 1048 802 con-

270 822 364 850 traxit.
384 830 394 847 t
420 821 544 856 Ejusdem
561 821 670 855 generis
683 826 725 848 est
747 820 817 847 istud
843 828 876 847 ex
898 819 993 847 homil.
1016 819 1049 846 14

1099 231 1158 250 rum
1170 223 1265 258 spiritu
1275 220 1371 258 judicii
1386 229 1411 251 et
1426 224 1521 259 spiritu
1532 224 1643 251 nationis
1656 223 1690 250 ⁸³.
1704 222 1742 250 De
1753 223 1876 253 Chaldzis

1099 274 1189 296 autem
1211 270 1252 297 sic
1267 270 1333 298 dicit
1348 279 1356 298 :
1373 270 1461 298 Habes
1481 271 1605 297 carbone:
1620 270 1701 305 ignis,
1723 271 1785 297 sede
1809 279 1877 304 super

1099 322 1155 346 eos,
1172 314 1198 340 hi
1213 319 1289 341 erunt
1304 315 1350 340 tibi
1364 315 1392 341 in
1416 315 1550 349 adjutorio
1564 314 1597 342 “.
1621 314 1655 341 Et
1671 315 1699 342 in
1722 314 1787 342 aliis
1797 316 1876 343 dicit:

1100 359 1281 393 Sancti/icabit
1300 360 1427 388 Dominus
1441 361 1469 387 in
1485 361 1545 396 igne
1554 360 1659 388 ardenti
1676 360 1701 380 ⁸⁸
1723 365 1772 388 :et
1788 361 1814 388 in
1828 361 1878 389 lla-

1100 405 1186 432 lachia
1204 406 1334 440 propheta
1350 406 1432 433 dicit:
1448 405 1550 434 Sedens
1563 406 1692 434 conflabit
1704 410 1732 434 et
1748 407 1880 442 purgabit,

1099 457 1127 480 et
1141 452 1237 479 fundet-
1252 456 1381 488 purgatos
1400 453 1470 480 ﬁlios
1486 452 1554 480 Juda
1566 452 1599 480 “.
1614 462 1623 478 ι
1646 453 1713 480 Item
1725 453 1779 489 ιιι).
1794 461 1839 480 vni
1856 454 1880 481 in

1100 496 1185 531 Epist.
1196 497 1230 524 ad
1244 497 1331 531 Ram.,
1343 506 1416 525 num.
1429 498 1474 531 I2,
1485 505 1545 533 pag.
1557 498 1620 530 640,
1636 507 1647 524 ι
1660 498 1773 532 Verum,
1789 498 1878 533 inquit,

1100 542 1126 569 in
1140 542 1190 570 hac
1211 543 1267 578 ipsa
1281 543 1440 579 purgatione
1454 551 1513 578 qua:
1533 551 1582 578 per
1597 550 1704 578 pmnam
1719 544 1793 578 ignis
1807 543 1879 570 adhi-

1099 588 1190 621 betur,
1217 589 1330 622 quantis
1350 589 1527 623 temporibus,
1551 590 1694 623 quantisve
1718 589 1826 616 smculis
1851 590 1880 617 de

1099 634 1287 668 peccatoribus
1300 634 1391 669 exigat
1402 635 1552 666 cruciatus,
1565 634 1639 662 solus
1649 634 1722 661 scire
1729 638 1819 669 potest
1832 634 1880 665 ille,

1100 679 1143 706 cui
1164 679 1246 706 Pater
1259 686 1339 707 omne
1350 679 1481 715 judicium
1495 679 1615 707 tradidit.
1627 688 1637 706 ι
1661 679 1786 714 Denique
1800 679 1844 706 lib.
1859 687 1880 706 tv

1100 729 1192 752 contra
1212 724 1294 757 Cela,
1309 733 1382 752 num.
1397 725 1441 759 10,
1455 732 1548 759 poenas
1557 726 1654 753 futurae
1674 726 1738 753 vita:
1750 726 1818 753 dicit
1828 733 1880 754 esse

1100 770 1250 805 ἀναγκαίας
1271 770 1310 806 τῷ
1325 771 1417 802 παντὶ,
1443 771 1514 807 τάχα
1529 771 1557 797 δὲ
1575 771 1692 803 καὶτοῖς
1715 771 1880 806 πεισομένοις

1101 816 1185 848 αὑτὰς
1196 817 1245 843 οὐκ
1260 817 1421 853 ἀχρήστους.

268 868 295 893 in
314 867 389 900 Lua,
405 855 466 902 pag.
483 867 537 894 948
552 876 559 894 :
586 876 595 892 ι
616 867 692 894 Sicut
717 867 846 901 scripturn
862 871 903 893 est
923 867 949 892 in
972 865 1049 900 lege:
1067 855 1087 882 Β
1137 863 1229 892 XVlll.
1242 865 1374 898 Quoniam
1388 869 1478 892 autem
1490 865 1629 893 Paulinum
1643 865 1708 893 illud
1726 867 1878 901 stepetesti-

269 911 297 939 Si
324 913 470 939 masculum
494 912 598 946 peperit
610 917 706 943 mater,
732 916 833 946 septem
853 911 948 938 diebus
966 916 1052 938 mater

268 957 373 985 sedebit
394 958 421 984 in
444 958 575 992 sanguine
600 957 749 989 immundo,
776 964 808 984 ac
825 957 922 984 deinde
943 956 1050 991 triginta

269 1003 357 1031 tribus
372 1003 399 1031 in
425 1004 556 1038 sanguine
571 1010 652 1037 puro;
673 1008 700 1031 ct
715 1003 749 1030 ad
761 1007 911 1030 extremum
938 1007 966 1030 et
996 1002 1052 1037 ipse

268 1048 360 1076 infans
375 1049 478 1076 sedebit
495 1049 520 1075 in
534 1048 668 1083 sanguine
681 1047 846 1083 purissimo:
863 1048 903 1074 sic
923 1048 986 1082 quia
1007 1047 1050 1074 lex

267 1094 417 1130 spiritualis
438 1099 492 1128 est,
509 1099 538 1122 et
551 1094 673 1122 umbram
688 1093 770 1121 habet
793 1093 943 1120 futurorum
967 1094 1052 1120 bono-

266 1149 337 1175 rum,
352 1148 496 1176 possumus
507 1141 654 1175 intelligere
668 1140 853 1175 purgationem
865 1147 955 1167 veram
973 1140 1052 1167 nobis

267 1187 379 1213 evenire
394 1190 455 1220 post
472 1190 586 1221 tempus.
603 1185 660 1221 Ego
675 1190 740 1220 puto
753 1185 824 1220 quod
842 1190 868 1212 et
886 1190 945 1219 post
961 1192 1050 1212 resur-

267 1231 417 1259 rectionem
433 1238 466 1258 ex
481 1231 596 1258 mortuis
622 1230 789 1265 indigeamus
802 1235 972 1257 sacramento
992 1229 1050 1257 elu-

267 1281 331 1304 ente
344 1283 393 1304 nos
412 1281 492 1312 atque
504 1280 653 1311 purgante;
668 1283 747 1303 nemo
760 1275 832 1303 enim
850 1276 952 1310 absque
967 1274 1052 1303 sordi-

267 1323 318 1350 bus
333 1330 474 1357 resurgere
489 1324 597 1357 poterit,
613 1331 663 1351 nec
680 1323 760 1350 ullam
774 1329 855 1357 posse
873 1322 990 1349 animam
1005 1328 1050 1348 rc-

268 1367 350 1402 periri
379 1376 439 1402 qua:
453 1368 588 1395 universis
605 1368 696 1395 statim
718 1367 790 1394 vitiis
800 1371 902 1395 careat.
918 1376 927 1393 ι
944 1366 1051 1394 Erroris

268 1418 363 1440 notam
381 1414 478 1441 merito
496 1414 538 1441 his
552 1414 636 1441 inurit
647 1413 826 1441 Bellarminus
843 1412 890 1440 lib.
904 1421 924 1440 ιι
940 1412 978 1439 De
989 1420 1052 1447 pur-

267 1459 381 1493 gatorio,
397 1467 455 1494 cap.
474 1459 501 1493 9,
522 1459 596 1494 quod
620 1466 654 1487 ex
668 1458 817 1493 Scriptura:
838 1457 917 1486 eiiato
931 1461 993 1493 post
1007 1465 1050 1486 re-

267 1504 464 1532 surrectionem
476 1509 503 1532 et
518 1504 650 1540 judicium
664 1503 736 1531 nulla
750 1504 866 1539 supersit
883 1502 1050 1531 emendatio-
1064 1521 1085 1551 ο

268 1550 312 1578 nis
328 1557 399 1585 spes.
414 1550 450 1577 At
474 1558 506 1577 ea
527 1550 654 1578 mendosa
674 1558 744 1583 esse,
759 1555 787 1578 et
798 1550 863 1578 vitio
877 1550 1047 1578 librariorum

267 1601 396 1631 currupta
423 1601 500 1632 putat
525 1597 628 1625 Suarez
653 1601 719 1624 tom.
735 1597 769 1625 IV
794 1597 822 1624 in
840 1604 870 1624 IIl
891 1596 922 1624 S.
942 1596 1046 1629 Thom,

268 1647 364 1677 quaest.
379 1641 423 1674 46,
442 1647 511 1669 sect.
528 1642 555 1676 5,
572 1642 700 1677 quoniam
720 1643 773 1670 illis
792 1649 825 1670 ex
842 1642 956 1670 adverso
970 1633 1048 1677 repl‘t-

269 1692 355 1722 gnant
367 1695 426 1722 qna-
444 1689 598 1722 praecedunt
613 1688 639 1715 in
655 1689 749 1716 eadem
765 1687 883 1721 homilia,
900 1687 976 1716 nefas
990 1695 1050 1716 esse

268 1733 389 1768 cogitare
405 1734 524 1761 futurum
547 1738 577 1761 ut
591 1734 694 1762 sordidi
714 1739 742 1761 et
756 1733 849 1769 polluti
865 1741 1047 1770 resurgamus.

269 1778 323 1806 Sed
338 1783 440 1806 tantam
451 1786 512 1807 esse
524 1785 614 1807 tamen
634 1780 660 1807 in
673 1780 765 1808 multis
779 1781 974 1808 haesitationem
987 1780 1049 1809 Ori-

268 1824 344 1859 genis
358 1824 592 1859 deprehendimus,
605 1829 635 1852 ut
649 1833 745 1853 novum
763 1825 827 1853 milti
841 1833 893 1853 non
908 1825 944 1853 sit
955 1826 1049 1853 eadem

268 1870 377 1897 homilia
390 1870 497 1898 diversa
507 1878 567 1899 eum
579 1876 606 1899 et
620 1872 765 1906 pugnantia
777 1871 934 1906 prodidisse.
952 1871 1050 1899 Praedi-

268 1919 364 1940 cantur
380 1914 462 1942 etiam
489 1915 658 1950 apertissime
686 1916 835 1950 piaculares
853 1923 940 1951 poenae
956 1916 1049 1944 homil.

269 1957 303 1985 I6
320 1958 347 1985 in
366 1958 477 1993 lenm,
511 1968 585 1988 ttum.
605 1960 632 1993 5,
651 1968 719 1995 lcum
744 1966 928 1996 superstructa
955 1962 1051 1989 animae.

268 2012 375 2037 aurum,
392 2010 545 2041 argentum,
568 2005 650 2041 ligna,
672 2007 762 2034 fenum
793 2011 819 2034 et
845 2007 969 2041 stipulam
989 2007 1051 2043 igne

267 2051 406 2085 probanda
422 2059 482 2079 esse
499 2051 580 2086 dicit;
599 2051 698 2080 deinde
714 2053 752 2079 ait
781 2060 854 2080 ntnn.
877 2053 893 2078 ti
913 2062 920 2080 :
948 2053 980 2079 Τί
1004 2051 1050 2080 οὖν

268 2096 376 2132 πρῶτον
392 2097 533 2124 ἀκολουθεῖ
550 2098 695 2125 ἀπολαϐεῖν
712 2098 756 2125 διὰ
770 2100 805 2125 τὰ
819 2099 898 2132 gula;
916 2099 994 2135 δῆλον
1010 2100 1051 2127 ὃτι

267 2141 299 2169 τὸ
313 2141 369 2178 πῦρ
385 2143 415 2170 το
437 2143 578 2171 ἀναλίσκον
599 2144 633 2171 τὰ
649 2144 723 2177 ξύλα,
741 2146 788 2172 καὶ
810 2145 855 2172 τὸν
878 2145 983 2180 χόρτον,
1004 2146 1051 2172 καὶ

1101 911 1221 938 monium
1234 917 1356 945 usurpat,
1371 911 1442 945 quod
1456 916 1497 938 est
1512 911 1522 938 I
1540 912 1603 939 Cor.
1618 919 1663 945 xv,
1677 912 1724 945 26,
1743 921 1754 938 ι
1769 912 1880 939 Novissi-

1101 963 1144 982 ma
1156 960 1246 983 autem
1258 956 1367 983 inimica
1380 955 1536 984 destruetur
1550 964 1632 990 mors,
1647 966 1657 984 ι
1675 958 1790 985 minimc
1807 958 1881 985 silerr

1102 1001 1140 1028 tio
1149 1001 1295 1035 premenda
1312 1000 1418 1028 videtur
1429 1000 1511 1028 allata
1523 1001 1557 1028 ab
1572 1008 1605 1029 eo
1619 1001 1672 1029 loci
1683 1002 1767 1037 hujus
1783 1003 1881 1037 exposi—

1102 1046 1149 1073 tio.
1174 1045 1286 1073 Mortem
1303 1046 1393 1080 itaque
1407 1046 1543 1073 diabolum
1563 1046 1718 1081 significare
1736 1047 1881 1078 existimat,

1101 1098 1180 1125 quem
1195 1091 1232 1118 ita
1250 1092 1418 1119 destructum
1439 1091 1470 1118 iri
1485 1095 1571 1127 putat,
1583 1097 1717 1126 quatenus
1731 1092 1815 1127 impia
1831 1093 1882 1127 ejus

1101 1141 1152 1164 eta
1166 1136 1220 1164 Deo
1237 1144 1331 1164 aversa
1345 1136 1472 1164 voluntas
1488 1138 1697 1171 expugnabitur.
1720 1137 1821 1165 Demds
1833 1139 1882 1172 ipsa

1101 1184 1182 1211 verba
1193 1190 1209 1211 e
1220 1183 1266 1210 lib.
1285 1191 1314 1211 ιιι
1331 1183 1400 1217 Περὶ
1417 1182 1528 1218 ἀρχῶν,
1544 1191 1604 1218 cap.
1620 1183 1649 1216 6,
1663 1191 1738 1210 num.
1754 1183 1790 1211 5:
1809 1184 1884 1211 «Pro.

1102 1233 1192 1263 pterea
1208 1236 1324 1264 namque
1336 1229 1416 1256 etiam
1432 1229 1592 1256 novissimus
1609 1229 1744 1262 inimicus,
1759 1228 1806 1263 qui
1817 1235 1882 1255 mors

1101 1275 1261 1310 appellatur.
1276 1276 1380 1303 destrui
1394 1275 1504 1309 dicitur,
1520 1280 1549 1302 nt
1563 1282 1650 1309 neque
1674 1274 1744 1302 ultra
1764 1274 1841 1302 triste
1854 1274 1883 1301 sit

1101 1321 1214 1356 aliquid,
1233 1321 1276 1349 ubi
1291 1329 1364 1349 mors
1379 1330 1432 1349 non
1446 1326 1499 1353 est,
1518 1329 1606 1356 neque
1623 1320 1770 1348 adversum
1783 1321 1832 1354 sit,
1843 1320 1881 1347 ubi

1101 1375 1154 1395 non
1171 1371 1212 1395 est
1227 1367 1362 1395 inimicus.
1383 1367 1490 1395 Destrui
1504 1375 1569 1395 sane
1580 1366 1744 1394 novissimus
1759 1366 1881 1395 inimicus

1101 1411 1139 1439 ita
1153 1411 1341 1447 intelligendus
1351 1417 1404 1446 est,
1425 1419 1478 1439 non
1499 1417 1528 1440 ut
1540 1412 1690 1440 substantia
1711 1412 1783 1447 ejus,
1796 1419 1854 1446 qua
1868 1419 1882 1437 ι

1102 1457 1158 1485 Deo
1173 1458 1244 1486 facta
1260 1462 1311 1492 est,
1328 1463 1437 1493 pereat;
1462 1459 1509 1486 sed
1523 1462 1552 1485 ut
1561 1458 1742 1493 propesitutn,
1756 1462 1785 1485 et
1795 1458 1882 1486 volun-

1103 1508 1144 1532 tas
1156 1504 1277 1537 inimica,
1296 1512 1357 1540 quae
1375 1513 1427 1532 non
1443 1513 1458 1532 a
1481 1505 1547 1538 Deo,
1563 1505 1610 1533 sed
1626 1505 1659 1532 ab
1672 1505 1731 1540 ipso
1744 1505 1881 1540 processit,

1101 1550 1217 1578 lutei-eat
1229 1558 1237 1583 ;
1247 1559 1257 1576 ι
1270 1556 1298 1578 et
1309 1551 1360 1578 ista
1373 1557 1406 1578 ex
1419 1550 1510 1578 homil.
1525 1551 1542 1578 8
1555 1551 1581 1577 in
1592 1549 1684 1582 Iosue,
1697 1558 1775 1577 num.
1783 1549 1811 1577 4.
1828 1559 1837 1575 ι
1851 1549 1884 1576 De

1100 1596 1206 1624 diabolo
1218 1601 1307 1624 autem
1322 1597 1424 1630 dicens,
1441 1598 1479 1625 ait
1494 1606 1501 1625 :
1515 1596 1692 1624 Novimimtu
1704 1596 1830 1623 inimicus
1844 1596 1885 1622 de-

1098 1647 1216 1670 struetur
1228 1650 1298 1670 mon
1310 1643 1344 1676 ⁵⁷,
1355 1643 1419 1677 quia
1438 1650 1502 1670 vere
1516 1647 1580 1670 tunc
1591 1642 1713 1670 vincetur
1728 1649 1814 1674 mors,
1826 1649 1883 1669 cum

1100 1687 1214 1715 mortale
1228 1688 1278 1715 hoc
1290 1687 1479 1715 absorbebitur
1490 1695 1505 1714 a
1515 1687 1579 1716 vita.
1593 1697 1602 1713 ι
1616 1687 1695 1715 Certe
1708 1687 1791 1715 Hebr.
1801 1695 1833 1721 ιι,
1845 1688 1883 1719 Ν,

1100 1735 1193 1761 mortis
1209 1734 1316 1768 quidem
1342 1734 1485 1768 imperium
1508 1733 1628 1761 diabolus
1647 1733 1748 1760 habere
1772 1733 1884 1765 dicitur;

1099 1786 1128 1807 at
1143 1788 1158 1808 a
1173 1785 1260 1808 morte
1274 1784 1362 1808 tamen
1379 1779 1564 1814 distinguitur,
1580 1788 1589 1804 ι
1602 1784 1630 1806 ιιι
1646 1786 1694 1813 per
1709 1783 1827 1806 mortem
1843 1779 1885 1806 de.

1099 1831 1218 1854 strueret
1231 1834 1292 1854 eum
1312 1826 1357 1861 qui
1385 1825 1502 1853 habebat
1517 1825 1610 1852 mortis
1625 1825 1779 1859 imperittm,
1804 1824 1832 1852 id
1850 1829 1887 1852 est

1100 1871 1247 1900 diabolum.
1261 1881 1270 1898 ι
1297 1871 1374 1905 Quod
1396 1878 1532 1906 exponens
1549 1870 1680 1906 Origenes
1703 1875 1772 1898 tom.
1792 1878 1845 1898 ant
1862 1871 1887 1897 in

1100 1917 1208 1951 Matth,
1225 1925 1300 1945 num.
1318 1916 1344 1948 9,
1363 1925 1424 1952 pag.
1437 1916 1499 1948 582,
1519 1916 1626 1952 Κράτος
1643 1916 1673 1943 δὲ
1694 1915 1825 1950 θανάτου,
1851 1917 1887 1943 in-

1100 1962 1168 1995 quit,
1181 1962 1322 1998 νομιστέον
1338 1962 1410 1997 ἔχειν
1426 1962 1472 1988 τὸν
1487 1962 1618 1994 διάὸολον,
1634 1962 1665 1988 οὐ
1678 1961 1726 1989 τοῦ
1745 1962 1832 1998 μέσου
1844 1962 1887 1990 καὶ

1100 2007 1259 2043 ἀδιαφόρου,
1289 2007 1349 2034 καθ’
1365 2007 1395 2035 ὃν
1421 2007 1636 2043 ἀποθνήσκουσιν
1658 2008 1684 2033 οἱ
1707 2007 1834 2035 σύνθετοι
1857 2010 1887 2035 ἐκ

1100 2052 1188 2088 ψυχῆς
1200 2052 1247 2079 uel.
1267 2051 1401 2088 σώματος,
1424 2052 1611 2088 χωριζομένης
1633 2052 1721 2080 αὐτῶν
1735 2053 1787 2088 τῆς
1801 2053 1886 2089 ψυχῆς

1100 2099 1154 2125 ἀπὸ
1168 2098 1215 2125 τοῦ
1232 2098 1358 2133 σώματος
1369 2107 1376 2113 ·
1393 2099 1462 2125 ἀλλὰ
1476 2099 1523 2126 τοῦ
1539 2099 1660 2126 ἐναντίου
1671 2099 1719 2126 καὶ
1729 2099 1832 2135 ἐχθροῦ
1843 2100 1886 2126 τοῦ

1101 2144 1222 2176 εἰσιόντος
1233 2152 1240 2159 ·
1267 2144 1337 2179 Ὲτιώ
1350 2145 1408 2179 ειμι
1423 2145 1442 2178 ἠ
1466 2143 1522 2179 ζωὴ
1533 2144 1566 2177 ⁸⁸,
1586 2144 1646 2171 καθ’
1661 2144 1690 2172 ὃν
1708 2144 1784 2180 ψυχὴ
1800 2146 1886 2181 ἁμαρ-

267 2187 318 2224 τὴν
330 2189 473 2225 καλάμην·
494 2194 520 2217 et
533 2194 636 2224 postea,
655 2189 782 2224 quoniam
806 2190 934 2225 scriptum
950 2195 991 2218 est
1005 2190 1050 2217 Je-

1101 2190 1226 2222 τάνουσα,
1239 2189 1308 2226 αὕτη
1324 2190 1498 2217 ἀποθανεῖται
1510 2190 1544 2218 “.

270 2241 338 2261 rem.
357 2242 413 2267 va,
430 2235 463 2262 18
481 2244 487 2263 :
503 2244 512 2260 ι
525 2234 560 2262 Ει
569 2235 680 2263 reddam
691 2235 807 2270 primum
820 2234 940 2270 duplices
953 2236 1053 2271 iniqui-

270 2283 340 2305 tates
356 2286 458 2306 eorum.
473 2289 482 2305 ι
517 2280 694 2314 Ἀναγκαίως,
716 2279 813 2315 inquit,
837 2279 997 2316 πρόσκειται
1021 2281 1052 2307 τὸ

270 2325 393 2360 πρῶτον·
409 2325 515 2361 πρῶτον
531 2326 586 2362 γὰρ
597 2327 632 2354 τὰ
641 2327 692 2362 τῆς
705 2327 820 2360 ἀδικίας,
834 2328 894 2354 εἶτα
905 2328 940 2355 τὰ
953 2328 1001 2364 τῆς
1015 2328 1053 2355 δι-

270 2369 415 2405 καιοσύνης
436 2370 600 2400 ἀποδίδοται.
619 2372 690 2405 Quin
712 2373 795 2400 etiam
819 2372 864 2400 lib.
880 2381 899 2400 II
917 2373 986 2408 Περὶ
1001 2374 1052 2408 ἁρ-

269 2414 343 2449 χῶν,
361 2423 420 2451 cap.
436 2416 480 2449 IO,
498 2425 571 2446 num.
585 2417 614 2452 ἕ,
629 2419 746 2446 animam
766 2426 814 2454 per
828 2425 967 2454 peccatum
979 2420 1053 2447 ordi-

270 2467 332 2487 nem
347 2468 426 2488 suum
448 2461 574 2490 deserere
596 2463 643 2497 ait,
664 2468 692 2491 et
713 2471 728 2491 a
744 2471 872 2499 compage
897 2465 941 2492 cui
964 2472 980 2492 a
997 2465 1052 2493 Deo

268 2505 351 2534 fuerit
367 2507 465 2535 innexa
485 2508 575 2536 divelli
588 2516 597 2543 ;
613 2513 641 2538 et
654 2509 774 2538 adhibito
792 2510 854 2545 igne
873 2519 882 2537 ι
896 2510 956 2538 sine
971 2510 1052 2539 dubio

269 2554 302 2580 ad
315 2553 461 2582 ﬁrmiorem
474 2554 689 2592 suicompagem,
702 2555 979 2591 instaurationetnque
987 2556 1052 2584 soli-

268 2598 345 2632 dari;
357 2607 368 2626 ι
378 2607 427 2628 nec
440 2599 525 2627 multo
539 2605 602 2636 post
617 2607 693 2629 num.
708 2601 743 2629 6:
755 2610 766 2628 ι
777 2601 909 2635 Quoniam
923 2607 1010 2629 autem
1024 2606 1052 2630 et

268 2651 300 2672 ea
315 2653 461 2681 pmnaquaa
469 2654 516 2681 per
531 2648 619 2683 ignem
630 2642 724 2675 inferri
741 2648 851 2682 dicitur,
860 2656 909 2684 pro
920 2647 1051 2682 adiutorio

269 2690 427 2727 intelligitur
437 2693 569 2727 adhiberi,
577 2693 660 2722 Isaias
669 2694 805 2729 tlocet,qui
814 2694 847 2722 de
856 2693 936 2722 Israel
944 2694 1051 2728 quidem

266 2736 309 2776 ‘sic
336 2738 424 2766 dicit:
443 2739 536 2766 Abluet
554 2739 689 2768 Dominus‘
704 2740 793 2768 sordet
811 2740 930 2775 ﬁliorum
951 2740 992 2768 vel
1020 2741 1053 2775 ﬁ-

306 2792 328 2808 "
342 2793 393 2821 lsa.
410 2803 447 2823 ιν.
464 2797 491 2823 4.
543 2795 565 2812 ⁸⁸
576 2795 626 2824 Isa.
644 2804 729 2829 nm,
743 2797 786 2824 14.

274 2831 299 2854 et
311 2835 365 2860 inv,
380 2830 406 2857 6.
445 2831 466 2847 "
480 2831 579 2860 Ezech.
594 2838 670 2866 xvnt,
683 2833 712 2862 ι.

1136 2236 1202 2264 Cum
1220 2237 1258 2264 ait
1274 2244 1396 2265 aversam
1409 2245 1425 2263 a
1436 2236 1491 2264 Deo
1506 2236 1606 2265 diaboli
1626 2236 1796 2265 voluntatem
1811 2237 1884 2267 olim.

1101 2282 1159 2310 fore
1175 2282 1378 2314 conterendam,
1406 2282 1473 2309 satis
1488 2275 1623 2316 significat
1645 2289 1675 2310 se
1694 2289 1729 2310 ne
1749 2282 1884 2310 daemones

1101 2328 1210 2364 quidem
1224 2327 1257 2355 ab
1272 2332 1373 2356 aeterna
1393 2327 1522 2355 felicitate
1537 2328 1691 2356 excludere.
1711 2327 1768 2355 Sed
1786 2328 1885 2355 clarius

1101 2375 1183 2402 etiam
1198 2374 1224 2402 id
1239 2374 1373 2402 evincitur
1395 2381 1429 2401 ex
1451 2375 1604 2409 dogmatum
1623 2374 1708 2409 ipsius
1722 2375 1848 2408 sequela,
1861 2378 1884 2400 et

1101 2427 1133 2448 ex
1150 2420 1202 2448 hoc
1223 2422 1281 2448 loco
1296 2428 1312 2448 e
1330 2420 1376 2448 lib.
1393 2428 1401 2447 ι
1425 2420 1495 2454 Περὶ
1511 2420 1621 2455 ἀρχῶν,
1641 2427 1701 2455 cap.
1716 2419 1746 2452 6,
1766 2428 1843 2448 num.
1859 2420 1883 2452 3,

1100 2473 1180 2501 quem
1192 2470 1219 2494 et
1229 2474 1309 2501 supra
1323 2466 1379 2500 iam
1391 2466 1561 2499 adduximus,
1584 2470 1612 2494 et
1626 2466 1670 2494 hic
1686 2473 1798 2501 quoque
1812 2473 1885 2501 repe-

1101 2516 1187 2540 temus
1210 2521 1218 2539 :
1236 2512 1315 2540 «Jam
1332 2520 1398 2540 vero
1424 2512 1447 2540 si
1462 2511 1542 2547 aliqui
1568 2519 1601 2539 ex
1612 2511 1661 2540 this
1680 2512 1825 2540 ordinibus
1842 2511 1885 2546 qui

1100 2557 1150 2586 sub
1159 2558 1311 2593 principatu
1323 2558 1421 2586 diaboli
1435 2563 1527 2593 agunt,
1546 2565 1579 2586 ac
1588 2557 1696 2585 malitiae
1712 2557 1773 2592 ejus
1785 2557 1886 2585 obtem-

1101 2609 1208 2638 perant,
1229 2608 1356 2639 poterunt
1370 2604 1515 2640 aliquando
1533 2604 1559 2631 in
1574 2603 1672 2631 futuris
1692 2603 1805 2630 saeculis
1821 2610 1886 2630 con-

1103 2650 1171 2677 verti
1185 2650 1219 2678 ad
1246 2650 1406 2684 bonitatem,
1422 2657 1472 2686 pro
1483 2657 1516 2678 eo
1529 2649 1600 2685 quod
1613 2653 1655 2677 est
1675 2649 1705 2677 In
1729 2649 1797 2683 ipsis
1811 2647 1886 2675 liberi

1104 2695 1218 2723 facultas
1235 2696 1340 2723 arbitrii
1355 2703 1363 2723 :
1380 2705 1413 2724 an
1434 2704 1500 2724 vero
1515 2703 1677 2731 permanens
1692 2700 1722 2723 et
1737 2695 1885 2722 inveterata

1105 2742 1206 2769 malitia
1221 2742 1296 2770 velut
1313 2734 1339 2770 in
1355 2747 1478 2770 naturam
1489 2743 1632 2778 quamdam
1648 2749 1683 2770 ex
1692 2740 1885 2770 consuetudine

837 2796 964 2833 "152.1,
983 2797 1026 2824 l7.
1077 2798 1100 2841 ξ⁸
1118 2798 1230 2827 Malach.
1249 2800 1330 2834 nt,5.
1367 2800 1388 2817 *7
1401 2799 1413 2827 ι
1426 2799 1490 2829 Cor.
1503 2806 1548 2835 xv,
1563 2799 1606 2827 26.
1644 2799 1668 2816 ⁸⁸
1678 2798 1760 2828 Joan.
1779 2805 1823 2838 lt,
1834 2796 1881 2827 25:
