1912 3079
18 160 102 189 10⁴ὶ9

449 159 734 189 ORlGENlANORUM
753 159 818 186 LIB.
839 159 869 190 Il,
890 158 965 186 CAP.
987 157 1017 191 Il,
1035 157 1173 191 QUEST.
1196 156 1238 184 Xl.

1598 159 1665 187 1050

15 222 225 253 convertatur,
241 219 323 247 etiam
338 223 365 247 tu
381 219 427 254 qui
443 219 510 255 legis
521 219 645 255 probato,
660 219 682 246 si
695 219 826 246 omnimo-
842 223 863 250 Α
879 224 950 253 plain
966 217 1160 246 beatitudinem
1186 217 1333 252 possidere.
1356 226 1367 243 ι
1392 217 1493 250 Quibus
1511 222 1539 245 et
1552 218 1608 246 haec
1620 219 1666 246 ad-

18 265 58 292 de
77 272 177 299 neque
190 265 217 292 in
233 265 277 292 his
292 273 352 300 qum
365 265 493 292 videntur
506 265 698 300 temporalibus
712 265 827 297 sarculis,

18 317 127 345 neque
147 311 177 338 in
189 311 233 338 his
247 319 307 346 qua:
320 319 373 339 non
390 312 526 346 videntur,
541 317 569 340 et
582 317 682 340 :eterna
697 318 769 346 sunt,
786 321 830 347 pe-

5 355 110 400 ;nitus
139 364 204 391 pars
227 357 278 385 ista
298 357 332 384 ab
344 357 388 384 illa
401 358 481 385 etiam
499 357 572 385 ﬁnali
604 358 718 392 unitate,
748 363 829 394 alque

17 402 230 429 convenientia
245 402 418 438 discrepabit.
432 412 442 428 ι
458 401 536 431 Jacet
545 403 638 431 eadem
652 403 785 431 sententia
801 404 828 430 in

19 450 94 477 istis
106 457 124 476 e
136 449 302 476 Corderiana
315 448 418 477 Catena
433 450 459 477 in
483 449 624 482 Joannem,
639 449 672 477 ad
684 448 763 476 Joan.
778 457 827 481 xn,

18 496 58 523 ’51
85 504 93 522 :
116 495 155 522 Τὸ
176 496 205 522 ἐν
234 495 273 530 τῷ
297 495 405 531 σταυρῷ
434 495 549 531 πάθημα
574 495 657 523 αὐτοῦ
680 496 770 532 κρίσις
794 494 829 531 ἦν

18 540 77 568 τοῦ
97 541 205 576 κόσμου
234 542 328 568 τούτου
354 542 469 574 παντός·
487 541 602 578 ἐπείπερ
621 542 829 578 εἰρηνοποιήσας

19 586 74 613 διὰ
90 586 143 613 τοῦ
155 587 271 622 αἵματος
277 587 325 614 τοῦ
338 588 455 624 σταυροῦ
470 587 578 621 ἑαυτοῦ,
593 587 648 614 εἴτε
660 587 695 615 τὰ
707 588 753 614 ἐπὶ
766 588 827 623 γῆς,

20 632 86 658 εἴτε
101 633 138 659 τὰ
151 633 181 659 ὲν
191 633 325 668 οὐρανοῖς,
343 633 413 669 μετὰ
429 634 636 670 οριαμὸεύσεως
650 635 679 661 ἐν
691 633 730 669 τῷ
746 634 827 669 ξύλῳ,

19 679 62 710 ἃς
75 678 252 706 ὲπεκδύσατο
269 679 356 715 ἀρχὰς
370 679 416 706 καὶ
430 679 564 713 ἐξουσίας,
584 680 711 707 ἐκάθισεν
725 680 755 707 ἐν
771 681 829 711 τοῖς

22 725 220 760 ἐπουρανίοις,
239 725 425 758 ἀποκαθιστὰς
449 725 538 753 πάντα
553 726 599 753 ἐπὶ
613 725 644 753 τὸ
662 725 768 761 ἑκάστῳ
780 726 828 761 ἁρ-

23 770 119 806 μόζον
138 770 187 797 καὶ
208 771 313 806 πρέπον
328 771 412 802 τέλος.
433 771 525 799 «Μοιε
545 771 614 806 ejus,
631 778 678 799 seu
701 771 728 798 in
748 779 829 799 cruce

23 816 139 851 passio,
151 816 283 851 judicium
308 822 367 845 erat
383 817 501 845 universi
515 818 619 850 mundi,
637 818 764 852 quoniam
786 817 827 844 ef-

25 862 93 890 fuso
109 862 136 890 in
157 869 239 891 cruce
251 863 384 898 sanguine
394 871 443 890 suo
456 871 550 898 pacem
562 863 718 891 conciliavit
730 867 783 890 tam
794 855 825 891 in

877 265 1013 300 jungenda
1027 272 1043 292 e
1058 265 1127 291 libro
1139 264 1244 295 eodem,
1257 271 1317 299 cap.
1335 264 1361 297 l,
1378 271 1453 291 num.
1469 264 1499 291 21
1517 273 1523 291 :
1540 275 1548 289 ι
1561 265 1599 292 Ex
1612 273 1668 299 quo

879 310 1032 344 opinamur,
1046 309 1174 344 quoniam
1188 309 1308 343 quidem,
1329 314 1359 336 ut
1372 309 1527 344 frequenter
1538 310 1668 343 diximus,

879 355 1041 382 immortalis
1061 359 1103 382 est
1118 354 1210 382 anima
1225 359 1253 382 et
1267 359 1378 388 aeterna,
1395 356 1467 390 quod
1484 355 1510 382 in
1532 356 1625 383 multis
1640 361 1670 384 et

879 401 938 429 sine
948 401 999 428 ﬁne
1017 401 1111 436 spatiis
1125 408 1174 436 per
1186 401 1318 429 immensa
1330 405 1358 428 et
1370 401 1476 429 diversa
1491 401 1590 429 sarcula
1604 409 1667 437 pos-

879 447 958 475 sibile
973 451 1025 480 est,
1039 452 1067 474 ut
1081 456 1095 474 a
1115 455 1220 475 summo
1233 448 1305 475 bono
1318 448 1351 475 ad
1366 447 1457 475 inﬁma
1475 448 1543 474 mala
1556 448 1667 475 descen-

879 494 936 526 dat,
954 498 983 521 et
1003 494 1036 521 ab
1059 493 1162 522 ultimis
1181 493 1258 522 malis
1279 494 1315 522 ad
1338 502 1442 521 summa
1465 494 1535 522 bona
1559 502 1668 529 repare-

880 543 933 566 tur.
947 547 962 564 r'

914 584 973 612 XX.
990 585 1066 618 Quod
1092 578 1115 612 si
1144 585 1206 620 quis
1231 585 1390 620 dogmalum
1411 585 1525 612 istorum
1548 585 1666 619 requirat

879 630 1022 666 originem,
1037 632 1107 658 sciat
1122 631 1167 658 ille
1182 636 1280 666 praeter
1291 632 1416 666 quzedam
1431 630 1579 665 Scriptura:
1592 631 1666 657 testi-

880 676 981 708 monia,
997 684 1059 711 qua
1073 685 1136 704 mox
1148 685 1162 703 a
1176 677 1253 704 nobis
1275 681 1489 704 commemorata
1508 681 1580 709 sunt,
1596 676 1668 703 Ada-

879 722 1010 749 mantium
1025 730 1133 758 quoque
1148 723 1174 749 in
1196 729 1318 750 errorem
1339 722 1480 750 induxisse
1493 722 1563 749 male
1582 722 1667 748 inter-

878 771 1013 800 pretatum
1039 767 1116 799 illud,
1145 766 1217 801 quod
1237 771 1327 794 exstat
1349 765 1423 793 Isaiae
1439 774 1517 799 xxtv,
1538 766 1585 800 ‘22,
1611 775 1622 792 ι
1636 765 1668 793 Et

879 813 1039 841 claudentur
1052 813 1088 840 ibi
1103 814 1130 840 in
1152 821 1276 846 carcere,
1290 818 1317 840 et
1339 817 1399 848 post
1423 813 1522 840 multos
1534 813 1592 840 dies
1603 812 1669 840 visi-

880 859 1030 893 tabnntur;
1046 869 1056 885 ι
1080 864 1107 887 et
1121 859 1173 887 hoc
1192 859 1273 886 Joan.
1289 867 1317 892 x,
1330 859 1374 891 l6,
1390 869 1399 885 ι
1413 858 1473 886 Fiet
1490 867 1573 886 unum
1588 859 1668 892 ovile,

26 912 108 936 terra
124 915 208 943 quam
225 909 251 936 in
267 908 354 942 caelis,
370 909 433 937 dum
449 914 510 944 post
525 909 687 945 triumphum
701 909 728 936 in
742 910 825 945 ligno,
841 900 863 927 Β
877 910 904 933 et
918 913 986 932 unus
995 909 1100 940 pastor,
1115 915 1124 931 ι
1139 906 1209 940 quod
1224 905 1317 939 ipsein
1332 905 1466 940 dogmatis
1477 905 1518 931 sui
1530 904 1670 932 fulcimen-

27 962 102 990 quos
122 958 239 983 exuerat
254 954 423 990 principatus
435 962 467 982 ac
481 958 636 989 potestates
649 955 788 982 constituit
799 955 825 982 in

28 1000 205 1032 coelestibus,
228 999 356 1028 universa
372 1000 406 1028 ad
427 1000 630 1028 convenientem
649 999 778 1035 cujusque
793 1001 825 1027 ο

29 1053 94 1073 nem
107 1046 268 1080 perducens.
281 1054 292 1071 ι

71 1090 143 1118 XIX.
162 1091 296 1119 Craterum
315 1097 369 1119 non
383 1098 523 1126 pennarum
538 1092 685 1125 'duntaxat,
706 1091 753 1120 sed
767 1091 826 1120 feli-

28 1136 128 1164 citatis
150 1137 231 1164 etiam
249 1141 354 1172 tempus
370 1137 453 1165 certis
472 1137 708 1173 circumscriptum
732 1138 825 1165 termi-

29 1183 74 1210 nis
93 1190 159 1210 esse
178 1182 273 1216 voluit,
294 1183 454 1218 animasque
474 1183 508 1211 ad
525 1183 703 1219 perfectionis
718 1183 824 1212 culmen

28 1234 155 1262 evectas,
167 1233 195 1257 et
210 1228 317 1264 peccati
333 1237 365 1256 ac
379 1236 516 1264 corporeae
541 1229 620 1257 molis
634 1229 761 1258 sordibus
776 1238 825 1257 ex-

29 1280 175 1311 purgatas,
190 1275 280 1302 statim
300 1279 382 1310 atque
402 1283 417 1302 a
439 1275 539 1303 virtute
554 1275 580 1302 in
601 1275 695 1303 vitium
707 1275 824 1303 deﬂexe-

29 1322 99 1354 rint,
116 1322 145 1348 in
159 1321 300 1349 crassioris
310 1321 433 1356 corporis
444 1328 582 1348 carcerem
600 1322 744 1357 compingi.
758 1321 825 1349 Ver-

29 1366 66 1394 ba
78 1365 215 1401 ,Origenis
232 1373 247 1393 e
258 1365 307 1392 lib.
331 1373 351 1392 ll
369 1365 406 1393 De
419 1366 531 1400 princip.
549 1365 629 1393 affert
646 1366 824 1400 Justinianus,

31 1413 134 1448 quibus
148 1419 262 1448 corpora
282 1412 425 1440 interitura
444 1412 581 1445 dicuntur,
606 1420 667 1440 cum
683 1413 737 1440 Deo
761 1414 824 1441 sub-

29 1459 103 1493 jecta
125 1458 225 1487 fuerint
240 1458 340 1491 omnia,
356 1457 406 1493 τῆς
420 1457 474 1484 τῶν
490 1457 624 1493 σωμάτων
638 1457 745 1492 φύσεως
759 1458 825 1486 ὑπο-

32 1503 207 1540 στησομὲνης
223 1503 358 1538 δεύτερον,
376 1504 424 1530 ἐὰν
443 1503 524 1530 πάλιν
540 1503 636 1538 λογικὰ
654 1504 823 1541 ὑποκαταϐῇ,

34 1559 46 1576 ι
57 1558 122 1578 cum
151 1550 250 1578 iterum
280 1550 430 1585 reparanda
446 1550 481 1578 sit
496 1557 641 1585 corporum
670 1555 780 1583 natura,
799 1551 822 1579 si
837 1571 858 1599 ε

33 1603 147 1624 rursum
174 1595 316 1624 rationalia
333 1597 531 1625 descendant.»
553 1596 639 1624 Ali'ert
661 1601 688 1624 et
711 1597 764 1624 alia
790 1605 823 1625 ex

33 1641 229 1676 qnartolibro,
248 1641 345 1676 quibus
363 1649 507 1676 corporum
527 1647 653 1669 naturam
670 1650 718 1677 per
738 1643 825 1670 inter-

34 1686 104 1714 valla
119 1687 251 1714 exsistere
261 1686 350 1719 docet,
367 1687 412 1715 διά
422 1696 482 1715 τινα
492 1687 683 1724 συμπτώματα
695 1689 825 1724 γινόμενα.

35 1734 101 1768 περὶ
128 1733 163 1760 τὰ
177 1733 282 1768 λογικὰ,
302 1733 416 1770 δεόμενα
442 1734 592 1770 σωμάτων
613 1735 660 1762 καὶ
680 1735 761 1762 πάλιν
776 1736 825 1770 τῆς

35 1779 248 1816 ἐπανορθώσεως
260 1780 369 1812 τελείως
380 1781 525 1816 γινομένης
536 1782 576 1813 εἰς
585 1780 615 1807 τὸ
630 1781 667 1817 μὴ
679 1779 748 1808 εἶναι
762 1781 826 1808 ἀνα-

35 1825 147 1852 λύεσθαι
173 1826 271 1860 ταῦτα,
293 1826 363 1853 ὥστε
376 1827 455 1854 τοῦτο
473 1827 517 1853 ἀεὶ
530 1826 662 1862 γίνεσθαι.
691 1836 701 1853 t
713 1826 826 1863 Propter

36 1872 169 1907 quosdam
191 1872 282 1907 lapsus
300 1873 382 1901 rebus
405 1873 511 1901 ratione
532 1873 697 1908 pollentibus
717 1875 825 1901 contin-

38 1924 143 1953 gentes,
170 1926 230 1954 quae
240 1919 398 1955 corporibus
416 1919 556 1954 indigent;
585 1924 613 1947 et
631 1927 738 1947 rursum
754 1920 825 1947 facta

38 1964 228 1992 emendatione
241 1966 373 2000 perfecta,
387 1965 497 1993 dissolvi
513 1965 559 1993 illa
575 1965 602 1992 in
621 1965 745 1998 nihilum,
758 1966 826 1993 adeo

40 2015 71 2038 ut
83 2010 110 2037 id
125 2018 229 2046 semper
243 2010 297 2038 ﬁat.
310 2020 320 2037 ι
337 2011 422 2039 Αποη
431 2016 458 2040 et
471 2011 524 2039 ista
535 2018 551 2039 e
566 2011 612 2040 lib.
627 2018 635 2038 ι
648 2010 827 2047 Hieronymus

39 2057 119 2092 epist.
135 2057 180 2089 59,
194 2057 228 2084 ad
244 2057 329 2090 Avit.,
345 2065 406 2092 cap.
420 2057 433 2084 1
452 2066 460 2086 :
476 2067 486 2084 ι
497 2056 526 2084 In
540 2057 594 2085 line
604 2061 686 2092 atque
700 2064 826 2085 consum-

41 2102 158 2131 matione
176 2103 301 2131 mundi...
316 2103 372 2140 (50)
387 2111 447 2131 cum
467 2110 562 2131 omnes
581 2102 697 2139 (animae)
714 2102 826 2130 liberum

42 2150 158 2178 habeant
172 2150 326 2183 arbitrium,
349 2154 377 2178 et
390 2154 484 2185 sponte
501 2157 549 2178 sua
569 2149 612 2177 vel
632 2149 747 2177 virtutes
765 2156 828 2184 pos-

42 2196 97 2224 sint
111 2203 218 2232 capere,
230 2196 273 2224 vel
290 2197 366 2230 vitia,
378 2196 430 2224 illm
439 2197 524 2224 multo
538 2196 566 2223 in
577 2196 662 2231 pejori
673 2195 828 2224 conditione

878 956 933 979 tum
956 956 1069 986 usurpat
1089 951 1116 978 in
1131 952 1183 978 line
1196 950 1289 978 homil.
1308 950 1325 977 6
1346 951 1374 977 in
1387 950 1470 977 Num.
1490 951 1555 978 ltem
1573 950 1636 978 illud
1653 959 1669 978 e

875 997 1003 1033 parabola
1025 1005 1106 1032 quam
1125 998 1250 1033 proponit
1272 997 1398 1025 Christus
1421 995 1518 1024 Matth.
1532 1005 1609 1030 xvnt,
1623 997 1668 1030 15,

876 1051 939 1071 cum
957 1050 1066 1070 servum
1081 1050 1195 1077 nequam
1213 1043 1300 1070 iratus
1319 1043 1443 1076 dominus
1455 1042 1540 1077 jussit
1552 1043 1666 1070 tortori—

876 1087 926 1115 bus
938 1087 1018 1119 tradi,
1035 1088 1123 1123 quoad
1139 1088 1261 1116 debitum
1275 1088 1410 1129 integrum
1424 1089 1591 1117 refunderet.
1605 1088 1663 1116 Un-

876 1134 908 1162 de
921 1133 1052 1169 Origenes
1064 1134 1157 1161 homil.
1171 1134 1206 1161 55
1220 1134 1247 1161 in
1262 1134 1340 1166 Luc.,
1364 1144 1372 1160 ι
1387 1134 1453 1168 Qua:
1465 1139 1507 1162 est.
1518 1134 1559 1161 lex
1574 1142 1669 1162 carce-

876 1180 914 1207 ris
928 1180 1004 1208 istius
1019 1179 1165 1216 (inferni)?
1180 1179 1237 1208 Non
1261 1181 1385 1215 egredior
1409 1187 1443 1207 ex
1465 1188 1509 1213 eo,
1525 1187 1611 1215 neque
1625 1188 1668 1208 me

875 1231 986 1255 exactor
1002 1227 1106 1262 patitur
1120 1227 1206 1260 exire,
1225 1227 1276 1255 nisi
1297 1227 1417 1254 debitum
1433 1235 1513 1255 omne
1529 1227 1668 1262 persolve-

875 1280 938 1301 ro.»
960 1273 1061 1301 Fraudi
1085 1274 1110 1302 ei
1140 1274 1191 1301 fuit
1212 1281 1353 1309 perperam
1381 1279 1520 1309 acceptum
1543 1277 1572 1301 et
1591 1273 1665 1301 istud

874 1319 998 1354 Apostoli
1013 1319 1093 1349 Rom.
1105 1327 1143 1352 ιιι,
1161 1319 1207 1348 25.
1221 1319 1267 1352 26,
1292 1329 1301 1345 ι
1312 1319 1425 1347 Caecitas
1441 1327 1474 1347 ex
1489 1324 1567 1354 parte
1580 1320 1667 1347 conti-

874 1366 913 1401 git
933 1366 959 1393 in
984 1365 1077 1398 Israel,
1102 1366 1190 1393 donec
1222 1365 1361 1400 plenitudo
1385 1365 1505 1400 gentium
1528 1365 1668 1399 intraret,

874 1417 901 1439 et
913 1411 952 1439 slc
968 1411 1058 1439 omnis
1071 1411 1155 1439 lsrael
1169 1411 1260 1439 salvus
1272 1411 1359 1439 fieret.
1373 1421 1382 1437 ι
1401 1411 1556 1438 Piaculares
1567 1415 1667 1444 autem,

875 1466 943 1493 quas
957 1458 1024 1492 dixi,
1038 1462 1066 1485 et
1076 1458 1248 1493 purgatorias
1261 1465 1357 1492 poenas
1381 1457 1424 1485 his
1436 1458 1558 1485 defendit
1575 1457 1668 1485 verbis

874 1511 908 1532 ex
930 1503 1019 1532 lCor.
1044 1511 1086 1536 tn,
1105 1504 1149 1537 12,
1177 1504 1203 1532 in
1233 1504 1332 1539 quibus
1363 1503 1576 1539 uniuscujusque
1600 1511 1669 1538 opus

875 1550 937 1586 igne
955 1550 1139 1578 examinatum
1158 1550 1191 1578 iri
1210 1550 1310 1578 Paulus
1327 1549 1454 1578 afﬁrmat.
1471 1550 1539 1578 Aliis
1555 1550 1668 1585 quibus-

875 1595 938 1624 dam
952 1597 1086 1631 opinionis
1105 1597 1184 1631 hujus
1194 1597 1405 1632 propugnaculis
1418 1596 1456 1624 uti
1473 1596 1561 1624 solere
1573 1596 1669 1631 Orige-

875 1643 962 1671 nistas
980 1642 1063 1670 tradit
1081 1642 1261 1678 Hieronymus
1283 1642 1318 1670 ad
1341 1642 1442 1670 calcem
1458 1641 1669 1669 Commentario-

876 1696 934 1715 rum
953 1689 980 1715 in
1000 1687 1119 1720 Isaiam;
1142 1688 1193 1715 hoc
1217 1688 1343 1715 nimirum
1366 1687 1441 1715 Pauli
1463 1687 1543 1715 Rom.
1557 1695 1597 1721 xi,
1620 1688 1668 1720 52,

879 1733 1037 1761 «Conclusit
1057 1733 1130 1761 Deus
1153 1733 1245 1761 omnia
1271 1734 1321 1761 sub
1348 1738 1471 1768 peccato,
1496 1737 1526 1760 ut
1542 1733 1669 1760 omnibus

876 1779 1055 1811 misereatur;
1069 1787 1079 1804 ι
1094 1782 1122 1805 et
1142 1778 1188 1806 illo
1209 1778 1291 1806 Mich.
1306 1785 1353 1811 vn,
1375 1778 1391 1805 9
1414 1787 1421 1804 :
1445 1787 1454 1804 ι
1469 1777 1537 1805 lram
1561 1777 1668 1805 Domini

876 1824 1030 1858 sustinebo,
1044 1824 1107 1858 quia
1121 1824 1230 1858 peccavi
1243 1824 1268 1851 ei
1285 1831 1293 1851 :
1312 1823 1399 1851 donec
1410 1823 1542 1859 justiﬁcet
1555 1831 1666 1851 causam

876 1878 975 1903 meam,
991 1875 1019 1898 et
1040 1869 1148 1897 auferat
1167 1869 1299 1904 judicium
1314 1877 1415 1904 meum,
1435 1874 1463 1898 et
1473 1870 1570 1898 educat
1584 1877 1626 1896 me
1640 1871 1666 1897 in

876 1917 1005 1950 lucem;r
1025 1921 1053 1944 et
1063 1917 1122 1952 1_hoc
1143 1916 1225 1944 etiam
1249 1916 1328 1944 Isaia:
1344 1915 1423 1949 xtt,l
1446 1925 1454 1943 :
1481 1925 1491 1942 ‹
1504 1916 1667 1944 Benedicam

877 1969 914 1997 te,
927 1964 1049 1996 Domine,
1061 1963 1185 1998 quoniam
1196 1964 1281 1991 iratus
1295 1970 1325 1991 es
1332 1963 1397 1990 mihi
1411 1971 1418 1989 :
1434 1962 1555 1990 avertisti
1572 1962 1666 1990 faciem

878 2014 951 2037 tuam
962 2017 977 2037 a
993 2016 1046 2043 me,
1059 2014 1086 2037 et
1102 2009 1229 2037 misertus
1248 2017 1278 2036 es
1293 2008 1361 2042 mei;
1384 2017 1394 2035 ι
1407 2016 1511 2036 necnon
1527 2012 1555 2036 et
1567 2009 1618 2036 isto
1629 2008 1667 2035 0-

877 2063 930 2084 seaa
942 2063 998 2089 xiv,
1014 2055 1030 2082 5
1045 2064 1052 2082 :
1068 2063 1077 2080 ι
1092 2055 1159 2082 Cum
1179 2055 1218 2082 ira
1241 2054 1342 2082 furoris
1365 2054 1418 2082 mei
1433 2053 1582 2087 transierit,
1605 2061 1668 2081 rur-

877 2110 936 2130 sum
965 2103 1101 2135 sanabo,»
1126 2107 1206 2136 atque
1231 2101 1323 2129 itidem
1348 2100 1393 2129 illo
1417 2101 1513 2136 psalm.
1531 2108 1598 2133 xxx,
1620 2100 1668 2132 20,

881 2158 890 2175 ι
903 2149 989 2182 Quam
1018 2148 1129 2184 grandis
1145 2147 1288 2175 multitudo
1301 2147 1432 2176 bonitatis
1453 2151 1514 2180 tuae,
1542 2146 1667 2179 Domine,

879 2202 960 2230 quam
976 2193 1139 2222 abscondisti
1156 2193 1313 2221 timentibus
1330 2193 1372 2221 te!
1391 2204 1402 2220 ι

42 2246 133 2275 erunt,
152 2249 233 2277 quam
256 2250 328 2270 nunc
351 2247 432 2275 sunt;
451 2242 493 2270 hae
516 2242 549 2270 ad
565 2241 703 2269 meliorem
726 2246 825 2269 statum
841 2244 864 2271 D
914 2241 1013 2269 Verum
1033 2248 1087 2269 non
1106 2241 1192 2268 sacris
1207 2240 1340 2267 duntaxat
1353 2239 1523 2274 auctoribus,
1540 2240 1588 2267 sed
1608 2247 1667 2275 νιος

42 2288 199 2322 pervenient
214 2298 220 2316 :
237 2288 300 2323 quia
314 2288 413 2316 diversi
433 2293 533 2321 motus,
543 2292 570 2315 et
580 2288 663 2316 varia:
676 2288 826 2316 voluntates

44 2334 71 2361 in
83 2338 225 2369 utramque
242 2338 346 2369 partem
363 2335 500 2362 diversum
516 2334 650 2369 accipient
673 2338 785 2367 statum,
799 2334 825 2361 id

44 2384 96 2413 est,
108 2384 136 2407 ut
146 2380 245 2416 angeli,
268 2381 391 2409 homines
414 2382 456 2409 vel
469 2381 613 2413 daemones,
632 2385 659 2408 et
671 2388 776 2409 rursum
790 2387 824 2408 ex

45 2427 87 2454 his
109 2426 251 2461 homines;
268 2427 310 2455 vel
339 2427 426 2462 angeli
451 2427 534 2461 ﬁant;
547 2437 556 2453 ι
586 2431 613 2454 et
634 2426 678 2455 illa
692 2434 708 2455 e
724 2426 771 2457 lib.
784 2435 826 2461 In,

45 2478 104 2506 cap.
117 2471 142 2503 6,
156 2479 231 2499 num.
247 2472 275 2505 5,
301 2481 312 2498 ι
323 2471 380 2500 Nec
391 2471 502 2499 dubium
524 2475 565 2499 est
583 2471 646 2507 quin
668 2475 729 2506 post
751 2479 827 2506 qua:-

47 2518 106 2545 dam
122 2518 260 2546 intervalla
275 2523 427 2554 temporum
442 2525 538 2546 rursus
552 2517 664 2545 materia
683 2517 824 2550 subsistat,

46 2569 73 2591 et
91 2570 200 2599 corpora
223 2565 300 2598 fiant,
321 2569 350 2593 et
367 2565 460 2593 mundi
481 2564 624 2592 diversitas
642 2567 825 2595 construatur,

49 2615 152 2645 propter
171 2610 263 2638 varias
281 2610 434 2638 voluntates
462 2610 663 2638 rationabilium
684 2614 825 2637 creatura-

49 2664 114 2689 rum,
127 2664 186 2692 quae
201 2662 262 2692 post
272 2655 418 2692 perfectam
435 2656 627 2684 beatitudinem
646 2663 730 2691 usque
746 2656 779 2682 ad
793 2656 826 2683 ti-

50 2709 106 2729 nem
125 2702 243 2730 omnium
260 2710 350 2730 rerum
371 2701 503 2737 paulatim
517 2702 550 2729 ad
571 2702 698 2730 inferiora
712 2700 827 2736 delapsa:

51 2754 144 2776 tantam
156 2748 284 2776 malitiam
295 2753 467 2783 receperunt,
483 2752 513 2775 ut
522 2749 548 2776 in
565 2748 729 2776 contrarium
741 2752 829 2775 verte-

53 2799 149 2829 rentur,
166 2795 230 2823 dum
243 2795 338 2823 nolunt
350 2802 460 2824 servare
473 2795 647 2831 principium,
660 2799 687 2824 et
701 2795 825 2824 incorru-

79 2896 130 2933 (50)
142 2896 210 2926 Vide
225 2895 305 2926 linem
316 2896 362 2926 lib.
376 2903 385 2925 ι
401 2892 440 2925 De
455 2895 567 2932 princip.

876 2288 947 2315 fanis
963 2287 1046 2315 etiam
1069 2287 1217 2322 regendum
1236 2293 1298 2315 sese
1319 2286 1427 2314 videtur
1439 2285 1572 2322 Origenes
1587 2287 1669 2314 tradi-

876 2334 948 2362 disse
963 2342 971 2361 :
984 2333 1088 2360 Platoni
1105 2333 1247 2368 imprimis,
1262 2332 1308 2367 qui
1329 2332 1356 2360 in
1376 2331 1510 2360 Phwdone
1523 2332 1663 2360 Socratem

876 2380 979 2407 inducit
991 2380 1028 2406 ita
1043 2378 1224 2407 disserentem
1243 2387 1250 2405 :
1266 2378 1405 2406 hominum
1417 2378 1463 2414 qui
1478 2385 1539 2407 sese
1552 2379 1668 2406 terrenis

880 2425 1074 2460 cupiditatibus
1085 2424 1249 2458 dediderint,
1275 2425 1381 2452 animas
1392 2425 1465 2452 circa
1482 2424 1607 2460 sepulcra
1620 2432 1667 2451 va-

880 2476 975 2506 gantes
989 2471 1107 2505 pendere
1119 2477 1223 2505 pinnas.
1236 2471 1324 2506 quoad
1339 2472 1598 2506 rursuscorporibus
1610 2471 1668 2498 alli-

880 2521 988 2552 gentur.
1002 2516 1085 2558 Docet
1105 2516 1206 2544 ibidem
1228 2515 1369 2548 Socrates.
1383 2521 1506 2544 mortuos
1525 2516 1560 2544 ab
1571 2523 1603 2544 eo
1614 2517 1667 2544 dae-

880 2570 973 2596 mone,
989 2563 1035 2597 qui
1057 2562 1209 2590 viventibus
1223 2562 1288 2597 ipsis
1308 2563 1453 2598 obtigerat,
1469 2562 1564 2590 deduci
1578 2563 1613 2590 ad
1625 2562 1667 2590 in-

880 2609 962 2641 feros,
976 2614 1002 2635 et
1014 2612 1075 2643 post
1095 2607 1174 2643 longa
1189 2608 1286 2635 deinde
1305 2608 1433 2642 temporis
1457 2607 1544 2642 spatia
1567 2607 1601 2635 ab
1614 2607 1667 2635 alio

880 2654 948 2682 duce
961 2654 1092 2682 revocari.
1106 2654 1151 2681 Ait
1162 2654 1332 2689 pastmodum
1347 2654 1381 2681 ad
1392 2654 1605 2682 Aeherusiadem
1619 2662 1667 2689 pa“

881 2700 970 2727 ludem
989 2700 1132 2727 convenire
1159 2700 1256 2728 multas
1268 2704 1436 2728 mortuorum
1460 2700 1576 2733 animas,
1606 2707 1667 2735 qua;

881 2751 943 2782 post
956 2747 1093 2775 breviores
1108 2746 1150 2774 vel
1163 2747 1347 2774 diuturniores
1363 2751 1514 2782 temporum
1536 2747 1665 2778 ambitus.

881 2800 991 2822 rursum
1018 2794 1053 2822 ad
1076 2793 1232 2822 animalium
1260 2793 1460 2828 generationem
1491 2792 1664 2825 emittantur;
