1912 3079
258 127 321 155 1051

892 133 921 160 P.
942 133 1097 162 DANIELIS
1116 135 1231 163 llUETll

1807 147 1866 175 1032

255 190 422 217 sanabilibus
438 190 518 217 modo
532 191 609 218 noxis
626 191 772 227 inquinata:
793 193 848 221 sint
864 202 870 220 :
893 201 953 229 qum
972 202 1037 222 vero
1054 198 1076 226 Α
1090 195 1147 223 buit
1161 197 1356 230 pmnitentiam,
1372 199 1438 233 quid
1452 200 1485 227 ad
1501 201 1571 228 nos?
1586 211 1596 228 ι
1612 207 1640 230 et
1656 203 1706 232 lib.
1719 211 1745 231 vt
1760 205 1786 231 in
1798 205 1865 232 Ιςαὸιτ

254 236 352 264 ἀνίατα
374 236 486 263 crimina
512 237 680 271 admiserint,
708 239 814 267 detrudi
833 241 859 267 in
883 240 1038 274 Tartarum,

254 283 324 309 unde
344 282 414 309 nulla
431 290 492 317 spes
511 284 626 311 exeundi
647 286 774 320 supersit.
794 286 901 320 Repetit
921 288 1035 322 idipsum

252 329 279 356 in
294 329 402 362 Gorgia,
415 336 565 364 poenasque
581 327 756 365 temporarias
772 333 919 360 levioribus
943 334 1030 369 culpis

252 374 448 401 insanabilibus
461 383 526 402 vero
545 382 670 410 :etcrnas,
685 382 711 404 et
732 378 783 405 ﬁne
794 379 928 407 carituras
942 381 1035 408 decer-

251 420 301 447 nit.
313 420 384 447 ldem
400 420 449 448 lib.
462 429 477 448 ιι
491 421 527 448 De
546 423 645 456 republ.
664 430 696 449 ex
711 423 773 451 lleri
791 424 928 457 cujusdam
942 427 1036 454 Arme-

251 467 287 493 nii
314 474 428 501 persona
449 468 553 495 animas
568 474 660 496 narrat
680 477 713 497 ex
732 471 801 499 ccelo
821 472 871 499 Sub
888 476 983 506 terras,
1004 481 1035 501 ac

250 513 382 544 vicissim,
396 513 467 540 ultro
488 514 610 548 citroque
626 523 765 549 remeare;
786 524 845 551 (pne
858 517 926 546 ccelo
940 518 1035 546 fruun-

251 563 304 590 tur,
322 559 424 586 deliciis
438 559 489 587 illic
502 564 530 586 et
546 560 643 594 gaudio
667 561 804 595 perfundi;
820 570 880 597 qum
892 564 942 591 sub
955 565 1034 593 terris

249 606 361 640 agitant,
375 605 429 632 illic
439 605 542 641 χιλιετῆ
557 606 669 642 πθρείαν
684 614 835 642 capessere.
853 616 884 636 ac
901 609 960 638 inde
974 614 1033 638 tan—

248 652 307 678 dem
325 652 411 678 exire.
427 652 460 678 Et
481 652 507 679 in
525 652 633 687 Timore,
648 654 764 680 animam
784 662 843 690 qua:
855 660 929 684 recte
946 656 990 683 hic
1002 664 1032 684 se

247 697 373 730 gesserit,
391 697 487 724 sideris
507 697 534 724 in
549 705 689 725 numerum
712 698 807 726 referri
829 701 942 733 asserit;
971 709 1032 736 qua:

247 742 324 774 male,
337 743 362 769 in
376 742 507 770 muliebre
520 751 618 778 corpus
631 744 734 772 demitti
747 753 754 776 ;
772 746 879 781 utrique
895 754 959 774 vero
971 752 1032 781 post

249 789 320 815 mille
337 797 468 816 annorum
485 790 647 817 curriculum
661 798 736 817 novm
752 791 815 818 vita:
827 792 964 826 optionem
985 793 1031 819 tla-

246 835 285 866 ri;
299 840 328 862 et
341 842 400 869 quae
415 836 491 862 novis
511 843 571 862 sese
593 836 783 864 contaminarit
796 837 880 870 vitiis,
899 838 924 864 in
949 846 1029 872 pecu-

245 883 307 909 dum
325 890 437 916 corpora
461 882 611 918 relegatum
632 883 684 916 iri;
701 891 786 918 neque
804 884 934 912 malorum
950 885 1030 912 ﬁnetn

244 933 306 955 ante
330 929 492 960 habituram,
515 936 595 963 quam
617 929 834 957 atllnerescentes
852 931 902 958 sibi
921 938 953 957 ex
970 931 1032 958 ele—

243 978 394 1001 mentorum
418 974 532 1001 colluvie
559 975 654 1001 sordes
678 975 783 1002 ratione
802 976 943 1010 depulerit.
965 976 1030 1010 Qua:

243 1021 269 1047 in
283 1021 351 1047 libro
368 1021 405 1048 De
423 1021 592 1048 universitate
611 1029 625 1047 a
644 1020 732 1048 Tullio
755 1021 850 1049 Latine
868 1022 982 1055 reddita,
1002 1027 1030 1050 et

241 1068 276 1094 ab
292 1068 406 1095 Alcinoo
420 1075 480 1101 cap.
495 1067 529 1094 16
542 1067 654 1102 repetita
670 1071 788 1094 exstant.

276 1113 416 1141 Postremo
438 1113 550 1139 nimium
568 1112 722 1139 obterendae
736 1111 930 1140 Valentinianze
943 1113 1029 1140 hmre-

241 1168 302 1188 seos
316 1159 479 1187 desiderium
503 1158 613 1191 Origeni
642 1158 749 1184 errandi
776 1165 888 1185 causam
913 1158 1021 1190 obtulit,

240 1214 301 1233 nam
316 1213 378 1233 cum
392 1205 429 1232 illi
452 1204 572 1231 damnari
587 1211 638 1231 non
651 1211 730 1237 posse
747 1205 899 1237 crederent,
917 1205 962 1239 qui
981 1212 1024 1231 es-

238 1257 298 1280 sent
313 1252 441 1286 spiritalis
459 1254 580 1283 naturre';
602 1251 717 1284 servari,
734 1251 778 1285 qui
795 1255 926 1285 terrenae;
941 1256 968 1278 et
983 1252 1025 1278 in-

238 1302 280 1325 ter
308 1298 357 1325 hos
374 1297 508 1324 diabolum
534 1301 687 1329 censerent,
713 1296 824 1331 angelos
849 1297 919 1324 inter
942 1296 1023 1324 illos:

237 1343 366 1377 Origenes
383 1344 408 1370 in
426 1343 531 1370 diversa
549 1343 645 1370 abiens
662 1342 815 1377 cespitarit,
833 1349 959 1370 asserens
973 1350 1023 1369 an-

237 1388 311 1423 gelos
327 1389 449 1416 damnari
474 1396 562 1423 posse,
590 1393 618 1416 et
633 1388 738 1422 aliquos
757 1389 848 1422 reipsa
860 1388 1023 1423 quandoque

236 1435 377 1466 damnari;
398 1433 535 1461 diabolum
551 1433 654 1461 servari
670 1440 761 1468 posse,
778 1437 806 1461 et
820 1440 1022 1468 revera_serva—

236 1485 292 1507 tum
308 1480 453 1513 aliquando
466 1479 511 1506 iri.

1090 249 1146 273 xtv,
1161 241 1207 273 90.
1225 251 1234 267 t
1249 241 1297 270 Ubi
1309 249 1372 270 sunt
1389 252 1455 279 ergo
1471 246 1517 279 qui
1529 246 1594 273 dant
1619 248 1731 276 diabolo
1747 251 1865 283 paenitea-

1090 287 1164 318 tiam,
1178 291 1206 313 et
1222 288 1318 315 dicunt
1333 289 1407 316 illttm
1431 298 1511 324 posse
1532 294 1677 321 mundari?
1689 305 1699 320 ι
1724 300 1752 323 et
1770 296 1813 324 lib.
1826 306 1865 325 rtu

1087 333 1115 359 in
1132 331 1212 359 Isaia:
1239 340 1299 368 cap.
1315 341 1399 368 xxvu,
1413 343 1484 363 vers.
1497 337 1525 368 l‘,
1543 347 1553 363 ‹
1567 337 1618 371 Qui
1635 339 1732 367 dicuttt
1743 342 1866 370 diabolum

1087 382 1212 404 acturum
1242 379 1443 412 pmoitentiam,
1475 386 1502 408 et
1524 384 1630 410 veniam
1658 392 1861 414 consecuturum

1087 422 1297 457 interpretentur
1317 424 1394 451 nobis
1407 426 1543 459 quomodo
1558 427 1610 455 hoc
1628 430 1776 464 accipiant,
1802 433 1866 466 quod

1086 468 1217 502 scriptum
1239 474 1282 495 est
1306 477 1312 496 :
1330 469 1363 496 Et
1387 470 1530 498 iuterticirt
1554 473 1699 501 draconem
1717 475 1763 508 qui
1782 480 1822 502 est
1843 476 1865 502 in

1086 513 1196 544 marip
1219 519 1246 540 et
1258 514 1305 542 lib.
1322 522 1330 541 ι
1351 515 1378 541 in
1396 515 1462 542 Dan.
1480 524 1520 548 ιιι,
1534 517 1609 544 96H
1624 518 1740 552 Quidam
1760 521 1867 555 pessime

1085 559 1117 585 ad
1141 559 1276 587 diabolum
1298 560 1428 594 referunt,
1453 562 1524 596 qttod
1543 564 1569 590 in
1590 567 1822 594 consummatione
1843 574 1866 595 ct

1084 603 1137 631 line
1151 605 1243 632 mundi
1256 605 1338 632 etiam
1353 606 1409 640 ipse
1424 607 1536 642 recipiat
1550 609 1673 636 notitiam
1689 610 1749 643 Dei,
1769 617 1797 639 et
1815 620 1865 640 om-

1083 657 1131 677 nes
1144 651 1177 677 ad
1192 651 1377 685 paenitentiam
1389 652 1558 681 cohortetur.
1573 664 1583 680 ›
1609 655 1752 685 Acerrime
1764 665 1825 686 vero
1841 659 1866 686 ἰιι

1081 695 1157 722 Ιοηιτ
1171 703 1210 727 ιιι,
1227 696 1254 728 6,
1275 697 1407 725 adversus
1435 697 1585 725 doctrinam
1611 699 1682 727 hanc
1711 701 1864 730 invehitur:

1084 740 1243 775 (Alioquin.
1267 742 1366 776 inquit,
1383 743 1406 770 si
1431 750 1525 770 omnes
1548 744 1724 774 rationabiles
1740 753 1866 776 creaturi:

1080 786 1199 820 :equales
1223 791 1296 820 sunt,
1321 792 1348 814 et
1375 788 1415 815 vel
1434 795 1467 816 ex
1492 789 1648 822 virtutibus,
1667 791 1709 819 vel
1733 800 1766 820 ex
1797 794 1864 821 vitiis

1081 836 1176 866 sponte
1193 833 1301 868 propria
1325 837 1373 860 aut
1402 840 1508 861 sursum
1527 835 1680 869 eriguntur,
1704 842 1750 864 aut
1774 838 1800 865 in
1816 839 1863 865 ima

1050 867 1070 894 Β
1084 867 1254 911 merguntur,
1276 881 1300 904 et
1319 877 1400 912 longo
1422 883 1482 912 post
1506 867 1620 906 circuitu
1651 867 1732 916 atque
1755 882 1863 910 inﬁnitis

1083 921 1198 954 sarculis,
1215 923 1335 949 omnium
1360 930 1450 949 rerum
1477 923 1611 952 restitutio
1633 924 1690 957 ﬁet,
1713 931 1741 953 et
1758 935 1810 954 una
1824 928 1861 954 tli-

1082 967 1171 1002 gnitas
1188 968 1383 1000 militantium;
1406 976 1466 1003 qua:
1478 968 1605 996 distantia
1625 971 1675 998 erit
1698 972 1771 999 inter
1787 973 1862 1007 virgi-

1081 1020 1143 1039 nem
1160 1018 1185 1039 et
1206 1013 1382 1047 proslibttlttut
1394 1014 1406 1040 ?
1417 1023 1476 1048 qua:
1493 1015 1644 1044 dilIerentia
1655 1017 1705 1044 erit
1723 1018 1795 1045 inter
1808 1019 1861 1046 bla-

1081 1063 1149 1086 trem
1164 1059 1280 1092 Domini,
1299 1064 1325 1086 et
1339 1059 1420 1094 (quod
1436 1061 1507 1088 dictu
1525 1068 1632 1098 quoque
1649 1064 1739 1091 scelus
1759 1065 1811 1100 est)
1827 1066 1862 1092 ri-

1078 1105 1175 1131 ctimas
1191 1104 1330 1131 libidinum
1344 1106 1530 1140 publicarum?
1549 1108 1655 1135 idemne
1678 1109 1731 1136 erit
1743 1109 1860 1143 Gabriel,

1078 1155 1105 1177 et
1117 1150 1259 1178 diabolus?
1279 1151 1384 1178 idemne
1396 1153 1518 1186 apostoli,
1543 1158 1570 1180 et
1584 1154 1742 1181 daemones?
1757 1155 1862 1183 idemne

1077 1196 1225 1229 prophetae,
1245 1200 1272 1223 et
1294 1197 1552 1233 pseudoprophetaa?
1576 1199 1646 1226 idem
1666 1205 1812 1236 martyres,
1835 1207 1861 1229 et

1076 1241 1288 1276 persecutores?
1311 1242 1396 1278 Finge
1417 1244 1555 1278 quaelibet,
1581 1253 1665 1273 annos
1694 1251 1721 1274 et
1741 1251 1860 1282 tempora

1075 1285 1191 1321 duplica,
1207 1293 1235 1314 et
1258 1287 1378 1316 inﬁnitas
1392 1294 1484 1317 aetates
1502 1297 1618 1325 congere
1638 1291 1822 1326 cruciatibus;
1838 1293 1860 1320 si

1075 1331 1136 1359 ﬁnis
1150 1333 1268 1360 omnium
1288 1333 1385 1361 similis
1404 1339 1456 1367 est,
1473 1336 1636 1370 prteteritum
1652 1344 1734 1365 omne
1757 1345 1808 1372 pro
1819 1339 1859 1365 ni-

1074 1376 1129 1404 hilo
1139 1382 1188 1411 est,
1206 1378 1268 1411 quia
1293 1387 1346 1406 non
1363 1380 1510 1414 quaerimus
1527 1381 1598 1415 quod
1615 1381 1762 1416 aliquando
1781 1383 1860 1411 fueri-

1073 1431 1143 1457 mus,
1166 1424 1213 1451 sed
1228 1424 1292 1458 quid
1312 1432 1422 1459 semper
1436 1427 1517 1453 futuri
1536 1434 1639 1455 sumus.
1652 1436 1662 1454 ι
1686 1428 1755 1456 Aliis
1770 1428 1860 1463 hujus-

1072 1470 1144 1497 modi
1160 1469 1295 1505 plerisque
1310 1471 1459 1499 referendis
1480 1473 1652 1507 supersedeo.
1670 1473 1755 1501 Miror
1770 1475 1860 1510 itaque

272 1525 341 1553 XXI.
358 1525 468 1552 Minime
480 1532 545 1560 ergo
555 1525 653 1552 mirum
673 1529 713 1553 est
726 1517 855 1557 Platonis,
866 1524 1020 1553 Platonico—
1034 1534 1055 1564 ς
1072 1515 1136 1564 ‘_l_“i_d
1151 1515 1177 1542 in
1194 1521 1310 1564 mfi'l‘em
1327 1517 1430 1545 νευεπίῑ
1445 1517 1576 1564 ῌξλΗΪΠῘΟι
1591 1526 1640 1546 απ
1652 1524 1765 1554 negam-
1777 1519 1823 1547 lib-
1834 1528 1859 1547 Π

234 1580 349 1606 rumque
371 1573 471 1599 dictata
494 1573 647 1600 audientem
672 1572 875 1605 Adamantium,
895 1576 922 1599 et
940 1572 1020 1599 Chri-

233 1618 328 1645 stianis
339 1618 432 1644 cadent
455 1625 507 1644 non
522 1617 588 1645 satis
605 1622 684 1645 caule
702 1622 910 1652 proponentem,
928 1617 1020 1651 explo-

233 1670 293 1690 sum
310 1671 323 1689 a
342 1663 469 1690 Patribns
490 1671 522 1690 ac
538 1663 666 1698 rcjectutn
690 1664 782 1690 fuisse.
802 1663 931 1690 Futurum
945 1663 1018 1690 illam

232 1708 331 1735 diaboli
346 1709 550 1736 conversionem
566 1714 593 1736 et
615 1708 728 1735 salutem
742 1715 834 1736 amare
845 1708 908 1735 huic
922 1715 1019 1743 expro-

230 1754 292 1782 brat
304 1754 469 1788 Epiphanius
487 1755 513 1782 in
534 1754 612 1789 epist.
626 1755 659 1781 ad
672 1753 749 1781 Joan.
762 1753 896 1787 Jeroso|.,
913 1761 972 1789 cap.
988 1754 1016 1786 5,

230 1804 258 1827 et
272 1800 298 1827 ia
327 1801 435 1836 synopsi
454 1800 542 1828 tomil
567 1800 687 1832 I‘anarii,
713 1799 758 1827 lib.
774 1807 805 1833 ιι,
827 1807 885 1834 cap.
902 1800 946 1828 l8.
963 1799 1016 1826 Ex—

229 1846 341 1880 probrat
357 1851 384 1872 et
398 1845 561 1881 Theophilus
572 1845 698 1874 Paschal.
714 1853 733 1872 ll
750 1846 792 1873 his
808 1846 898 1873 verbis
913 1853 921 1872 :
941 1855 950 1871 ε
965 1845 1016 1873 Ta-

230 1890 264 1917 lis
276 1895 368 1924 pastor
381 1891 470 1925 gregis
495 1891 609 1917 morbidi
624 1890 761 1918 Christum
780 1891 879 1926 ubique
892 1891 1017 1926 suggillat

190 1956 194 1959 .
229 1935 345 1969 injuriis,
366 1940 394 1962 et
413 1936 547 1962 diabolum
563 1936 665 1963 honore
700 1935 827 1966 sustollit,
856 1937 919 1963 dum
941 1936 1014 1964 illum

229 1981 324 2007 asserit
338 1985 480 2016 purgatum
493 1980 565 2008 vitiis
577 1986 656 2014 atque
670 1981 791 2015 peccatis
805 1981 949 2015 pristinam
965 1982 1015 2008 ali-
1034 2004 1036 2007 .

227 2026 335 2060 quando
349 2025 461 2060 gloriam
477 2031 656 2061 recepturum,
678 2031 706 2053 et
721 2027 794 2053 hunc
808 2034 920 2061 regnare
939 2027 1014 2054 desi-

226 2077 308 2103 stere,
324 2072 457 2107 simulque
468 2080 529 2100 cum
546 2072 651 2099 diabolo
665 2073 715 2100 sub
731 2072 822 2100 Patris
838 2073 951 2107 imperio
967 2081 1012 2100 re-

226 2118 381 2153 digendum.
394 2128 403 2144 ι
415 2118 593 2152 Hieronymus
607 2118 685 2153 epist.
699 2117 746 2157 59,
760 2118 793 2144 ad
809 2118 894 2150 Avit.,
907 2126 967 2153 cap.
984 2120 1010 2152 Ι,

226 2165 326 2191 dixisse
348 2172 409 2192 eum
429 2164 563 2198 queritur,
590 2173 599 2189 ‹
612 2170 717 2191 omnem
735 2168 888 2191 creaturam
914 2171 1011 2192 secun-

225 2211 287 2237 dum
302 2211 470 2245 Apostolum,
484 2210 595 2237 vanitati
609 2217 669 2237 esse
683 2209 844 2243 subiectam,
858 2214 885 2237 et
899 2210 1009 2238 liberari

225 2258 250 2284 in
269 2257 458 2284 revelationem
478 2257 592 2284 filiorum
606 2257 666 2289 Dei,
681 2266 690 2282 ι
709 2261 737 2284 et
756 2257 783 2284 in
805 2258 884 2291 epist.
901 2257 946 2291 61,
976 2258 1010 2286 ad

224 2303 392 2335 Pammacb.,
420 2311 478 2338 cap.
490 2303 517 2336 5,
537 2304 628 2338 «quod
653 2304 725 2331 dicat
749 2309 776 2331 et
804 2303 956 2336 diabolum,
982 2308 1010 2332 et

222 2350 357 2377 daemones
382 2354 489 2376 actttros
513 2349 696 2383 pmnitentiam
721 2349 876 2384 aliquando,
894 2353 923 2376 et
947 2356 1007 2376 cum

221 2395 322 2422 sanctis
335 2395 429 2422 ultimo
444 2398 564 2428 tempore
578 2398 752 2429 reguaturos;
767 2403 775 2420 ι
794 2395 864 2428 quod
879 2399 906 2421 et
921 2393 1007 2422 fusius

220 2440 336 2475 explicat
351 2447 409 2474 cap.
422 2440 439 2466 5
451 2444 479 2467 et
498 2440 524 2466 in
547 2440 628 2473 epist.
643 2440 688 2473 65,
709 2440 742 2467 ad
756 2439 916 2467 Pammacb.
930 2445 957 2467 et
969 2439 1007 2467 0-

218 2492 308 2517 cean.,
330 2491 389 2519 cap.
400 2485 428 2517 2,
443 2484 559 2512 sensisse
581 2484 653 2510 lllllm
670 2484 708 2511 ait
723 2491 730 2511 :
747 2493 756 2510 ι
771 2484 837 2511 Post
850 2484 934 2512 multa
955 2492 1006 2512 sa:-

219 2531 289 2564 cula,
319 2526 400 2565 atque
421 2538 500 2557 uuam
517 2530 637 2557 omnium
653 2529 864 2562 restitutionem,
890 2530 1004 2565 idipsnut

218 2576 276 2604 fore
290 2576 453 2607 Gabrielem,
465 2576 536 2610 quod
550 2575 704 2607 diabolum;
717 2574 845 2607 Paulum,
856 2576 926 2610 quod
944 2575 1005 2602 Cai-

217 2623 316 2657 pham;
332 2621 545 2656 virgines,quod
559 2620 741 2656 prostibulas;
754 2629 763 2646 ι
780 2625 807 2647 et
823 2621 849 2648 in
864 2621 943 2656 epist.
957 2620 1001 2653 75,

216 2669 250 2696 ad
269 2669 455 2704 Vigilantium.
468 2667 562 2695 scribit
579 2667 686 2694 veniam
700 2670 764 2694 tunc
776 2667 931 2694 hominibus
941 2674 1001 2694 con-

216 2714 366 2741 donandam
389 2714 557 2741 existimasse
580 2712 735 2748 Origenem,
760 2713 870 2747 quando
894 2713 1000 2741 diabolo

216 2759 412 2786 condonabitur
428 2767 435 2787 :
451 2763 479 2786 et
500 2758 546 2785 lib.
561 2765 569 2784 ι
589 2758 693 2794 advers.
713 2756 881 2792 Pelagianos,
897 2765 958 2792 cap.
971 2757 998 2789 9,

219 2802 273 2828 «Si
300 2807 400 2835 autem,
428 2802 525 2836 inquit,
546 2802 677 2836 Origenes
705 2809 800 2828 omnes
826 2802 997 2829 rationabiles

216 2852 356 2876 creaturas
369 2848 434 2876 dicit
450 2855 504 2876 non
525 2854 584 2875 esse
601 2846 762 2881 perdendas,
780 2851 805 2875 et
825 2848 933 2875 diabolo
949 2848 996 2874 tri-

1072 1561 1178 1596 Origen.
1209 1562 1322 1596 ἀείρω..
1341 1567 1435 1597 quaest.
1457 1562 1483 1596 5,
1505 1563 1695 1598 Epiphanium,
1722 1564 1860 1600 Theophi-

1071 1607 1136 1640 lum,
1150 1613 1177 1635 et
1191 1607 1383 1643 Hieronymum
1397 1609 1541 1644 quidquam
1557 1610 1590 1637 de
1603 1617 1634 1637 ea
1648 1618 1678 1637 re
1692 1611 1858 1645 prodidisse.

1069 1653 1136 1681 Cum
1148 1658 1246 1681 caetera
1260 1659 1348 1682 autem
1359 1654 1483 1689 Origenis
1495 1662 1647 1683 commenta
1657 1656 1767 1684 defendi
1783 1665 1860 1692 posse

1069 1699 1142 1726 dicat
1171 1699 1338 1735 Augustinus
1366 1701 1431 1728 hair.
1461 1709 1537 1733 thtt,
1567 1703 1599 1729 ad
1625 1702 1858 1735 Quodvultdeum,

1069 1746 1139 1773 istud
1164 1745 1263 1773 frustra
1286 1747 1320 1774 ab
1347 1747 1405 1781 ejus
1427 1748 1613 1775 defensoribtts
1634 1749 1762 1776 excusari
1788 1748 1860 1776 fate-

1068 1795 1112 1818 tur
1129 1799 1137 1817 :
1152 1800 1161 1817 ι
1177 1791 1243 1824 Quis
1253 1792 1324 1819 enim
1336 1791 1491 1820 Catholicus
1502 1793 1674 1821 Christianus
1687 1794 1783 1827 (verba
1796 1800 1861 1822 sunt

1066 1836 1220 1871 Augustini)
1234 1836 1276 1864 vel
1291 1836 1396 1870 docttts,
1411 1837 1451 1864 vel
1465 1838 1589 1865 indoctus
1603 1845 1656 1865 non
1679 1838 1860 1866 vehementer

1066 1881 1210 1909 exborreat
1221 1890 1281 1909 eam
1291 1891 1371 1918 quam
1387 1882 1452 1910 dicit
1463 1883 1649 1918 purgationem
1663 1884 1799 1911 malorum
1809 1905 1817 1916 ,
1831 1885 1859 1912 id

1065 1931 1116 1960 est,
1126 1928 1205 1955 etiam
1213 1935 1260 1955 eos
1267 1929 1311 1964 qui
1320 1929 1389 1956 hanc
1398 1929 1479 1956 vitam
1488 1929 1513 1956 in
1521 1929 1630 1964 ﬂagitiis
1641 1934 1669 1956 et
1678 1929 1858 1961 facinoribus,

1065 1977 1092 1999 et
1107 1973 1267 2007 sacrilegiis,
1280 1978 1360 2008 atqtte
1376 1973 1559 2008 impietatibus
1569 1973 1718 2008 quamlibet
1730 1975 1858 2003 maximis

1064 2018 1190 2045 ﬁnierunt
1210 2029 1217 2045 :
1234 2019 1321 2053 ipsum
1343 2019 1424 2046 etiam
1450 2023 1588 2053 postremo
1613 2019 1750 2046 diabolum
1773 2025 1858 2055 atque

1063 2064 1173 2100 angelos
1185 2065 1252 2099 ejus,
1269 2065 1394 2099 quamvis
1407 2070 1467 2100 post
1478 2065 1634 2099 longissima
1653 2070 1777 2100 tempora
1791 2074 1857 2101 pur-

1062 2114 1139 2143 gatos
1153 2113 1233 2144 atque
1248 2110 1393 2142 liberatos,
1412 2117 1493 2146 regno
1509 2110 1573 2143 Dei,
1597 2110 1705 2145 lucique
1727 2111 1856 2145 restitui;

1063 2158 1090 2181 et
1110 2162 1204 2182 rursus
1226 2160 1286 2189 post
1312 2155 1467 2190 longissima
1493 2160 1614 2190 tempora
1637 2163 1733 2184 omnes
1746 2157 1796 2191 qui
1827 2157 1857 2184 Ιί‹

1025 2199 1146 2232 Dbcrati
1176 2204 1247 2232 sunt,
1277 2200 1310 2227 ad
1341 2200 1399 2228 hazc
1428 2200 1497 2227 mala
1521 2202 1608 2228 denuo
1636 2201 1733 2233 relabi,
1755 2207 1785 2229 et
1809 2209 1856 2228 τεν

1060 2245 1147 2278 verti,
1167 2249 1195 2273 et
1226 2246 1275 2273 has
1301 2245 1373 2273 vices
1407 2245 1572 2272 alternantes
1596 2245 1796 2273 beatitudinum
1828 2252 1856 2273 et

1062 2293 1230 2319 miseriarum
1263 2292 1437 2320 rationabiles
1465 2297 1600 2319 creatura;
1624 2298 1733 2326 semper
1755 2291 1855 2325 fuisse,

1061 2346 1167 2374 semper
1181 2339 1257 2366 fore?
1273 2339 1309 2366 De
1321 2346 1372 2373 qtta
1393 2338 1538 2365 vanissima
1563 2338 1701 2373 impietate
1719 2339 1855 2365 adversus

1062 2385 1244 2420 philosophos,
1261 2392 1276 2411 a
1292 2385 1390 2420 quibus
1407 2385 1458 2411 ista
1470 2384 1563 2411 didicit
1582 2383 1713 2419 Origenes
1730 2385 1757 2411 in
1781 2384 1854 2412 libro

1061 2432 1100 2459 De
1122 2432 1226 2458 ciuitate
1254 2430 1302 2458 Dei
1327 2430 1530 2466 diligentissime
1553 2430 1702 2465 disputavi;
1727 2439 1738 2456 ι
1768 2430 1853 2462 libro,

1060 2479 1166 2513 opinor,
1192 2477 1318 2510 secundo,
1348 2483 1406 2510 cap.
1426 2476 1460 2502 l7
1479 2481 1507 2503 et
1520 2476 1566 2507 25,
1588 2476 1632 2502 ubi
1656 2476 1751 2510 dogma
1779 2476 1853 2503 idem

1061 2524 1174 2555 excutit,
1189 2528 1216 2550 et
1227 2523 1285 2556 ejus
1301 2529 1382 2549 causa
1402 2521 1500 2549 merito
1518 2521 1690 2556 rcprobatum
1701 2522 1736 2548 ab
1749 2521 1854 2548 Eccle—

1057 2569 1095 2596 sia
1112 2569 1254 2603 Origenem
1279 2567 1362 2594 fuisse
1387 2570 1502 2599 narrat;
1526 2571 1556 2593 ut
1576 2569 1603 2593 et
1626 2565 1696 2593 libro
1712 2565 1750 2592 De
1768 2566 1853 2599 gestis

1055 2614 1168 2649 Pelagii,
1183 2621 1243 2648 cap.
1259 2613 1288 2640 3.
1309 2613 1357 2640 Adi
1371 2617 1398 2640 et
1412 2612 1509 2639 librum
1527 2612 1611 2646 ipsius
1626 2616 1718 2638 contra
1736 2610 1852 2638 Priscil-

1053 2661 1174 2687 lianiatas
1196 2666 1220 2687 et
1241 2659 1417 2694 Origenistas,
1441 2665 1500 2692 cap.
1519 2658 1576 2685 Set
1591 2657 1618 2690 6,
1642 2662 1671 2687 et
1693 2657 1766 2685 libro
1786 2657 1852 2684 huic

1053 2707 1190 2741 prteﬁxum
1213 2705 1301 2733 Orosii
1322 2703 1561 2732 Commonitorium
1589 2703 1623 2729 ad
1649 2702 1849 2736 Augustinum.

1052 2753 1183 2787 Suggillat
1204 2752 1327 2780 eumdem
1347 2751 1403 2785 ipsa
1429 2751 1480 2777 hac
1495 2749 1527 2776 de
1547 2756 1629 2776 causa
1660 2754 1756 2775 auctor
1784 2747 1850 2774 libri

1051 2800 1089 2827 De
1105 2799 1235 2826 communi
1248 2799 1375 2831 essentia,
1392 2797 1438 2824 lib.
1450 2805 1492 2828 ιιι,
1509 2803 1569 2831 cap.
1582 2796 1609 2827 6,
1625 2800 1654 2822 et
1671 2799 1768 2822 auctor
1782 2795 1842 2821 Dia-

1049 2846 1166 2881 logorum
1190 2845 1235 2879 qui
1264 2844 1380 2872 Caesario
1410 2842 1532 2878 Gregorii
1569 2841 1734 2869 Nazianzeni
1764 2840 1846 2868 fratri
