1912 3079
80 127 152 155 1055

486 125 773 158 ORIGENIANORUM
792 127 855 156 LIB.
875 127 906 160 ll,
925 127 1000 156 CAP.
1021 126 1053 158 ΙΙ,
1073 126 1211 160 ρυιιεετ.
1233 127 1282 154 XI.

1627 127 1694 154 105l-

79 185 254 220 assignantur
267 183 335 221 (5i),
348 186 471 220 quamvis
484 185 602 219 Maximi,
619 187 663 221 qui
680 186 796 214 Caesarie
820 195 863 214 rc-
878 191 902 218 Α
915 186 1068 222 stinguatur
1078 186 1185 221 quidem
1197 185 1281 220 ignis,
1303 184 1429 212 sordibus
1447 184 1612 220 absumptis;
1634 193 1697 213 ver~

79 231 188 258 centior
204 230 268 264 fuit,
289 230 466 265 fragmentum
483 231 636 260 exhibeant.
659 231 731 259 Inter
749 232 862 260 anathe-

76 277 223 304 matismos
233 276 380 304 instiniani
393 277 514 311 epistola:
534 278 566 305 ad
585 277 689 305 Menam
713 278 861 311 subnexos,

76 328 232 358 postremus
246 323 290 350 ille
301 327 342 350 est
360 331 367 350 :
386 323 420 350 El
432 331 474 356 τις
493 324 566 359 λέγει
582 323 599 360 ἢ
620 324 676 360 ἔχει
698 325 862 362 πρόσκαιρον

73 363 148 392 εἶναι
162 365 212 401 ἣν
225 366 280 393 τῶν
292 366 425 402 δαιμόνων
439 368 486 394 καὶ
496 368 600 396 ἀσεϐῶν
618 369 768 405 ἀνθρώπων
785 370 864 397 κόλα-

74 420 130 445 σιν,
145 411 192 438 καὶ
207 411 283 444 τέλος
295 413 366 440 κατά
379 421 439 439 τινα
455 414 549 449 χρόνον
561 415 645 450 αὐτὴν
663 415 750 448 ἕξειν,
779 415 862 450 ὴγοῦν

73 458 299 486 ἀποκατάστασιν
312 459 438 493 γενέσθαι
453 460 596 496 δαιμόνων,
611 460 627 497 ἣ
639 461 744 488 ἀσεϐῶν
758 462 806 489 ἀνθ
812 462 863 498 pd»

73 511 147 536 πων,
164 503 288 539 ἀνάθεμα
305 503 385 532 ἔστω.
406 514 415 530 ι
433 505 461 533 Si
478 506 538 540 quis
552 507 615 534 dicit
633 512 680 535 aut
697 508 779 535 sentit
796 514 863 535 tem-

73 551 212 584 porariam
233 557 294 578 esse
313 552 464 579 daemonum
491 553 533 580 vel
556 553 699 588 impiorum
723 554 861 582 hominum

73 596 258 631 punitionem,
279 597 413 632 ﬁnemque
436 598 526 633 aliquo
545 604 664 634 tempore
691 601 759 628 hanc
788 601 864 629 habi—

73 647 185 675 turam,
203 643 330 670 nimirum
346 644 543 672 restitutionem
564 644 682 673 futuram
701 646 861 678 dannonum,

72 687 118 714 Vel
134 688 279 722 impiorum
294 688 445 721 hominum,
460 690 602 717 anathema
623 692 668 718 sit.
690 701 700 718 ι
720 691 752 718 Et
768 693 794 719 in
813 692 864 720 hac

72 732 132 767 ipsa
151 740 259 768 quoque
274 734 397 768 epistola,
415 737 640 770 quemadmodum
656 741 682 764 et
697 737 722 764 in
734 737 818 764 altera
830 737 864 764 ad

71 779 208 814 synodum
237 779 372 814 quintam,
390 782 514 807 eumdem
532 788 655 808 errorem
681 787 773 814 notat,
789 786 816 809 et
830 782 864 808 ad

72 825 180 852 calcem
195 825 252 852 loca
268 826 395 853 nonnulla
407 825 534 862 Origeuis
549 834 581 854 eo
599 827 761 861 pertinentia
780 827 863 854 addu-

916 231 968 258 mis
981 235 1070 258 autem
1083 232 1142 258 sine
1158 231 1212 258 line
1223 234 1380 265 permaneat
1392 229 1404 255 ?
1418 229 1482 264 quid
1500 229 1615 264 denique
1624 230 1697 257 Gen-

915 277 1023 305 nadium
1032 276 1071 303 De
1081 277 1278 311 dogmat.,_cap.
1293 275 1324 308 9;
1342 275 1482 302 Leontium
1495 275 1554 302 Act.
1565 283 1599 309 x;
1614 275 1699 303 Joan-

915 331 975 351 nem
985 322 1191 355 Scholasticum,
1201 325 1377 356 cognomento
1383 320 1543 353 Climaeum.
1551 321 1623 348 Scal.
1637 328 1696 355 par.

914 376 975 405 cap.
988 369 1019 402 5;
1037 375 1201 404 auonymum
1212 366 1299 394 Phutii
1315 367 1376 395 cod.
1394 374 1477 400 cxvn,
1498 367 1576 395 toties
1595 367 1650 402 jam
1669 367 1697 394 in

914 421 1007 450 partes
1035 420 1176 448 vocatum;
1200 413 1379 448 Sophronium
1398 414 1425 440 in
1449 413 1530 448 epist.
1549 414 1582 440 ad
1607 413 1697 448 Serg.,

914 465 969 489 act.
996 461 1025 488 ll
1058 468 1118 495 syn.
1139 467 1181 493 Vl;
1209 459 1440 494 Theophylactum
1461 459 1489 486 in
1511 458 1606 486 Matth.
1623 465 1654 486 ιιι
1671 462 1701 486 et

916 514 979 540 xxv,
995 511 1022 533 et
1031 505 1118 532 Marc.
1134 512 1198 537 vni;
1214 503 1393 537 Freculphum
1406 502 1611 535 Lexoviensem,
1626 503 1701 530 Ana-

916 551 1029 578 stasium
1048 549 1289 578 Bibliothecarinm
1305 548 1391 581 Hist.,
1405 557 1470 576 ann.
1496 549 1589 575 mundi
1609 548 1699 581 57l5;

915 596 1066 625 Cedrenum
1079 597 1105 623 in
1119 595 1210 630 Comp.
1225 595 1306 627 him;
1321 594 1453 621 Zonaram
1467 594 1513 622 lib.
1530 602 1568 627 ii;
1589 593 1700 628 Glycian

915 643 984 669 Ann.
1000 646 1070 676 part.
1084 649 1114 669 ιιι
1129 646 1156 669 et
1175 649 1217 673 1v;
1234 640 1445 668 Constantinum
1471 638 1700 673 Harinenopulum

916 689 954 716 De
969 689 1066 719 sectis;
1083 687 1262 722 Nicephorum
1287 687 1333 714 lib.
1351 694 1419 718 xvn,
1438 693 1497 720 cap.
1512 684 1564 718 ‘27;
1588 684 1702 711 Vincen-

917 728 982 762 tium
993 734 1210 762 Bellovacensem
1226 732 1300 768 Spec.
1314 734 1399 759 doctr.
1415 731 1464 759 lib.
1480 738 1545 758 xvni
1557 750 1564 763 ,
1578 737 1640 765 cap.
1655 728 1701 762 45,

916 793 943 816 et
955 787 1106 815 Guidonem
1123 786 1298 814 Carmelitam
1322 785 1350 812 in
1367 784 1432 812 Itaer.
1453 783 1559 818 Origen.
1578 782 1702 810 eamdem

918 835 1042 862 haeresim
1058 833 1239 861 insectantes?

73 869 123 897 cit.
138 870 207 903 Quin
220 871 302 898 etiam
319 872 436 907 synodus
457 872 553 906 quinta
566 873 645 900 .hanc
669 873 793 900 haeresim
819 874 865 901 de-

952 881 1033 909 XXII.
1060 880 1106 908 llis
1133 880 1324 915 przetermissis
1352 880 1379 907 in
1405 880 1510 907 Joanne
1536 879 1702 906 Damasceno

74 921 154 943 creto
176 916 377 952 suojugulavit,
399 918 422 945 si
447 918 511 952 qttid
531 917 666 951 Cedreno,
680 924 706 946 et
723 919 818 952 thio
836 920 862 946 in

73 962 168 990 libello
184 963 222 990 De
236 964 352 998 synodis,
365 967 392 991 et
406 971 541 1000 anonymo
556 965 661 992 auctori
674 964 735 992 libri
753 964 791 992 De
802 974 864 992 con-

73 1008 150 1036 ciliis
161 1010 337 1042 acumenicia,
351 1015 378 1038 et
391 1010 543 1045 Nicephoro
566 1011 714 1038 credimus.
739 1011 808 1045 Quid
818 1019 865 1047 ap‘

73 1054 173 1088 pellem
198 1055 357 1091 Gregorium
385 1056 518 1092 Magnum,
537 1057 584 1092 qui
597 1057 642 1084 lib.
666 1065 748 1085 xxxiv
765 1057 863 1085 Moral.

74 1106 139 1134 cap.
158 1100 202 1132 19,
228 1106 253 1128 et
269 1101 316 1129 lib.
335 1109 366 1129 ιιι
390 1101 509 1136 Ειτμοεὶι.
533 1103 560 1129 in
581 1102 597 1129 1
612 1102 674 1138 Reg.
695 1111 753 1138 cap.
770 1112 799 1137 ιι,
815 1104 866 1132 hoc

74 1143 296 1179 Origenistarum
318 1146 524 1174 deliramentum
547 1148 652 1182 prolixe
675 1149 781 1183 arguit?
801 1149 866 1184 quid

75 1190 236 1224 Maximum,
257 1193 302 1227 qui
331 1193 359 1220 in
387 1193 497 1221 scholiis
517 1194 550 1221 ad
570 1194 691 1229 Dionysii
713 1195 812 1222 librum
828 1195 865 1222 De

77 1237 177 1263 caelesti
206 1238 354 1270 hieran-In,
380 1246 441 1273 cap.
465 1239 492 1272 6,
522 1239 605 1266 verba
632 1241 690 1267 haec
703 1239 828 1274 Origenis
850 1248 866 1268 e

79 1282 130 1309 lib.
150 1291 158 1310 I
173 1283 242 1318 Περὶ
252 1283 352 1319 ἀρχῶν
365 1285 460 1312 recitat
477 1294 483 1312 :
499 1285 576 1312 Μετὰ
591 1285 619 1312 δὲ
634 1286 665 1312 τὸ
681 1286 728 1312 ἐπὶ
741 1287 808 1312 πᾶσι
822 1286 867 1313 τέ-

74 1327 123 1360 λος
137 1329 217 1356 πάλιν
227 1330 393 1366 άπόρῤευσις
402 1331 448 1357 καὶ
465 1332 639 1364 κατάπτωσις
663 1332 766 1367 γίνεται
779 1342 786 1365 ;
802 1333 866 1367 quid

76 1374 273 1410 Theophanem
283 1377 451 1410 Ceranieum.
467 1378 511 1412 qui
528 1378 620 1405 homil.
635 1378 726 1413 εδιτορ
740 1379 865 1405 disserit:

76 1421 116 1447 Τὸ
129 1421 230 1456 μέντοι,
244 1421 297 1454 ἕως
309 1422 400 1458 ἁποδῷ
413 1424 467 1451 πᾶν
480 1424 510 1450 τὺ
528 1424 700 1459 ὀφειλόμενον
713 1444 720 1456 ,
736 1425 765 1450 οὐ
778 1433 868 1460 χρονι-

76 1467 132 1503 κὴν
156 1469 292 1503 σημασίαν
313 1469 396 1505 δηλοῖ,
420 1469 490 1497 κατὰ
509 1470 558 1506 τὴν
579 1470 685 1506 μυθώδη
715 1471 867 1506 Ὠριγένους

75 1513 310 1548 ἀποκατάστασιν,
330 1514 397 1541 ἀλλὰ
418 1515 449 1542 τὸ
472 1515 596 1551 ἀόριστον
619 1517 666 1542 καὶ
691 1515 867 1551 ἀτελεύτητον

77 1560 132 1595 τῆς
153 1559 289 1592 κολάσεως
305 1567 314 1575 ·
341 1570 351 1586 ι
373 1560 429 1588 Hoc
451 1566 524 1589 certe
552 1570 558 1588 :
587 1562 675 1590 Donec
705 1563 866 1597 persolverit

76 1612 164 1633 omne
185 1605 322 1638 debitum,
341 1614 396 1634 non
422 1607 614 1642 temporarium
637 1608 701 1643 quid
723 1608 866 1644 signiticet,

75 1651 157 1686 juxta
176 1650 326 1679 fabulosam
342 1651 468 1687 Origenis
484 1652 696 1687 restitutionem,
712 1655 758 1682 sed
772 1662 867 1689 ptnnas

77 1697 137 1724 [lue
152 1698 294 1725 carentes?
313 1707 322 1723 ι
339 1698 403 1732 quid
420 1698 519 1726 Bedam
534 1699 580 1734 qui
595 1699 642 1727 lib.
659 1707 668 1727 ι
688 1699 868 1734 Expositionis

78 1744 108 1770 in
126 1743 265 1777 Prororb.,
283 1752 342 1779 quae
356 1744 519 1781 Hieronymo
533 1745 601 1773 falso
612 1745 748 1778 tribuitur,
758 1747 790 1772 ad
806 1753 866 1781 cap.

78 1797 113 1823 ιι,
129 1790 172 1822 l9,
186 1796 213 1818 et
227 1790 274 1818 lib.
293 1799 323 1823 ιι,
337 1791 370 1819 ad
384 1798 444 1826 cap.
463 1799 501 1824 xi,
519 1791 545 1826 7,
560 1792 625 1819 etin
639 1791 830 1819 Iletractatione
841 1793 869 1818 in

77 1838 147 1864 Acta
158 1843 254 1872 apost.,
269 1838 301 1865 ad
316 1845 378 1873 cap.
391 1846 433 1871 ιιι,
445 1839 515 1866 hanc
523 1839 695 1873 reprehendit
705 1838 868 1871 doctrinam,

78 1889 196 1917 eamque
208 1882 246 1910 ait
258 1882 438 1918 Origenianos
449 1883 499 1911 hoc
513 1883 588 1910 lsaize
602 1883 756 1910 testimonio
777 1883 870 1910 delen-

79 1929 168 1957 dere:
185 1938 193 1954 I
214 1929 247 1956 Et
259 1929 417 1957 claudentur
429 1930 465 1957 ibi
479 1930 506 1957 in
523 1937 642 1962 carcere,
654 1934 680 1957 et
694 1934 754 1964 post
770 1929 868 1956 multos

79 1976 142 2003 dies
151 1976 330 2004 visitabuntur
336 1975 379 2004 ὀἳ
392 1984 401 2002 ι
410 1977 474 2012 quid
483 1976 649 2011 Stephanum
657 1975 868 2011 Gobarum,(52),

79 2022 165 2057 quiin
174 2023 399 2057 quaesti0nibusln
411 2028 551 2057 utramque
561 2022 681 2049 excussis
689 2026 802 2056 partem,
811 2029 871 2056 qua:

79 2068 141 2095 fere
153 2069 303 2095 Adamantii
314 2067 417 2103 placitis
427 2071 564 2100 constant,
572 2067 610 2095 sic
623 2067 718 2094 habet:
731 2067 792 2093 Ὅτι
804 2067 828 2093 ot
842 2067 870 2093 ὲν

78 2114 116 2149 τῇ
128 2113 239 2140 κολάσει
251 2113 458 2150 παραδιδόμενοι
468 2112 522 2139 τῶν
539 2111 708 2148 ἁμαρτωλῶν
731 2111 872 2148 καθαίρον-

79 2168 127 2186 ται
138 2160 188 2195 τῆς
198 2160 296 2191 κακίας
309 2160 337 2186 ὲν
350 2159 430 2195 αὐτῇ,
444 2159 492 2185 καὶ
508 2157 577 2194 μετὰ
595 2158 643 2194 τὴν
655 2158 787 2194 κάθαρσιν
803 2158 871 2184 ἀπο-

915 926 996 954 ﬁnem
1010 926 1090 958 facio,
1108 926 1153 961 qui
1169 926 1198 953 int
1216 926 1284 953 libro
1304 925 1343 952 De
1370 925 1512 952 Iliensibus
1535 924 1703 959 Origenistas

915 979 1028 1000 censere
1038 972 1076 999 ait
1090 981 1100 998 ι
1118 971 1220 999 Christi
1236 979 1347 1007 regnum
1364 971 1470 998 tandem
1490 970 1635 1005 aliquando
1656 969 1703 995 de-

915 1019 1045 1051 siturum,
1058 1022 1085 1045 et
1101 1017 1183 1045 simul
1205 1017 1313 1052 angelos
1328 1017 1479 1049 desituros,
1499 1025 1508 1042 ι
1532 1023 1627 1049 nempe
1641 1022 1702 1042 cum

915 1063 1004 1090 omnia
1016 1071 1098 1090 unum
1114 1070 1174 1091 cum
1191 1063 1244 1090 Deo
1262 1061 1342 1095 ﬂent;
1361 1067 1387 1089 et
1405 1062 1452 1089 lib.
1482 1069 1501 1088 ιι
1530 1060 1568 1088 De
1586 1060 1638 1095 ﬁde
1660 1068 1703 1086 or-

915 1109 1001 1141 thod.,
1016 1116 1077 1143 cap.
1095 1109 1122 1140 i,
1137 1108 1327 1144 Origenianam
1345 1108 1414 1135 hanc
1432 1107 1458 1134 in
1472 1107 1605 1142 integrum
1624 1107 1703 1133 resti-

917 1155 1045 1181 tutionem
1060 1154 1158 1189 arguit,
1177 1162 1257 1188 quani
1273 1158 1332 1188 post
1348 1153 1420 1180 mille
1432 1160 1563 1179 annorum
1585 1151 1703 1186 spatium

918 1200 1034 1226 futuram
1057 1199 1206 1227 credidisse
1228 1199 1420 1226 Adamantium
1446 1198 1554 1226 asserit.
1581 1197 1704 1224 Gobarus

916 1252 1024 1279 quoque
1044 1243 1176 1272 Tritheita
1200 1245 1274 1283 apud
1305 1244 1383 1272 Phot.
1407 1244 1469 1272 cod.
1489 1251 1610 1276 ccxxx",
1632 1243 1704 1270 inter

917 1290 1067 1325 disputatas
1092 1290 1254 1324 quaestiones
1283 1290 1355 1317 hanc
1391 1290 1472 1317 etiam
1503 1289 1593 1324 posuit
1616 1289 1704 1316 ιὊτι

917 1337 1046 1372 πρότερον
1066 1337 1090 1363 οἰ
1118 1336 1216 1363 δίκαιοι
1245 1337 1451 1372 ἀναστήσονται,
1474 1335 1520 1362 καὶ
1547 1335 1596 1362 σὺν
1613 1335 1704 1366 αὐτοῖς

917 1381 1007 1408 πάντα
1020 1380 1056 1407 τὰ
1069 1380 1135 1413 ζῶα,
1149 1381 1196 1407 καὶ
1215 1381 1261 1407 ἐπὶ
1277 1380 1350 1416 χίλια
1373 1380 1420 1415 ἐτη
1441 1380 1609 1416 τρυφήσουσι
1623 1398 1630 1410 ,
1658 1379 1705 1404 καὶ

917 1425 1060 1458 ἐσθίοντες,
1074 1426 1121 1452 καὶ
1133 1425 1304 1457 τεκνοῦντες,
1325 1426 1371 1452 καὶ
1389 1424 1457 1460 μετὰ
1473 1425 1553 1451 τοῦτο
1569 1425 1585 1460 ἡ
1600 1423 1706 1451 καθολι-

918 1473 954 1509 κὴ
968 1475 1144 1510 ἐπιστήσεται,
1161 1473 1320 1505 ἀνάστασις.
1348 1481 1358 1498 ‹
1379 1472 1471 1500 Justus
1484 1472 1600 1507 primum
1617 1478 1707 1498 resur-

920 1525 1051 1551 recturos,
1064 1524 1091 1546 et
1106 1527 1167 1546 cum
1185 1518 1251 1554 ipsis
1266 1518 1356 1546 omnia
1371 1517 1497 1545 animalia
1508 1536 1516 1548 ,
1533 1521 1560 1544 et
1573 1524 1620 1552 per
1634 1516 1707 1543 mille

919 1573 1005 1592 annos
1022 1564 1126 1592 deliciis
1140 1564 1269 1592 fruituros
1279 1584 1287 1598 ,
1304 1570 1331 1592 et
1343 1563 1468 1596 edentes,
1482 1568 1510 1590 et
1523 1563 1646 1590 bibentes
1659 1582 1666 1594 ,
1681 1567 1708 1589 et

917 1611 1077 1647 gignentes,
1096 1615 1243 1646 posteaque
1272 1609 1391 1637 futuram
1414 1609 1596 1637 universalcm
1616 1615 1708 1636 resur-

918 1657 1076 1684 rectionem.
1095 1667 1105 1683 ι
1121 1657 1149 1684 Si
1168 1657 1193 1683 in
1217 1657 1266 1684 hac
1294 1657 1344 1684 fuit
1357 1656 1488 1692 Origenes
1505 1656 1658 1689 sententia,
1675 1655 1707 1682 il-

917 1703 971 1730 lam
987 1702 1105 1729 Platonis
1120 1702 1223 1738 χιλιετῆ
1251 1702 1379 1738 πορείαν,
1407 1709 1489 1737 quam
1519 1701 1655 1733 diximus,
1679 1701 1708 1729 in

919 1748 1102 1776 Christianam
1120 1747 1200 1775 Iidem
1220 1747 1369 1775 transferre
1383 1753 1495 1774 conatus
1511 1746 1610 1780 fuerit,
1626 1751 1708 1781 atque

919 1795 955 1821 ita
970 1794 1099 1821 Cliiliasta
1117 1794 1169 1820 dici
1188 1794 1285 1828 possit.
1302 1793 1461 1827 Quanquam
1487 1792 1540 1819 alia
1567 1792 1619 1819 fuit
1644 1792 1709 1820 Chi-

919 1840 1060 1867 liastarum
1073 1840 1180 1874 proprio
1193 1840 1324 1867 dictorum
1334 1840 1454 1871 hmresis,
1466 1846 1481 1866 ιι
1494 1839 1636 1870 Cerintho,
1650 1839 1706 1871 vel,

921 1891 950 1913 ut
963 1886 1021 1920 alii,
1037 1894 1052 1913 ει
1067 1885 1148 1920 Papia
1158 1884 1362 1920 IIierapolitano
1376 1885 1504 1920 episcopo
1516 1890 1588 1913 orta.
1598 1884 1709 1920 iAuctor

920 1932 1019 1967 quippe
1029 1937 1069 1959 εει
1081 1931 1214 1959 Eusebius
1224 1932 1271 1959 lib.
1285 1939 1315 1958 ιιι
1330 1930 1399 1958 Hist.
1411 1931 1492 1959 acciet
1508 1951 1515 1963 ,
1527 1938 1588 1966 cap.
1602 1930 1707 1964 ultimo,

921 1977 1030 2013 Papiam
1045 1977 1128 2009 illum,
1145 1976 1274 2004 mediocri
1295 1981 1325 2003 ut
1348 1981 1407 2004 erat
1429 1976 1560 2012 praeditus
1585 1976 1706 2011 ingenio,

921 2032 1016 2059 parum
1032 2030 1109 2051 acute
1125 2024 1271 2051 intellectis
1286 2024 1469 2058 apostolorum
1492 2023 1603 2057 scriptis
1622 2022 1708 2057 (vice-

922 2071 992 2098 simo
1013 2077 1108 2105 nempe
1125 2069 1325 2105 Apocalypseos
1337 2067 1451 2103 capite),
1473 2075 1587 2102 regnum
1603 2066 1707 2095 Christi

922 2120 984 2151 post
999 2115 1224 2143 resurrectionem
1241 2120 1291 2149 per
1307 2114 1379 2141 mille
1394 2120 1479 2141 annos
1499 2114 1569 2140 inter
1588 2119 1708 2140 summas

922 2169 1067 2197 corpOrum
1086 2160 1238 2195 voluptates
1256 2160 1283 2187 in
1297 2159 1378 2187 terris
1400 2164 1637 2194 perseveraturum
1659 2166 1709 2193 pu-

80 2205 191 2233 λύονται
204 2206 252 2240 τῆς
263 2205 398 2236 κολάσεως
408 2212 415 2220 ·
433 2204 521 2231 καίτοι
537 2204 568 2230 οὐ
586 2204 685 2235 πάντες
708 2204 733 2230 οἱ
747 2203 866 2239 παραδο-

921 2211 1007 2240 tasse,
1020 2215 1052 2235 ac
1070 2207 1155 2242 ipsius
1171 2206 1268 2233 deinde
1295 2205 1484 2233 auctoritatem
1510 2204 1582 2231 idem
1607 2204 1709 2231 lrenzeo

81 2253 177 2284 θέντες
192 2253 224 2287 τῇ
241 2251 349 2278 κολάσει
362 2251 537 2286 καθαίρονται
547 2251 594 2277 καὶ
604 2250 776 2282 ἀπολύονται,
801 2250 869 2276 ἀλλά

79 2308 164 2331 τινες,
174 2299 222 2327 καὶ
235 2300 285 2331 ὅτι,
298 2299 366 2334 ὅπερ
378 2299 451 2325 ἐστὶν
464 2298 563 2334 ἀληθὲς
574 2298 624 2333 τῆς
635 2297 870 2332 Ἐκκλησίαςφρό-

79 2355 158 2382 νημα
171 2366 178 2378 ,
190 2345 276 2377 οὐδεὶς
289 2345 435 2372 ἀπολύεται
453 2345 503 2380 τῆς
521 2345 666 2377 κολάσεως,
684 2353 694 2370 ι
711 2344 870 2372 Peccatores

79 2393 173 2428 poenis
188 2392 301 2420 traditos
313 2399 328 2418 a
342 2391 462 2426 nequitia
476 2391 619 2426 expurgari
633 2390 660 2418 in
672 2390 754 2424 ipsis;
769 2394 797 2416 et
810 2394 870 2424 post

79 2438 308 2473 expurgationem
329 2438 416 2473 pinnis
437 2437 515 2465 solvi.
531 2435 586 2464 Nec
595 2437 705 2472 purgari
730 2441 821 2463 tamen
842 2439 871 2463 et

81 2485 188 2513 absolvi
200 2492 294 2512 omnes
307 2484 352 2519 qui
370 2484 509 2519 suppliciis
521 2483 620 2511 addicti
640 2485 722 2515 sunt,
738 2482 784 2509 sed
801 2489 871 2508 non-

80 2530 185 2558 nullos.
211 2530 244 2557 Et
270 2530 404 2558 neminem
429 2529 560 2564 supplicio
581 2529 706 2560 liberari,
722 2535 782 2563 qua:
804 2533 868 2554 vera

80 2582 124 2604 est
141 2576 266 2603 Ecclesia:
282 2575 440 2603 sententia?
458 2584 467 2601 ι
494 2574 558 2610 quid
583 2574 703 2602 Nicetam
726 2573 871 2600 Acomina-

39 2639 42 2641 λ
82 2627 152 2654 ιυιιι,
175 2623 221 2657 qui
245 2622 292 2650 lib.
309 2630 335 2649 iv
351 2622 479 2649 Tlmauri
504 2621 606 2648 ori/md.
627 2621 688 2656 ﬁd.,
711 2621 778 2647 hair.
794 2626 867 2652 xxxi,

80 2669 228 2704 Origenem
252 2669 321 2696 male
347 2669 466 2697 sensisse
480 2668 608 2704 praedicat
623 2667 658 2695 de
679 2673 819 2702 ptenarum
835 2672 867 2693 ac

80 2715 259 2751 praemiorum
270 2715 449 2750 perennitate,
465 2715 638 2749 futurumque
656 2713 756 2741 dixisse
775 2716 801 2740 ul
822 2719 868 2739 ex-

117 2784 144 2802 ”
159 2784 212 2812 lsa.
229 2793 304 2818 xxiv,
322 2785 368 2812 22.

120 2856 177 2892 (5i)
195 2855 297 2890 Dialog.
312 2864 352 2890 ιιι,
371 2864 441 2891 resp.
455 2855 517 2883 ΜΟ.

245 2904 379 2936 Panos.
402 2904 460 2934 (3a.
484 2901 582 2932 XVll.

922 2254 1099 2289 persuasisse.
1127 2252 1236 2280 Sectam
1261 2258 1368 2286 quoque
1394 2251 1466 2277 illam
1489 2249 1625 2285 persecuti
1645 2253 1710 2277 sunt

921 2299 967 2325 alii
982 2298 1131 2326 eruditione
1147 2298 1250 2325 nobiles
1268 2297 1320 2324 viri
1335 2295 1519 2324 Tertullianus
1530 2316 1538 2328 ,
1554 2295 1709 2323 Victorinus

921 2343 1141 2376 Petabionensis,
1164 2348 1192 2371 et
1217 2343 1396 2375 Lactantius,
1422 2342 1510 2370 donec
1536 2342 1563 2369 in
1585 2346 1708 2377 apertam

922 2389 1011 2424 erupit
1030 2389 1166 2422 haeresim,
1191 2389 1220 2416 in
1243 2388 1409 2424 Apollinario
1430 2389 1585 2416 damnatam
1615 2394 1631 2414 a
1655 2386 1709 2413 Da-

922 2443 999 2463 maso
1026 2443 1106 2470 papa.
1132 2436 1260 2463 Attamen
1280 2435 1325 2461 vix
1351 2434 1403 2462 sibi
1429 2435 1594 2468 persuadere
1621 2435 1710 2467 potest

921 2481 1090 2517 Epiphanius
1104 2486 1269 2509 assertorem
1287 2481 1370 2508 fuisse
1382 2480 1579 2515 Apollinarium
1596 2479 1709 2513 dogma-

922 2528 957 2554 tis
971 2527 1133 2561 hnjnsmodi,
1152 2527 1229 2562 cujus
1252 2533 1303 2554 nec
1327 2525 1433 2553 aﬂinem
1458 2525 1541 2552 fuisse
1563 2523 1708 2558 Origenem

921 2574 1092 2608 perspicuum
1109 2579 1147 2599 est
1164 2581 1197 2600 ex
1222 2573 1264 2600 his
1290 2571 1379 2599 verbis
1398 2577 1465 2598 tom.
1486 2577 1541 2597 xvn
1556 2570 1582 2596 in
1599 2567 1707 2597 ΜαιιΙι..

921 2626 995 2645 ιιυιιι.
1010 2618 1062 2649 35,
1078 2626 1139 2652 pag.
1159 2618 1212 2645 8‘17
1228 2629 1234 2645 :
1250 2618 1305 2645 Καὶ
1326 2616 1420 2652 ὥσπερ
1444 2614 1597 2643 πλανῶνται
1616 2615 1641 2641 οἱ
1662 2614 1708 2641 διὰ

920 2664 951 2692 τὸ
968 2665 1004 2700 μὴ
1018 2665 1191 2700 τροπολογείν
1215 2664 1249 2691 τὰ
1270 2663 1426 2701 προφητικὰ
1453 2662 1571 2698 οίόμενοι
1600 2661 1707 2698 μέλλειν

920 2712 994 2747 ἡμᾶς
1009 2710 1077 2746 μετὰ
1092 2711 1142 2746 τὴν
1160 2711 1308 2737 ἀνάστασιν
1327 2709 1425 2737 ἐσθίειν
1439 2710 1486 2737 καὶ
1504 2708 1592 2736 πίνειν
1613 2716 1705 2744 σωμά-

959 2851 1015 2886 (52)
1031 2851 1106 2886 Apud
1123 2851 1211 2885 Pliot.,
1228 2852 1289 2879 cod.
1307 2859 1425 2879 ccxxxn.
