1912 3079
205 83 274 111 1015

850 82 876 107 Ρ.
898 79 1054 107 DANIELIS
1073 78 1188 107 lthT"

1743 78 1812 105 1016

203 143 265 171 bus.
291 143 348 171 Sub
372 144 450 170 linem
466 142 560 176 capitis
586 141 704 175 ejilsoem
730 149 803 168 num.
828 142 844 168 8
864 142 978 175 idipsum
993 143 1016 171 Α
1033 147 1083 175 ego
1099 139 1196 167 laetitia:
1223 146 1314 166 eorum
1331 140 1466 174 particeps
1486 139 1558 166 liam.
1574 139 1663 174 Neque
1676 140 1750 166 enim
1764 140 1813 166 de-

204 189 331 220 iuculcat,
352 187 477 221 additque
491 188 516 214 iu
532 187 581 214 alia
596 191 666 214 terra
682 180 789 214 sanctos
800 195 861 214 esse
878 187 980 221 angeli-

203 235 244 261 cis
261 233 474 261 institutionibus
497 232 692 260 informandus.
719 233 753 260 At
777 233 886 260 homilia
905 233 934 260 ll
953 233 981 259 in

205 279 300 311 Num.,
316 287 389 305 nmn.
406 279 433 311 il,
448 279 480 305 ad
493 279 632 312 superiora
648 279 740 313 adjicit
756 279 865 314 angelos
891 279 924 305 iis
939 286 982 305 re-

203 323 297 357 gendis
309 324 334 350 iu
347 323 437 350 futuro
451 323 549 350 sacculo
569 323 626 351 fore
640 324 792 358 praefectos,
809 331 876 358 quas
890 324 982 351 labore

202 376 253 395 suo
268 375 299 395 ac
319 368 468 395 ministerio
493 376 508 396 e
529 368 645 397 diversis
660 369 783 404 gentibus
807 374 981 405 congregatus

203 414 236 441 ad
261 413 362 441 Christi
389 414 513 441 notitiam
535 415 713 450 adduxerim;
731 415 797 442 adeo
816 420 845 442 ut
861 415 982 442 Christus

204 467 256 486 non
274 463 327 486 tam
355 467 401 487 rex
425 459 532 488 futurus
559 461 605 494 sit,
631 469 710 495 quam
734 460 823 490 illex
841 465 982 496 regum,et

204 505 332 532 Dominus
343 505 536 533 dominantium
553 507 585 539 ³⁸,
603 517 612 532 ι
630 511 655 533 et
671 507 813 535 nonnullos
828 506 863 533 ab
879 505 982 539 angelis

202 551 311 577 Christo
324 550 428 583 offerri,
442 552 548 586 aliquos
562 560 628 579 vero
644 553 815 588 archangelis
840 553 979 580 duntaxat.

203 594 324 630 Denique
349 596 390 623 sic
414 596 549 624 concludit
569 605 644 625 num.
662 598 679 625 5
695 607 702 625 :
718 607 727 624 ς
748 598 826 625 Sicut
845 605 878 625 ex
903 597 982 625 initio

203 640 293 667 smculi
319 640 409 675 hujus,
433 648 495 669 cum
511 642 678 678 dispergeret
702 644 775 671 Deus
792 643 861 671 filios
885 644 982 676 Adam,

202 685 296 712 statuit
317 685 383 713 fines
397 687 515 720 gentium
542 689 688 716 secundum
709 696 850 716 nmnerum
870 689 981 725 angelo-

203 738 262 758 rum
278 731 342 764 Dei,
357 737 383 759 et
401 740 569 768 unaqmeque
584 741 649 768 gens
675 736 725 763 sub
743 735 788 763 illo
802 735 897 771 angelo
913 736 983 763 facta

202 781 263 809 est,
279 784 329 804 una
346 782 436 805 autem
451 778 501 806 fuit
514 784 541 807 et
554 779 638 808 electa
650 788 716 815 gens
728 781 823 814 Israel,
842 789 902 817 quae
919 789 982 816 por-

204 824 241 851 tio
255 823 359 852 Domini
374 824 433 858 fuit,
444 831 471 854 et
486 826 621 856 funiculus
633 829 759 856 hzrredita
766 830 799 856 tis
816 829 873 863 ejus
887 830 928 863 “;
944 830 981 858 ita

202 870 283 897 credo
297 875 324 897 et
340 871 366 898 in
379 871 432 899 [ine
445 871 523 907 hujus
543 874 647 908 mundi,
663 879 743 910 atque
762 876 789 902 in
805 876 880 904 initio
890 877 980 904 saeculi

203 915 324 949 alterius,
343 917 462 945 futurum
483 924 513 946 ut
532 920 630 948 iterum
657 922 758 948 dividat
771 921 900 950 Excelsus
914 923 982 950 filios

202 962 299 995 Adam,
311 967 339 990 et
356 963 401 997 qui
416 972 470 991 non
485 966 624 1000 potuerint
647 967 683 994 ita
706 968 797 996 mundi
817 975 876 995 esse
890 969 980 1002 corde,

203 1013 232 1034 ut
248 1008 334 1042 ipsum
349 1009 458 1037 videant
479 1010 634 1045 Dominum,
646 1017 673 1040 et
692 1020 753 1040 esse
765 1013 852 1048 portio
866 1013 980 1048 Domini,

202 1054 313 1082 videant
331 1059 440 1083 sanctos
464 1056 586 1090 angelos,
604 1062 631 1085 et
651 1058 707 1085 sint
723 1059 870 1086 secundum
887 1067 981 1086 nume-

204 1107 263 1128 rum
276 1101 430 1136 angelorum
444 1102 501 1130 Dei.
517 1103 569 1130 Sed
585 1104 679 1132 beatus
691 1110 733 1132 est
756 1105 802 1139 qui
815 1104 912 1140 dignus
924 1105 983 1132 fue-

203 1149 239 1175 rit
259 1147 285 1175 in
300 1148 345 1175 illa
360 1148 414 1175 vita
430 1156 490 1176 esse
504 1149 594 1183 portio
607 1149 723 1181 Domini,
740 1153 768 1177 et
795 1149 908 1184 populus
922 1149 982 1184 ejus

203 1194 287 1223 Jacob
300 1213 308 1227 ,
331 1202 363 1222 ac
380 1194 515 1222 funiculus
531 1195 697 1223 hereditatis
710 1203 766 1223 suae
779 1195 870 1224 Israel.
889 1204 899 1221 ι
913 1195 982 1223 Ger-

203 1247 312 1268 manum
330 1239 425 1267 horum
440 1243 482 1266 est
496 1240 566 1274 quod
586 1240 684 1275 legitur
700 1241 773 1267 hom.
793 1240 826 1267 21
845 1241 873 1267 in
886 1239 980 1273 Nam,

203 1294 280 1314 num.
297 1286 323 1319 Ι,
343 1286 387 1313 ubi
404 1285 475 1314 aliud
489 1287 627 1315 beatitatis
650 1295 735 1322 genus
749 1287 782 1316 iis
793 1288 924 1323 assignat,
936 1287 982 1322 qui

203 1332 294 1359 (.iviua
320 1331 467 1367 ministeria
491 1332 518 1360 in
543 1333 612 1360 vivis
638 1333 770 1366 obierint;
795 1333 866 1360 aliud
887 1333 920 1361 iis
935 1334 983 1368 qui

203 1381 329 1406 virtutem
349 1381 459 1414 segnius
480 1379 649 1408 excoluerint
665 1390 671 1406 :
688 1379 747 1407 illos
773 1380 874 1414 quippe
889 1381 984 1408 scribit

204 1426 361 1461 supergredi
375 1434 481 1454 summa
496 1426 556 1454 οωιί
576 1425 682 1460 fastigia
695 1444 702 1457 ,
721 1430 747 1452 et
774 1425 807 1452 ibi
825 1432 933 1461 semper
955 1426 982 1453 in

1030 185 1158 212 cedentes
1179 185 1240 212 hinc
1265 185 1349 212 sancti
1368 185 1496 212 continuo
1521 186 1624 220 integra
1648 185 1810 212 meritorum

1031 237 1139 258 suorqu
1149 231 1257 265 prmmia
1271 236 1483 265 consequuntur,
1496 231 1542 258 sed
1558 236 1716 265 exspectant
1727 231 1810 258 etiam

1031 283 1097 309 nos,
1116 275 1178 302 licet
1191 281 1328 303 morantes
1340 296 1348 309 ,
1368 276 1431 303 licet
1452 277 1567 304 desides.
1586 276 1642 303 Non
1665 277 1741 303 enim
1769 281 1812 304 est

1032 319 1083 347 illis
1106 319 1224 354 perfecta
1244 320 1336 347 lmtitia
1351 340 1359 354 ,
1383 320 1469 348 donec
1488 329 1537 355 pro
1554 321 1692 349 erroribus
1709 322 1813 348 nostris

1032 366 1133 398 dolent,
1157 371 1184 394 et
1208 367 1301 401 lugent
1328 372 1420 395 nostra
1437 373 1559 401 peccata.
1580 377 1589 394 ι
1606 369 1655 395 Cui
1671 369 1813 401 probando

1032 412 1117 439 utitur
1132 412 1184 440 hoc
1208 413 1329 447 Apostoli
1345 412 1425 441 Hebr.
1445 421 1484 446 xi,
1501 414 1546 447 '59,
1559 413 1612 441 40:
1629 424 1639 440 ‹
1661 414 1693 441 Hi
1715 421 1813 441 omnes

1033 457 1187 485 testimonio
1203 457 1265 484 fidei
1279 457 1396 492 probati,
1415 465 1467 485 non
1484 464 1647 493 acceperunt
1661 461 1812 494 repromis-

1033 503 1137 530 siouem
1152 513 1158 530 :
1174 503 1229 531 Deo
1246 511 1296 538 pro
1312 504 1389 531 nobis
1408 504 1502 532 melius
1516 505 1617 540 aliquid
1639 506 1812 539 providente,

1032 554 1063 576 ut
1082 556 1136 576 non
1153 549 1212 576 sine
1230 549 1308 577 nobis
1323 555 1585 578 cousummarentur.
1603 560 1612 577 ι
1639 551 1721 578 Addit
1736 556 1811 585 post-

1033 596 1140 623 modum
1158 599 1267 623 sanetos
1284 596 1430 630 perfectam
1452 596 1593 624 nobiscum
1616 597 1642 623 in
1657 597 1702 624 die
1714 597 1812 631 judicii

1034 651 1087 671 una
1101 644 1295 672 beatitudinem
1308 649 1449 679 capturos,
1472 649 1612 679 propterea
1630 645 1702 679 quod
1725 649 1813 671 totum

1033 690 1113 717 simul
1132 698 1229 725 corpus
1246 691 1428 718 suscitaudum
1455 691 1507 724 sit,
1533 691 1655 718 homines
1681 691 1812 718 nimirum

1034 736 1151 764 universi
1169 746 1175 764 :
1196 738 1268 771 quod
1282 744 1381 771 corpus
1395 744 1456 764 cum
1484 736 1576 764 multis
1596 741 1703 764 constet
1727 743 1814 763 mem-

1035 782 1101 815 bris,
1116 783 1229 817 singulis
1238 779 1369 810 ‘videlicet
1386 782 1550 815 hominibus,
1569 782 1688 809 futurum
1704 782 1814 809 scilicet

1039 832 1163 856 truncum
1183 835 1282 863 corpus
1295 834 1321 855 et
1340 827 1546 863 imperfectum,
1565 829 1586 855 si
1607 835 1658 862 qua
1679 828 1720 854 sui
1737 833 1814 862 parte

1034 879 1146 907 careat,
1173 882 1223 902 nec
1240 874 1356 909 perfecta
1382 874 1494 909 proinde
1516 881 1549 902 ac
1573 874 1650 909 plena
1667 874 1813 902 fruiturum

1036 920 1139 954 laetitia,
1154 921 1242 955 quoad
1254 920 1433 955 integritatem
1449 927 1525 947 suam
1542 920 1685 953 receperit.
1700 920 1734 946 Et
1744 925 1815 954 post-

1037 974 1068 994 ea
1084 975 1091 993 :
1107 975 1116 992 ι
1135 967 1210 1000 Quod
1230 967 1252 994 si
1272 967 1330 1000 tibi,
1353 966 1397 1001 qui
1419 966 1568 993 membrum
1581 973 1621 999 es,
1642 973 1695 993 nou
1707 966 1815 993 videtur

1035 1019 1095 1039 esse
1113 1011 1231 1045 perfecta
1256 1011 1367 1044 lzetitia,
1393 1012 1415 1039 si
1437 1011 1506 1039 desit
1532 1011 1603 1038 aliud
1628 1012 1780 1039 membrum
1805 1021 1813 1040 :

1037 1063 1136 1093 quanto
1156 1057 1242 1092 magis
1254 1058 1384 1086 Dominus
1397 1061 1425 1085 et
1441 1057 1566 1085 Salvator
1583 1063 1685 1091 noster,
1704 1059 1752 1093 qui
1770 1066 1816 1085 ca-

1036 1108 1083 1138 put
1105 1109 1134 1131 et
1153 1109 1251 1133 auctor
1274 1107 1316 1131 est
1334 1104 1416 1131 totius
1438 1104 1574 1139 corporis,
1591 1111 1644 1132 non
1659 1104 1709 1131 sibi
1725 1103 1816 1138 perfe-

1035 1155 1107 1177 ctam
1124 1149 1190 1176 dicit
1208 1156 1268 1176 esse
1291 1149 1410 1176 ltetitiam
1423 1168 1430 1181 ,
1446 1150 1530 1176 donec
1553 1149 1653 1184 aliquid
1673 1156 1707 1176 ex
1729 1157 1815 1176 mem-

1036 1195 1092 1223 bris
1104 1195 1198 1222 deesse
1211 1194 1318 1230 corpori
1334 1202 1383 1222 suo
1402 1194 1473 1221 videt
1487 1195 1499 1221 τ
1518 1204 1527 1221 ι
1541 1194 1688 1222 Lahorauti
1702 1194 1815 1229 Origeni

1035 1248 1194 1269 succurrere
1206 1246 1320 1268 conatur
1335 1241 1526 1268 Genebrardus
1543 1240 1569 1267 iu
1585 1240 1695 1268 Collect.
1709 1248 1772 1275 cap.
1786 1241 1813 1271 6.

1035 1292 1063 1314 et
1078 1289 1134 1316 haec
1154 1285 1267 1315 scribit:
1285 1296 1296 1312 ι
1318 1287 1400 1321 Atqui
1426 1287 1452 1314 id
1473 1288 1506 1314 de
1522 1287 1625 1322 integra
1647 1291 1675 1314 et
1692 1287 1814 1314 absoluta

1036 1333 1210 1361 beatitudinis
1225 1333 1474 1366 consummatione,
1492 1340 1570 1367 quam
1587 1333 1704 1360 nondum
1726 1333 1815 1360 sancti

1036 1381 1062 1408 iu
1079 1379 1239 1414 corporibus
1252 1383 1410 1414 receperunt
1422 1398 1429 1412 ,
1453 1383 1541 1413 potest
1557 1379 1698 1414 explicari.
1719 1389 1729 1405 ι
1745 1379 1815 1413 Quid

1033 1428 1109 1462 juvat
1123 1432 1212 1454 autem
1229 1425 1365 1452 recusanti
1381 1432 1458 1460 opem
1475 1424 1564 1459 ferre,
1579 1433 1639 1452 cum
1654 1425 1705 1453 hac
1724 1426 1816 1453 neuti-

205 1471 330 1505 Domino,
343 1479 449 1508 semper
467 1473 492 1500 in
505 1472 593 1499 Verbo
605 1471 663 1506 ejus
675 1479 707 1498 ac
722 1471 858 1505 Sapientia
873 1480 984 1500 versan-
998 1490 1019 1519 ϐ
1035 1480 1116 1508 quam
1137 1472 1171 1500 de
1184 1479 1265 1499 causa
1277 1491 1285 1504 ,
1309 1478 1389 1506 quam
1403 1476 1598 1498 commemorat
1610 1471 1813 1506 Genebrardns,

204 1522 246 1545 tes
272 1518 385 1545 summis
401 1517 504 1545 deliciis
517 1517 589 1550 frui;
618 1511 668 1545 hos
690 1524 754 1544 vero
770 1521 848 1545 terrae
873 1518 985 1554 alicujus

205 1563 371 1592 sublimioris
387 1569 414 1592 et
433 1564 605 1599 potentioris,
623 1569 700 1592 terra:
724 1573 818 1600 nempe
836 1565 984 1592 viventium

206 1610 390 1637 Imreditatem
404 1615 542 1645 capturos.
560 1610 661 1638 Scribit
674 1616 804 1645 praeterea
818 1610 914 1638 homil.
927 1611 945 1639 5
957 1612 985 1638 in

204 1655 283 1688 Lua,
300 1655 327 1682 in
352 1655 441 1683 futura
465 1656 520 1683 vita
536 1664 589 1684 non
607 1646 702 1684 omnes
718 1657 809 1684 statim
826 1661 906 1692 atque
923 1664 985 1685 cor-

205 1708 272 1736 pore
291 1701 421 1734 exierint,
438 1702 522 1730 Deum
551 1704 697 1738 angelosve
718 1703 826 1731 visuros
839 1724 847 1737 ,
873 1704 921 1731 sed
939 1711 986 1732 eos

208 1752 311 1774 tantum
326 1748 372 1782 qui
393 1748 523 1776 munditie
542 1748 631 1776 cordis
646 1749 741 1784 dignos
756 1757 787 1777 se
810 1749 857 1777 Dei
875 1756 985 1785 aspectu

207 1793 396 1828 praebuerint;
415 1794 539 1828 quamvis
559 1799 649 1822 autem
674 1795 701 1821 in
719 1795 813 1823 eodem
830 1795 888 1823 loco
904 1795 986 1822 futuri

207 1839 262 1866 sint
277 1843 305 1866 et
319 1839 365 1874 qui
378 1847 445 1874 puro
459 1840 540 1868 corde
551 1845 641 1873 erunt,
653 1845 681 1868 et
694 1842 739 1876 qui
755 1841 880 1869 sordibus
898 1841 986 1869 finda-

206 1885 238 1917 ti,
252 1885 388 1919 disparem
407 1890 494 1913 tamen
509 1891 688 1922 utrorumque
702 1887 819 1915 futuram
833 1891 944 1919 sortem,
959 1891 986 1914 et

206 1931 266 1958 i'llos
281 1931 327 1959 Dei
341 1932 438 1959 intuitu
450 1932 591 1965 fruituros,
603 1941 657 1967 quo
671 1934 697 1960 hi
712 1934 852 1961 carebunt.
870 1932 986 1960 Ilomilia

205 1977 240 2004 Π
251 1983 381 2012 sequente
395 1984 533 2006 asseverat
549 1979 584 2006 ab
598 1979 720 2007 Ecclesia
737 1979 841 2008 caelesti
853 1979 986 2013 deiectum

206 2023 239 2050 iri
256 2023 388 2057 digamos,
403 2024 629 2058 quemadmodum
647 2025 674 2052 in
692 2030 762 2052 terra
779 2025 813 2052 ab
823 2025 987 2052 ecclesiasti-

205 2068 246 2097 cis
268 2069 445 2104 dignitatibus
467 2075 604 2099 arcentur.
633 2080 643 2097 ε
669 2070 728 2099 Non
749 2079 818 2105 quo,
841 2072 940 2106 inquit,
959 2071 986 2098 in

205 2118 336 2141 aitcrnum
352 2114 495 2142 mittantur
507 2116 672 2149 incendium,
685 2117 731 2144 sed
750 2124 804 2151 quo
819 2123 922 2152 partem
933 2125 986 2145 non

1036 1522 1144 1545 sanctos
1168 1516 1306 1544 existimet
1331 1515 1448 1543 nondum
1474 1516 1591 1550 perfecta
1617 1516 1669 1543 frui
1695 1516 1791 1544 lzetitia
1806 1528 1814 1544 ι

1038 1573 1048 1589 ι
1065 1563 1123 1591 Non
1138 1564 1209 1591 enim
1226 1567 1267 1589 est
1280 1561 1344 1595 illis,
1360 1562 1398 1588 ait
1413 1561 1480 1596 ipse,
1495 1561 1616 1596 perfecta
1632 1561 1725 1589 lzctitia
1735 1582 1743 1594 ,
1768 1563 1817 1590 do-

1036 1617 1087 1638 nec
1100 1617 1149 1645 pro
1170 1609 1309 1637 erroribus
1332 1607 1433 1636 nostris
1453 1608 1544 1636 dolent
1567 1614 1594 1637 et
1617 1609 1709 1645 lugent
1722 1614 1816 1638 nostra

1036 1662 1157 1693 peccata.
1169 1666 1178 1682 ι

1069 1703 1137 1731 Cum
1154 1704 1193 1730 ait
1205 1707 1295 1730 autem
1311 1703 1441 1737 Origenes
1456 1708 1522 1730 tom.
1546 1710 1563 1729 x
1576 1703 1604 1729 in
1615 1702 1724 1736 Matth.,
1737 1710 1814 1729 num.

1036 1749 1053 1777 2
1064 1754 1092 1777 et
1107 1750 1133 1781 ὃ,
1147 1750 1262 1781 animas.
1279 1755 1420 1785 postquam
1433 1757 1482 1784 pro
1498 1749 1617 1777 sordium
1637 1753 1666 1777 et
1689 1749 1817 1784 inquina-

1036 1797 1119 1823 menti
1137 1796 1260 1829 ratione,
1284 1795 1343 1830 plus
1368 1795 1490 1823 minusve
1513 1795 1610 1823 fuerint
1637 1799 1817 1829 expurgatae,

1035 1842 1143 1870 tandem
1160 1850 1240 1868 unum
1255 1842 1344 1869 solare
1358 1842 1445 1869 lumen
1461 1841 1565 1868 futuras
1577 1861 1585 1874 ,
1598 1847 1626 1868 et
1640 1840 1818 1868 inferioribus

1037 1889 1123 1916 lucem
1148 1895 1224 1915 suam
1248 1889 1411 1923 praabituras
1428 1897 1436 1915 :
1453 1888 1478 1915 id
1493 1888 1545 1915 sibi
1557 1887 1614 1915 vult
1629 1907 1637 1920 ,
1659 1894 1818 1921 supremum

1037 1934 1096 1962 illas
1109 1933 1246 1961 felicitatis
1266 1934 1369 1968 apicem
1394 1938 1605 1966 consecuturas,
1630 1941 1710 1968 supra
1736 1940 1819 1967 quem

1037 1986 1179 2014 assurgere
1193 1987 1246 2006 nou
1264 1979 1326 2006 licet
1340 1988 1347 2006 :
1359 1987 1438 2014 quem
1451 1979 1538 2006 locum
1549 1986 1716 2013 quaecunque
1729 1982 1822 2005 tenue-

1038 2026 1104 2058 rint,
1120 2026 1216 2060 tequali
1233 2025 1294 2053 luce
1308 2025 1421 2060 fulgere,
1433 2030 1460 2053 et
1474 2025 1532 2059 pari
1546 2025 1682 2052 beatilatis
1692 2031 1819 2050 riiensura

1037 2071 1088 2098 frui
1104 2077 1215 2099 necesse
1238 2075 1291 2098 est.
1310 2070 1407 2099 Verum
1434 2071 1568 2106 aliquibus
1581 2078 1615 2098 ex
1639 2071 1690 2097 hoc
1705 2077 1821 2097 numero

1038 2123 1145 2151 semper
1158 2115 1340 2144 recidentibus
1354 2117 1387 2144 ad
1402 2116 1514 2150 pristina
1532 2116 1597 2142 vitia
1612 2135 1620 2148 ,
1636 2120 1663 2142 et
1678 2123 1694 2142 e
1712 2122 1821 2142 summu

205 2160 325 2190 habeant
343 2161 368 2187 in
393 2168 476 2196 regno
502 2161 549 2189 Dei
565 2171 572 2190 :
597 2172 606 2189 I
627 2167 655 2190 et
673 2162 770 2190 deinde
785 2170 834 2190 eos
847 2163 885 2189 ait
902 2172 912 2188 ι
928 2170 986 2190 esse
1001 2157 1023 2184 Ι)
1040 2162 1084 2189 illo
1099 2162 1184 2196 gradu
1207 2161 1360 2189 labentibus
1373 2180 1381 2194 ,
1395 2161 1524 2188 obtusiori
1539 2161 1598 2188 luce
1610 2180 1618 2194 ,
1632 2165 1660 2188 et
1673 2160 1763 2194 priore
1788 2168 1820 2186 ac

204 2206 238 2234 de
265 2206 384 2233 secundo
404 2206 511 2241 gradu,
536 2212 564 2234 et
586 2207 619 2235 de
645 2208 688 2235 bis
713 2208 759 2243 qui
787 2208 914 2235 invocant
939 2215 988 2235 uo-

205 2259 267 2281 men
294 2252 421 2284 Domini,
450 2258 477 2280 et
502 2253 548 2288 qui
574 2253 712 2281 salvantur
738 2254 848 2288 quidem
878 2254 905 2281 in
937 2261 986 2281 no-

206 2298 278 2325 mine
302 2297 367 2325 Jesu
387 2297 488 2326 Christi
499 2319 508 2333 ,
524 2307 693 2334 nequaquam
710 2305 800 2327 tamen
817 2304 989 2327 coronantur

204 2345 239 2372 ab
253 2352 297 2372 eo.
311 2354 321 2371 ι

239 2390 280 2417 Ad
296 2395 462 2425 postremum
488 2391 616 2426 quoniam
632 2392 666 2419 ad
690 2399 822 2419 summam
843 2391 987 2426 perfectio-

205 2443 267 2463 nem
285 2443 328 2463 res
342 2441 440 2464 creatae
457 2437 574 2464 nondum
587 2437 710 2465 adductae
721 2443 794 2470 sunt,
814 2437 916 2465 idcirco
924 2445 989 2464 non-

204 2482 267 2508 dum
283 2482 378 2510 beatos
388 2482 495 2516 plenam
509 2483 647 2517 recepisse
671 2482 801 2516 laetitiam.
815 2491 865 2510 nec
882 2491 988 2510 summo

203 2527 304 2562 gaudio
320 2528 372 2555 frui
387 2527 542 2561 aflirmavit,
556 2536 590 2556 ne
612 2529 686 2563 ipsos
698 2529 807 2563 quidem
831 2530 987 2564 prophetas,

204 2573 247 2599 vel
259 2574 416 2608 apostolos,
429 2574 484 2602 imo
497 2582 529 2602 ue
543 2575 631 2609 ipsum
646 2575 754 2610 quidem
768 2576 916 2603 Christum.
926 2576 989 2604 Ver-

204 2617 238 2644 ba
253 2619 338 2653 ipsius
362 2620 419 2647 haec
443 2625 506 2648 sunt
531 2621 622 2648 homil.
660 2621 686 2647 7η
709 2622 737 2647 in
758 2621 853 2653 μυῖα,
871 2629 945 2648 ιιυηι.
960 2621 989 2653 2,

206 2664 295 2697 p.222
310 2672 317 2690 :
334 2674 343 2690 ‹
365 2664 489 2693 Nondum
503 2667 574 2694 enim
589 2671 746 2701 receperunt
763 2666 884 2694 lartitiam
900 2673 988 2698 suam,

207 2715 241 2735 ne
257 2709 371 2742 apostoli
395 2711 503 2745 quidem
517 2732 525 2745 ,
550 2712 598 2740 sed
616 2717 644 2740 et
659 2713 709 2747 ipsi
732 2717 890 2748 exspectant
917 2718 945 2740 ut
962 2716 989 2740 ct

243 2799 264 2814 ³η
282 2800 363 2834 Apoc.
376 2808 432 2835 xxx,
449 2801 490 2830 l6.
531 2803 553 2818 "
569 2803 644 2830 Deut.
661 2810 723 2830 xxxt
740 2824 747 2837 ,
764 2803 790 2836 8,
807 2805 830 2830 9.

1040 2209 1153 2236 multum
1170 2208 1291 2236 inferiori
1307 2207 1498 2243 splendcbunt.
1513 2207 1645 2234 Similiter
1667 2206 1839 2240 intelligent--

1040 2255 1090 2281 dus
1107 2258 1149 2282 est
1161 2273 1169 2286 ,
1185 2261 1245 2281 cum
1272 2254 1309 2281 ait
1326 2253 1447 2280 futurum
1461 2252 1607 2288 aliquando
1623 2251 1706 2278 Deum
1728 2251 1820 2277 omnia

1041 2300 1067 2327 in
1082 2300 1216 2333 omnibus,
1226 2307 1341 2334 cumque
1354 2306 1507 2333 supremum
1520 2298 1594 2325 illum
1610 2297 1688 2324 linem
1698 2296 1731 2323 ad
1740 2303 1821 2331 quem

1040 2346 1129 2373 omnia
1145 2346 1322 2381 pervenient,
1344 2351 1490 2380 rerumque
1509 2344 1696 2371 universarum
1713 2343 1820 2369 ἀποχα-

1040 2392 1170 2419 τάστασιν
1185 2396 1389 2419 commemorat.
1410 2391 1444 2418 At
1463 2397 1523 2417 cum
1536 2395 1609 2416 torno
1621 2396 1656 2415 xv
1669 2389 1697 2414 in
1711 2387 1820 2419 Mati/1.,
1852 2399 1870 2410 ες

1041 2445 1115 2465 num.
1131 2437 1176 2471 56,
1190 2445 1252 2472 pag.
1265 2436 1328 2468 706,
1342 2436 1438 2463 scribit
1462 2435 1490 2462 in
1515 2433 1720 2462 remunerandis
1733 2433 1821 2460 homi-

1042 2483 1131 2515 nibus,
1145 2482 1292 2509 voluntatis
1307 2483 1440 2508 duntaxat
1459 2479 1579 2515 ipsorum
1597 2486 1629 2506 ac
1641 2478 1724 2506 studii
1739 2477 1820 2505 ratio-

1041 2536 1102 2556 nem
1118 2528 1219 2556 habere
1234 2528 1318 2555 Deum
1332 2548 1340 2562 ,
1358 2535 1412 2555 non
1432 2527 1562 2562 temporis
1575 2526 1646 2561 quod
1662 2525 1820 2553 exercendis

1042 2574 1186 2601 virtutibus
1194 2574 1393 2609 impenderunt,
1402 2581 1433 2601 ac
1440 2573 1540 2600 ideirco
1546 2572 1694 2607 :equalibus
1703 2571 1820 2606 prtemiis

1042 2619 1180 2647 donandus
1197 2619 1354 2654 quicunque
1377 2627 1428 2654 pro
1450 2618 1520 2646 virili
1536 2618 1714 2650 laborarunt,
1740 2617 1767 2644 id
1784 2616 1819 2642 ita

1041 2674 1073 2693 ex
1088 2666 1272 2700 superioribus
1285 2666 1473 2701 explicandum
1490 2671 1531 2692 est
1545 2684 1553 2697 ,
1570 2664 1692 2692 eamdem
1716 2664 1750 2690 iis
1770 2663 1819 2689 tri-

1043 2711 1176 2740 buendam
1187 2718 1248 2740 esse
1264 2711 1427 2746 mercedem,
1440 2711 1552 2740 salutem
1568 2709 1694 2738 nimirum
1709 2728 1718 2743 ,
1728 2713 1757 2736 at
1768 2715 1818 2736 non
