1912 3079
70 118 140 146 1017

491 117 775 147 OlthENlANORUM
797 120 860 147 LIB.
882 119 914 152 ll,
934 120 1010 149 CAP.
1033 122 1065 154 ll,
1080 123 1217 156 QUIEST.
1239 123 1283 151 XI.

1621 131 1688 159 1018

69 177 194 206 eamdem
209 175 329 203 adhiberi
345 175 542 210 purgationem,
553 176 575 203 si
593 176 637 203 diu
650 177 685 203 illi
703 177 729 204 in
746 178 853 209 virtute.
870 180 893 207 Α
908 186 952 206 mo
970 179 1030 207 loco
1047 181 1210 214 moriuntur,
1229 181 1349 217 ablegari
1374 183 1399 210 in
1419 184 1628 220 ﬁrmamentum,
1647 191 1688 216 Vt‘l

71 230 169 257 parum
185 222 228 248 isti
245 221 422 254 desudat-unt,
438 221 570 248 similibus
585 221 648 249 licet
662 223 688 248 in
703 223 787 249 Deum
798 227 854 249 stu-

69 268 124 297 diis
140 269 203 295 elati
217 268 298 295 vitam
322 267 489 301 clauserint;
516 268 563 296 sed
585 268 701 295 diversis
723 274 853 304 utrosque

67 315 224 350 disciplinis
237 335 244 347 ,
262 319 290 342 et
303 313 537 342 entendationibus
556 315 693 349 reparari,
708 319 852 349 antequam

67 363 96 390 in
111 369 239 396 supremo
254 360 394 388 beatitalis
421 360 539 387 culmine
559 360 736 387 collocentur.
761 360 853 395 ltaqtte

66 409 180 443 subjicit
195 409 327 443 Origenes
353 415 428 434 num.
452 408 497 438 57,
515 415 575 442 pag.
600 407 670 436 707:
701 408 853 442 Ἐχέτωσαν

68 455 183 490 μὲνγὰρ
199 454 242 481 διὰ
255 455 303 489 τὴν
319 454 461 489 μετάνοιαν
477 454 524 480 καὶ
545 453 576 480 τὸ
597 453 852 488 καταλαμϐάνεσθαι

65 502 96 528 ἐν
112 501 330 537 ὲπεστραμμένῳ
345 500 394 536 βιῳ
411 500 549 536 κρείττονα
575 499 630 526 τῶν
644 499 851 534 καταλαμϐανο-

67 547 159 582 μένων
173 547 202 573 ὲν
214 548 272 578 ταῖς
294 547 450 582 ἁμαρτίαις,
463 546 493 572 οὐ
509 545 561 581 μὴν
578 545 629 580 χρὴ
653 545 851 580 ὑπολαμϐάνειν

65 592 135 627 περὶ
150 591 239 618 αὐτῶν
252 592 292 618 ὅτι
307 591 394 627 ὅμοιοι
411 591 464 617 εἱσι
475 592 531 622 τοῖς
542 591 616 625 παρὰ
631 590 709 616 τοῦτο
727 591 851 626 ἡμαρτη-

64 638 144 665 κόσιν
159 639 188 665 ὲν
204 639 236 674 τῇ
248 638 362 673 νεότητι,
378 637 452 673 παρὰ
464 638 494 664 τὺ
506 637 573 673 μηδὲ
586 637 635 672 τὴν
649 637 734 673 ἀρχὴν
755 637 788 664 τὰ
803 638 852 673 τῆς

66 685 188 717 πίστεως
213 684 410 721 μεμαθηκέναι.
440 683 587 711 Plurimum
613 691 676 718 ergo
699 684 755 711 haec
782 684 851 711 ittter

65 730 196 765 Origenis
224 730 318 758 deliria
344 737 376 757 ac
405 729 539 757 Joriniani
568 730 691 758 haeresim
724 730 849 764 interest,

63 777 112 812 qui
141 776 255 803 virtutes
272 783 304 803 ac
319 781 429 810 peccata
442 783 503 803 esse
518 776 631 810 aequalia
646 796 655 809 ,
676 783 707 803 ac
720 776 849 810 aequalem

63 822 182 857 proinde
205 821 355 849 mercedem
382 826 410 849 et
429 828 537 857 patriam
562 821 619 849 fore
646 821 848 854 arbitrabatur,

63 868 175 895 Stoicos
190 872 299 894 secutus
318 867 362 903 qui
378 876 387 893 (
406 867 439 894 de
453 867 589 902 parilitate
602 873 786 902 peccatorum,
801 877 811 894 ι
822 873 851 896 ιιι

33 946 35 948 η
62 911 104 937 ait
122 911 288 945 Augustinus
308 911 389 946 epist.
412 911 447 938 29
461 931 469 944 ,
498 911 532 939 ad
556 911 735 946 ltieronym.,
765 921 774 938 ι
801 914 848 940 soli

64 957 127 984 ausi
144 962 209 984 sunt
225 957 365 991 disputare
377 962 473 985 contra
486 964 595 985 omnem
617 965 726 986 sensum
742 960 850 994 generis

63 1001 189 1029 httmani.
208 1011 218 1028 ι

99 1048 148 1074 XI.
167 1046 292 1075 Emensis
307 1047 360 1075 illis
377 1055 409 1075 ac
426 1049 576 1083 peragratis
591 1049 696 1084 spatiis,
714 1058 773 1085 qua:
787 1051 848 1078 ani-

62 1101 125 1122 mas
142 1094 274 1129 purgandi
288 1101 370 1122 causa
382 1094 526 1123 decurrere
543 1095 621 1122 tinxit.
635 1095 776 1131 Origenes,
795 1105 850 1132 quo

61 1146 112 1167 eas
132 1141 283 1169 subsistere
303 1141 364 1168 loco
377 1149 408 1169 ac
423 1142 617 1177 conquiescere
639 1147 715 1170 ratus
732 1143 778 1176 sit,
806 1144 849 1170 vi-

61 1187 184 1214 dendum
199 1191 249 1214 est.
267 1186 370 1214 Novum
386 1188 493 1223 quidem
508 1188 618 1219 coelum,
634 1195 666 1216 ac
681 1192 781 1215 terram
799 1196 849 1216 no-

62 1239 127 1258 vam
154 1231 278 1259 felicitati
302 1237 329 1260 et
353 1233 437 1267 quieti
457 1237 519 1267 post
543 1232 614 1260 hanc
638 1233 720 1260 vitam
738 1233 849 1268 deputat

61 1278 111 1305 lib.
135 1286 143 1305 ι
167 1278 237 1312 Περὶ
256 1278 366 1313 ἀρχῶν,
387 1286 446 1314 cap.
465 1278 493 1312 6,
515 1286 591 1306 num.
607 1278 634 1312 2,
651 1284 761 1315 propter
782 1279 848 1307 illud

62 1325 140 1352 Isaiae
158 1332 222 1358 va,
240 1325 291 1352 l7:
318 1333 328 1350 ι
348 1324 416 1352 Ecce
433 1325 504 1352 enim
532 1332 583 1360 ego
605 1333 668 1353 creo
691 1325 775 1353 ccclos
800 1333 849 1353 no-

60 1377 111 1397 vos
137 1374 166 1397 ct
190 1374 289 1397 terram
322 1378 436 1403 novam;
453 1375 481 1398 et
502 1378 554 1397 non
572 1375 652 1398 erunt
675 1371 701 1398 in
717 1370 846 1398 memoria

60 1415 168 1450 priora,
191 1420 219 1442 et
240 1423 293 1442 non
313 1416 462 1443 ascendant
490 1423 572 1450 super
598 1423 663 1449 cor;
681 1425 690 1441 ι
715 1415 786 1450 quod
805 1423 848 1442 re-

59 1465 244 1495 pratscntatur
265 1460 287 1487 ll
312 1461 387 1489 Petr.
411 1459 456 1490 ttt.‘
478 1461 529 1494 ‘13,
557 1465 585 1488 et
611 1461 721 1496 Apocal.
739 1469 795 1495 ιιι,
821 1461 846 1490 Ι.

905 225 932 251 in
951 229 1061 258 terram,
1086 230 1112 253 et
1132 228 1206 254 varia
1228 228 1264 255 ibi
1290 228 1347 255 loca
1367 230 1506 257 nancisci:
1529 239 1562 258 ac
1580 240 1687 262 rursum

905 270 1132 304 quemadmodum
1157 271 1305 305 migrantes
1322 280 1354 299 cx
1372 272 1467 300 inferis
1483 274 1591 308 animae,
1610 281 1637 302 et
1655 278 1689 304 ob

904 320 978 343 recte
994 321 1068 351 gesta
1088 317 1115 343 in
1133 321 1230 344 terram
1257 324 1421 351 remeantes,
1444 320 1519 347 nasci
1543 321 1686 356 dicuntur;

903 361 941 388 ita
962 362 1052 389 varios
1066 363 1217 389 animarutn
1239 368 1314 391 ortus
1337 364 1363 391 in
1388 365 1566 399 ﬁrmamento,
1589 372 1616 394 et
1638 375 1687 396 su-

903 413 996 440 premo
1013 407 1073 434 item
1092 409 1166 436 caelo
1181 409 1346 444 contingere.
1368 409 1454 437 Verba
1475 411 1533 446 ipsa
1552 412 1684 449 Origenis,

902 452 1001 486 quibus
1022 453 1080 480 hmc
1099 455 1255 481 continetur
1274 455 1408 488 doctrina,
1427 456 1535 485 adducit
1555 458 1685 496 Hierony-

902 503 962 524 mus
979 495 1069 532 capite
1090 498 1108 525 2
1123 503 1149 525 et
1174 499 1192 526 4
1207 499 1286 534 epist.
1309 500 1362 532 59,
1378 501 1411 528 ad
1427 501 1516 534 Avit.,
1537 511 1552 530 e
1570 503 1638 532 libro
1658 495 1685 533 iv

903 544 973 576 Περὶ
988 543 1098 577 ἀρχῶν,
1117 552 1192 572 num.
1217 544 1263 572 25.
1283 545 1367 580 Hujus
1382 551 1455 574 certe
1473 547 1534 575 libri
1558 556 1634 578 num.
1650 550 1687 578 22

903 588 985 615 tradit
1001 588 1131 625 Origenes
1142 590 1346 627 Jerosolymam,
1363 593 1409 619 sed
1424 597 1451 620 et
1469 593 1586 629 reliquas
1602 596 1683 623 etiam

902 637 981 661 terrae
1010 636 1151 669 regiones,
1182 636 1249 663 alias
1281 637 1331 664 sibi
1354 639 1526 672 cognomines
1553 640 1580 667 in
1608 641 1686 669 caelis

902 679 1012 712 habere,
1036 681 1126 715 ibique
1150 681 1306 717 Egyptum,
1326 682 1511 718 Babyloniam,
1536 684 1635 720 Tyrum
1658 691 1687 713 et

903 726 1032 754 Sidonem
1052 727 1187 762 reperiri;
1211 728 1348 764 multaque
1369 730 1402 756 de
1426 729 1492 757 locis
1517 730 1570 758 illis
1593 731 1686 760 vatici-

904 775 984 800 natos
999 779 1058 800 esse
1073 773 1230 808 prophetas,
1252 782 1312 809 qua:
1331 775 1353 802 si
1371 775 1433 809 quis
1452 777 1484 802 ad
1505 781 1611 804 terrena
1627 777 1684 805 loca

903 818 1013 852 referat,
1038 818 1118 846 valde
1137 827 1197 846 cum
1217 820 1386 847 hallucinari.
1405 821 1521 849 Plurima
1538 824 1573 851 ibi
1598 825 1623 851 in
1640 832 1685 851 sa-

902 863 958 890 cris
974 863 1156 892 voluminibus
1172 871 1321 892 memorata
1344 872 1476 900 recenset,
1502 876 1563 903 quae
1581 869 1683 905 allego—

903 908 960 935 rice
975 908 1190 944 interpretanda,
1215 917 1241 938 et
1257 912 1289 938 ad
1306 912 1426 939 ccelcstia
1440 913 1623 948 detorquenda
1643 923 1685 942 ar-

902 953 1030 982 bitratur.
1047 955 1163 982 Humilia
1179 957 1213 984 28
1229 957 1256 983 in
1276 956 1372 991 Nnm.,
1389 966 1463 985 num.
1479 959 1508 990 2,
1522 959 1641 988 Judteam
1657 961 1683 988 in

903 1001 972 1028 caelo
995 1001 1053 1029 suis
1068 1002 1221 1029 distinctam
1239 1004 1387 1034 montibus,
1411 1004 1468 1031 suis
1488 1004 1643 1032 civitatibus
1656 1011 1684 1032 et

902 1047 981 1079 vicis,
1001 1047 1058 1075 suis
1069 1048 1151 1075 etiam
1169 1049 1290 1076 tribubus
1306 1049 1410 1081 statuit,
1435 1050 1462 1076 in
1483 1057 1569 1085 caque
1591 1051 1682 1078 sedem

901 1094 1053 1128 positurum
1073 1095 1200 1130 populum
1221 1095 1279 1129 Dei,
1301 1101 1329 1123 et
1344 1104 1437 1124 verum
1455 1096 1593 1130 Israelem,
1617 1097 1680 1127 Iesu

901 1139 980 1173 duce,
996 1140 1071 1174 cujus
1082 1141 1224 1174 imaginem
1237 1143 1323 1176 gessit
1334 1142 1412 1170 Jesus
1426 1143 1494 1171 alter
1507 1144 1577 1171 filius
1592 1145 1681 1178 Nave;

902 1192 1125 1221 unumquemque
1142 1191 1229 1214 autem
1257 1188 1282 1214 in
1305 1188 1376 1215 hanc
1401 1188 1508 1216 illamve
1527 1190 1625 1217 tribum
1648 1191 1682 1218 iri

903 1231 1056 1266 ablegatum
1072 1239 1120 1266 pro
1143 1233 1247 1260 meritis
1262 1240 1294 1260 ac
1317 1234 1482 1268 virtutibus;
1501 1243 1510 1260 ι
1530 1242 1617 1270 neque
1637 1244 1682 1263 so-

901 1276 955 1304 lum
971 1285 1021 1312 pro
1034 1277 1139 1305 meritis
1157 1286 1250 1305 eorum
1274 1279 1320 1313 qui
1336 1279 1537 1314 dtspensantur,
1561 1290 1572 1306 ι
1595 1282 1682 1316 inquit

899 1330 975 1349 num.
989 1323 1017 1356 4,
1028 1332 1037 1349 ι
1050 1324 1097 1351 sed
1113 1329 1139 1351 et
1149 1332 1198 1359 pro
1211 1325 1351 1352 novissimi
1365 1326 1459 1358 Adam,
1475 1326 1504 1353 in
1520 1334 1573 1361 quo
1587 1334 1682 1356 omnes

901 1368 1055 1396 viviﬁcandi
1073 1369 1211 1402 dicuntur,
1224 1370 1461 1406 contemplatione.
1480 1382 1490 1398 ι
1508 1372 1608 1400 Ibidem
1629 1373 1683 1400 col-

900 1415 970 1442 locat
986 1415 1147 1448 Jerusalem,
1164 1422 1191 1444 et
1205 1422 1324 1445 montem
1342 1418 1419 1450 Sion,
1432 1419 1508 1452 juxta
1523 1418 1680 1454 Apostolum

898 1461 958 1489 Gal.
977 1469 1015 1495 tv,
1029 1462 1075 1496 26,
1092 1467 1120 1490 et
1138 1463 1219 1490 Hebr.
1241 1470 1291 1496 xtl,
1307 1462 1351 1495 22,
1376 1469 1402 1491 ct
1424 1463 1553 1491 Joannem
1569 1464 1680 1498 Apocal.

59 1509 181 1543 Propter
197 1508 262 1536 illud
286 1514 375 1536 autem
391 1509 466 1536 Pauli
484 1509 493 1536 Ι
514 1509 577 1537 Cor.
600 1517 654 1542 vti,
670 1509 715 1542 5|,
734 1519 743 1535 ι
771 1509 844 1537 Prae-
859 1514 881 1544 (ζ
899 1516 940 1541 ιιι,
955 1508 999 1541 t2,
1014 1513 1041 1536 et
1056 1516 1113 1542 ut,
1127 1509 1155 1541 2,
1171 1514 1198 1536 et
1221 1509 1347 1544 templum
1368 1509 1431 1542 Dei;
1453 1510 1564 1544 diesque
1583 1510 1679 1537 ibidem

58 1554 127 1581 terit
146 1554 217 1581 enim
236 1554 319 1588 ﬁgura
344 1555 422 1589 hujus
446 1555 551 1587 mundi,
572 1564 583 1581 ι
598 1559 626 1582 et
651 1555 721 1583 istud
737 1555 846 1583 Davidis

59 1600 160 1635 psalm.
176 1607 213 1632 et,
227 1600 272 1632 27,
292 1609 302 1626 ι
320 1600 387 1628 (Σαιιί
409 1601 551 1636 peribunt,
576 1605 603 1628 tu
626 1607 715 1628 autem
739 1609 846 1636 perma-

59 1654 121 1679 nes,
140 1651 168 1673 et
182 1654 278 1674 omnes
291 1648 363 1674 sicut
379 1648 568 1674 vestimentum
586 1651 772 1682 veterascent;
791 1658 800 1674 »
819 1653 846 1676 ει

60 1693 115 1722 hoc
133 1693 250 1720 fortasse
264 1693 338 1720 lsaim
355 1700 392 1724 LI,
408 1692 434 1724 6,
456 1701 466 1717 ι
481 1691 549 1719 Caeli
563 1693 633 1720 sicut
651 1693 740 1721 fumus
757 1693 844 1728 lique-

59 1742 155 1771 scent,
174 1743 202 1766 et
217 1742 290 1765 terra
313 1738 384 1765 sicut
403 1738 594 1765 vestimentum
610 1743 753 1771 atteretur,
772 1749 781 1766 ι
800 1748 845 1767 ea-

60 1790 142 1812 tenus
165 1792 266 1812 novum
284 1783 381 1811 ctelum
401 1788 429 1810 et
447 1791 544 1811 novam
561 1788 658 1811 terram
674 1791 795 1812 creatum
812 1786 844 1814 iri

58 1832 152 1863 docet,
167 1835 302 1865 quatenus
318 1830 345 1856 in
362 1829 414 1857 ﬁne
430 1837 520 1857 rerum
535 1830 690 1858 destruetur
706 1832 755 1859 iste
769 1840 845 1859 mun-

57 1879 121 1910 dus,
141 1883 169 1904 et
192 1877 219 1904 in
237 1884 333 1904 novam
355 1881 465 1908 terram,
481 1883 512 1903 ac
532 1884 630 1906 novum
645 1877 744 1904 emtum
765 1885 843 1912 repa-

59 1924 188 1951 rabitur:
207 1932 217 1948 ί
235 1922 386 1955 lnnovatio,
401 1932 411 1949 ι
428 1922 517 1957 inquit
535 1922 610 1954 ibid..
627 1931 699 1949 num.
712 1923 740 1956 ι,
754 1932 764 1948 ι
782 1924 842 1951 caeli

57 1974 87 1997 et
103 1974 194 2000 terrae,
210 1972 237 1996 et
252 1968 443 1996 transmutatio
461 1967 569 1995 habitus
594 1967 675 2002 hujus
697 1969 798 2000 mundi,
816 1974 844 1995 et

59 2014 215 2041 immutatio
233 2014 365 2041 caelorum
386 2014 430 2041 his
451 2014 510 2041 sine
529 2013 610 2041 dubio
635 2014 842 2048 prmparabitur,

58 2061 106 2095 qtti
128 2067 178 2094 per
194 2060 268 2088 illam
289 2060 372 2093 viam,
391 2067 471 2094 quam
493 2066 576 2094 supra
592 2059 768 2091 ostendimus,
791 2059 844 2087 iter

59 2110 174 2140 agentes
194 2106 227 2133 ad
254 2105 329 2132 illum
347 2105 427 2132 ﬁnem
450 2105 623 2132 beatitudinis
649 2105 779 2138 tendunt,
798 2106 842 2133 cui

59 2152 143 2180 etiam
161 2151 212 2186 ipsi
226 2151 327 2178 inimici
344 2150 504 2186 subjiciendi
521 2150 658 2182 dicuntur,
676 2151 703 2178 in
718 2159 772 2186 quo
789 2151 842 2179 line

58 2198 164 2230 omnia,
180 2202 207 2225 et
232 2198 258 2224 in
276 2196 401 2224 omnibus
422 2195 521 2223 dicitur
543 2203 604 2224 esse
620 2196 700 2224 Dens.
722 2206 732 2225 ι
752 2197 844 2233 Itaque

59 2246 241 2280 Hieronymus
262 2245 341 2279 epist.
357 2244 400 2277 59,
416 2245 450 2272 ad
473 2244 557 2276 Avit.,
581 2251 639 2280 cap.
659 2245 685 2277 Ι,
707 2246 844 2274 censuisse

60 2293 207 2329 Origenem
223 2292 357 2327 queritur,
376 2292 497 2318 futurum
515 2295 544 2318 ut
564 2300 596 2319 ex
617 2292 716 2319 animis
732 2293 844 2327 quibus—

57 2340 121 2367 dam
147 2348 158 2364 ι
182 2338 320 2365 hominum
346 2341 453 2365 constet
476 2344 561 2372 genus
584 2337 610 2364 in
631 2345 684 2364 ιιηο
702 2338 792 2372 aliquo
809 2347 840 2367 ex

59 2385 183 2417 nutndis,
205 2384 312 2419 quando
322 2383 400 2419 juxta
417 2383 512 2411 lsaiam
527 2383 625 2411 caelum
645 2389 671 2412 et
687 2388 758 2411 terra
773 2393 842 2414 nova

58 2433 132 2459 ﬁent.
159 2440 168 2457 I

95 2477 185 2510 Supra
211 2476 262 2503 hoc
283 2475 365 2502 etiam
393 2474 575 2510 conspicabile
598 2475 713 2506 cadum,
741 2479 841 2503 terram

58 2530 158 2550 novatn
182 2529 215 2548 ac
231 2521 329 2548 ctelum
353 2528 451 2548 novum
473 2520 634 2555 quandoque
657 2520 790 2553 collocat;
816 2526 843 2548 et

57 2569 156 2596 summi
181 2567 255 2594 illius
273 2574 305 2594 ac
331 2567 392 2594 novi
423 2566 484 2593 caeli
507 2566 611 2593 ratione
642 2566 842 2594 ﬁrmamentum

57 2622 118 2641 esse
135 2613 238 2641 inferos
252 2613 300 2644 ait,
315 2612 542 2647 quemadmodum
559 2612 665 2639 ratione
680 2613 843 2640 ﬁrmamenti

58 2665 131 2687 terra
150 2660 209 2687 haec
233 2664 338 2691 nostra,
353 2666 435 2694 quam
457 2659 565 2693 proprie
585 2658 689 2685 aridam
705 2659 844 2694 appellan-

57 2708 119 2734 dam
136 2710 247 2738 censet,
273 2705 353 2732 inferi
381 2709 460 2737 suttt;
486 2705 634 2732 inferorum
654 2713 719 2733 vero
740 2706 844 2734 ratione

57 2753 158 2780 caelum
185 2752 245 2786 ipsa
275 2755 334 2784 est;
365 2755 392 2778 ct
422 2751 646 2784 quemadmodum
671 2751 842 2780 discedentes

58 2806 93 2826 ex
111 2797 154 2825 bis
170 2796 286 2824 terrenis
302 2796 412 2823 sedibus
427 2796 524 2822 anima:
543 2803 590 2824 vro
605 2797 661 2824 suis
684 2797 787 2824 meritis.
801 2798 842 2824 di-

61 2851 140 2872 versa
159 2842 231 2877 apud
248 2841 351 2870 inferos
370 2841 491 2870 obtinent
505 2841 574 2874 loca,
593 2842 629 2869 ita
644 2849 703 2877 qua.
731 2851 748 2871 ιι
765 2851 839 2871 sutu-

898 1554 985 1582 festos
1001 1554 1165 1582 celebratum
1186 1555 1218 1581 iri
1243 1559 1329 1590 putat,
1345 1560 1373 1582 et
1393 1563 1558 1590 quaecunque
1572 1556 1679 1583 dentom

897 1601 1094 1635 praecipiuntur
1117 1601 1143 1627 in
1162 1601 1230 1636 lege,
1247 1609 1328 1635 quant
1343 1602 1465 1628 umbram
1487 1602 1626 1629 continere
1639 1602 1680 1628 di-

898 1647 936 1674 cit
959 1646 1102 1682 Apostolus
1127 1647 1278 1675 futurorum
1307 1649 1451 1677 bonorum.
1476 1649 1576 1676 Eadem
1601 1648 1680 1678 habet

897 1693 990 1721 homil.
1016 1694 1206 1728 25131.net",
1234 1703 1308 1722 num.
1333 1695 1370 1728 4,
1396 1703 1483 1731 coque
1503 1697 1584 1724 refert
1608 1698 1680 1726 istud

895 1737 974 1765 Joan.
997 1746 1053 1771 xlv,
1078 1739 1114 1773 2,
1140 1749 1150 1765 ‹
1181 1740 1209 1767 In
1237 1740 1316 1767 domo
1341 1740 1428 1767 Patris
1450 1740 1501 1768 tnei
1526 1743 1680 1771 mansiones

895 1785 988 1812 multae
1007 1789 1081 1818 sunt,
1100 1795 1109 1812 ι
1125 1790 1152 1813 et
1168 1794 1250 1822 super
1262 1787 1385 1814 civitates
1414 1787 1472 1815 illas
1485 1787 1611 1815 caelestes
1631 1796 1680 1822 po-

897 1835 1020 1858 testatem
1036 1831 1188 1859 habiturum
1211 1833 1347 1860 existimat
1369 1841 1477 1861 servum
1499 1834 1572 1861 illum
1595 1833 1678 1870 frugi,

896 1876 942 1911 qui
960 1876 1132 1904 commissam
1149 1877 1198 1904 sibi
1223 1879 1364 1912 pecuniam
1383 1879 1484 1906 utiliter
1504 1880 1603 1914 posuit.
1623 1880 1679 1908 Has

896 1929 962 1956 ergo
979 1923 1048 1949 inter
1066 1923 1216 1950 animarum
1231 1925 1310 1952 sedes
1328 1932 1388 1952 eain
1406 1926 1607 1960 proportionem
1620 1931 1677 1954 sta-

896 1968 948 1994 tuit
968 1971 997 1995 et
1018 1968 1223 1996 similitudinem
1251 1969 1391 2005 Origenes,
1409 1977 1439 1998 ut
1452 1972 1601 2000 caelestium
1619 1981 1678 2000 utn-

895 2015 972 2041 bram
995 2020 1056 2040 esse
1069 2018 1096 2040 et
1111 2014 1256 2049 imaginem
1273 2016 1337 2042 velit
1354 2009 1454 2044 terram
1471 2018 1550 2051 hanc,
1565 2025 1677 2053 quaeque

895 2060 922 2086 in
949 2060 1030 2087 terris
1046 2064 1186 2094 geruntur.
1202 2061 1278 2093 juxta
1299 2062 1453 2095 Apostolum
1472 2063 1554 2091 Ilebr.
1573 2071 1631 2096 vrtl,
1647 2063 1674 2092 5.

896 2105 1079 2132 Memorabilis
1095 2112 1159 2132 vero
1180 2113 1234 2140 pra:
1251 2107 1357 2134 caeteris
1375 2107 1418 2135 ille
1441 2108 1515 2136 locus
1532 2117 1611 2148 quem
1626 2110 1677 2141 ho-

898 2151 956 2178 mil.
971 2151 989 2178 5
1003 2152 1030 2179 in
1045 2151 1140 2187 psalm.
1163 2158 1255 2187 xxxvi,
1269 2153 1429 2192 reperimus,
1453 2159 1498 2185 ubi
1514 2159 1565 2186 hoc
1586 2160 1677 2195 expla-

859 2185 966 2225 Ιλιιιιιιε
982 2185 1074 2234 psalmi
1089 2206 1181 2231 xxxvr,
1198 2185 1269 2231 5-4,}
1289 2185 1320 2226 [it
1340 2185 1468 2230 exaltabit
1490 2185 1525 2238 te,
1541 2209 1569 2232 ut

898 2245 985 2272 dilale
1001 2245 1093 2279 capias
1110 2250 1221 2277 tcrratn,
1243 2254 1253 2270 ι
1268 2250 1366 2273 terram
1383 2249 1450 2275 hanc
1467 2257 1528 2278 esse
1545 2251 1600 2278 vult
1614 2252 1677 2279 dor-

898 2298 956 2318 sum
973 2290 1058 2325 ipsius
1083 2290 1244 2317 ﬁrmamenti
1261 2297 1267 2315 :
1295 2299 1304 2315 ι
1323 2291 1409 2326 Unde,
1425 2303 1433 2318 ι
1455 2295 1540 2330 inquit
1558 2305 1632 2324 ntttn.
1647 2299 1675 2331 4,

900 2343 972 2370 (ego
997 2336 1125 2367 arbitror,
1155 2336 1215 2370 quia
1240 2337 1308 2363 sicut
1325 2337 1384 2364 calli
1411 2339 1504 2373 ipsius,
1523 2342 1548 2368 id
1572 2347 1613 2370 est
1629 2344 1675 2370 fir-

897 2382 1025 2410 mamenti
1044 2381 1159 2409 inferius
1175 2382 1262 2409 solum
1285 2382 1358 2409 arida
1374 2383 1430 2410 ha-c
1444 2384 1469 2410 in
1488 2394 1540 2420 qtta
1562 2396 1610 2416 nos
1630 2391 1677 2416 ha-

892 2428 1013 2455 bitamus
1025 2448 1032 2460 ,
1058 2433 1128 2455 terra
1141 2427 1201 2461 ejus
1216 2428 1335 2461 dicitur;
1358 2429 1394 2455 ita
1419 2435 1446 2456 et
1462 2431 1532 2459 illius
1552 2435 1677 2469 superio-

893 2474 942 2506 ris,
969 2474 1040 2508 quod
1062 2474 1246 2509 principaliter
1265 2474 1364 2502 dicitur
1391 2476 1503 2504 inl‘crius
1527 2479 1624 2513 solum,
1648 2483 1675 2509 in

894 2526 948 2553 quo
967 2519 1135 2546 habitatores
1160 2520 1196 2546 illi
1222 2520 1346 2548 coalestcs
1368 2527 1572 2556 conversantur,
1588 2531 1625 2559 et,
1647 2533 1676 2554 ιιι

893 2565 930 2592 ita
950 2565 1048 2598 dicam,
1062 2567 1170 2593 dorsum
1187 2566 1274 2601 ipsum
1290 2567 1450 2595 firmamenti
1466 2568 1552 2603 hujus,
1569 2573 1676 2605 merito,

893 2614 923 2638 ut
949 2610 1016 2643 dixi,
1035 2615 1108 2638 terra
1136 2611 1208 2639 illius
1223 2613 1283 2640 coeli
1304 2621 1365 2641 esse
1383 2614 1499 2641 dicitur:
1527 2617 1574 2642 sed
1604 2621 1674 2644 terra

897 2659 978 2692 bona,
1001 2663 1073 2686 terra
1098 2665 1201 2694 saneta,
1226 2665 1296 2687 terra
1323 2660 1417 2693 multa,
1444 2665 1514 2688 terra
1541 2662 1673 2695 vivorutn,

894 2709 967 2732 terra
985 2703 1071 2731 ﬂuens
1087 2704 1129 2731 lac
1141 2709 1169 2731 et
1184 2707 1246 2732 mel.
1265 2715 1274 2730 ι
1290 2705 1359 2732 Fuse
1373 2710 1456 2733 totum
1475 2707 1604 2734 doctrina:
1620 2715 1676 2734 sua:

895 2754 1050 2778 contextum
1077 2750 1194 2784 explicat
1214 2751 1259 2778 lib.
1285 2759 1302 2777 ιι
1330 2752 1399 2785 Περὶ
1421 2752 1532 2787 ἀρχῶν,
1557 2761 1618 2788 cap.
1646 2753 1675 2786 5,

895 2805 971 2824 ιιιιιιι.
991 2796 1019 2829 6,
1036 2796 1062 2829 7,
1082 2801 1163 2831 atque
1187 2804 1276 2824 rerum
1303 2799 1424 2826 omnium
1452 2799 1651 2828 universitatem
1667 2821 1673 2832 ,

894 2841 1073 2875 infernarum,
1094 2847 1271 2876 terrenarum,
1287 2843 1449 2880 caelestium,
1466 2849 1492 2873 ct
1511 2852 1570 2880 qua:
1594 2852 1675 2880 supra
