1912 3079
258 115 325 144 1019

897 113 926 141 P.
949 112 1107 141 DANIELIS
1127 111 1242 140 HUE'I'II

1806 111 1871 138 {0‘20

256 177 357 206 ccelum
375 181 451 209 sunt,
461 168 587 211 “generati
610 175 718 203 nomine
736 175 863 202 mundum
879 175 929 207 ait,
949 174 1039 209 nppel-
1054 179 1076 205 Α
1093 178 1146 207 tur,
1173 172 1327 207 temporalia
1355 175 1431 204 sunt;
1449 178 1508 207 quae
1535 175 1625 199 autem
1651 179 1704 199 non
1730 171 1870 206 videntur,

258 223 318 253 lari,
335 230 388 256 quo
413 220 503 248 caeteri
529 220 620 246 mundi
647 219 839 251 continentur;
861 222 888 245 et
906 217 1037 252 quemad-

259 270 366 296 modum
388 267 587 294 ﬁrmamentum
604 269 703 292 terram
726 265 797 291 hanc
812 264 972 298 capacitate.
989 271 1037 290 sua

259 313 457 347 complectitur,
478 312 514 337 ita
543 310 677 344 sphteram
692 310 836 344 quamdam
857 310 1037 344 superiorem,

257 367 316 393 qum
338 358 364 384 in
381 357 530 392 Scripturis
555 362 626 383 terra
655 356 737 387 bona,
755 359 783 383 et
800 359 872 382 terra
890 354 1037 382 viventium

258 405 421 435 nominatur,
445 407 474 430 et
498 402 610 430 milibus
633 409 664 428 ac
690 401 838 428 mansuetis
859 400 1037 435 promittitur,

258 457 307 476 suo
318 448 465 483 constringi
479 447 559 479 cmlo,
576 447 602 473 in
625 453 678 480 quo
700 451 856 473 sanctorum
871 445 979 472 nomina
992 446 1039 472 de-

259 496 361 529 scripta
381 499 464 527 sunt;
486 501 518 521 ex
535 493 587 520 hoc
601 498 688 520 autem
705 492 785 522 coelo.
809 499 841 519 ex
855 498 940 525 eaque
955 496 1037 524 terra,

258 547 338 568 terrae~
359 548 390 567 ac
404 540 466 568 coeli
484 538 637 566 nominibus
659 538 755 565 all'ecta
773 538 857 565 fuisse
879 537 1036 564 ﬁrmamen-

260 591 315 613 tum
338 590 365 613 et
389 585 507 617 aridam;
534 583 658 618 aliudque
684 589 744 610 esse
768 582 866 610 ctelum
893 587 921 609 et
938 587 1037 609 terram

258 639 318 666 qua:
343 631 419 658 initio
440 638 455 657 a
480 630 532 657 Deo
554 633 643 656 creata
671 633 749 661 sunt,
778 635 810 655 ac
838 628 1037 654 ﬁrmamentum

259 678 331 712 quod
345 677 388 704 die
404 676 523 704 secundo
535 675 670 703 conditum
688 674 805 702 dicitur:
821 674 949 701 mundum
967 674 1039 702 hunc

260 729 349 751 autem
370 722 549 756 superiorem.
571 728 632 748 eum
649 728 721 752 esse,
737 720 807 747 unde
828 719 942 747 missum
957 727 986 747 se
1002 719 1038 746 si-

259 766 369 801 gniﬁcat
385 766 507 793 Christus
530 765 621 792 dicens
635 764 714 792 Joan.
730 771 789 796 VIII,
802 764 856 791 25:
874 773 883 790 ι
909 763 965 798 Ego
986 772 1038 791 non

259 819 318 839 sum
333 811 365 838 de
380 811 429 838 hoc
444 810 555 842 mundo,
571 819 580 836 I
598 809 765 844 corruptioni
781 808 935 843 neutiquam
950 808 1038 843 ipsum

1092 225 1192 248 aeterna
1209 223 1280 246 sunt.
1297 228 1306 244 I

1129 266 1186 293 XII.
1203 265 1243 293 Ad
1258 265 1411 300 paradisum
1434 264 1504 299 quod
1529 264 1639 296 attinet,
1665 271 1679 290 a
1702 269 1813 290 summo
1830 263 1871 289 illo

1092 317 1119 339 et
1133 319 1261 346 supremo
1275 312 1344 339 ctelo
1367 317 1428 338 eum
1449 309 1625 337 Adamantius
1642 309 1789 340 distinxit,
1805 312 1832 335 el.
1847 308 1871 335 in

1091 363 1167 385 certo
1181 358 1272 392 aliquo
1285 362 1364 385 terra:
1385 357 1442 385 loco
1455 356 1609 388 collocavit;
1633 362 1694 382 cum
1717 360 1872 381 terrestrem

1091 403 1245 431 econtrario
1271 403 1424 438 paradisum
1435 422 1443 434 ,
1456 410 1535 436 quem
1558 402 1586 428 in
1603 405 1676 428 terra
1690 401 1776 428 situm
1792 399 1872 427 fuisse

1092 449 1274 477 certissimum
1295 454 1348 481 est,
1364 448 1506 484 allegorice
1522 455 1660 482 exponens
1675 454 1757 481 supra
1775 446 1871 473 coelum

1092 495 1271 528 constituerit,
1292 498 1320 522 ut
1342 495 1526 522 ostendemus.
1553 494 1591 521 Ae
1610 493 1644 520 dc
1668 493 1761 528 priore
1789 493 1872 520 mani-

1093 540 1191 568 festum
1202 545 1244 568 est
1259 540 1440 567 testimonium
1453 539 1501 567 lib.
1515 547 1533 566 ιι
1547 539 1616 573 Περὶ
1628 538 1742 574 ἀρχῶν,
1755 545 1818 573 cap.
1832 539 1873 570 ll,

1092 594 1156 614 num
1174 586 1212 614 6:
1239 595 1249 612 ‹
1267 585 1336 614 Puto
1348 586 1430 619 enim,
1445 585 1544 620 inquit,
1561 584 1632 619 quod
1657 584 1746 612 sancti
1774 584 1872 618 quique

1092 632 1262 660 discedentes
1274 632 1308 659 de
1321 632 1372 659 hac
1386 631 1442 659 vita
1458 631 1653 666 permanebunt
1669 631 1695 657 in
1712 629 1775 657 loco
1785 629 1872 664 aliquo

1092 677 1120 706 in
1137 682 1207 705 terra
1224 678 1320 712 posito,
1334 685 1414 712 quem
1427 677 1580 712 paradisum
1594 677 1661 704 dicit
1674 676 1818 711 Scriptura
1835 677 1872 704 di-

1092 725 1171 756 vina,
1198 724 1271 751 velut
1296 724 1321 750 in
1344 723 1460 758 quodam
1484 722 1644 750 eruditionis
1665 722 1737 750 loco.
1758 731 1769 747 ι
1789 722 1871 756 Atque

1093 770 1163 797 hanc
1178 769 1293 804 primam
1305 776 1365 797 esse
1380 769 1436 795 vult
1451 768 1628 800 mansionem,
1647 767 1673 795 in
1688 775 1742 802 qua
1760 774 1870 801 corpore

1092 820 1221 842 exeuntes
1246 814 1342 842 animae
1373 814 1489 841 terrenis
1519 814 1644 841 sordibus
1668 818 1868 848 expurgantur;

260 864 321 885 csse
343 856 502 888 obnoxium.
529 863 579 883 nec
602 855 689 882 oculis
712 854 913 890 inspectabilem.
940 854 1040 881 sanctis
1055 856 1172 895 Bquam
1187 865 1214 887 et
1228 861 1299 887 idem
1320 867 1382 887 esse
1397 859 1454 886 vult
1468 867 1500 886 ac
1525 859 1613 886 sinum
1639 858 1767 886 Abraltm.
1784 868 1794 884 ε
1821 858 1869 886 sm

261 907 349 929 autem
372 906 399 928 et
424 901 552 936 perfectis
571 900 661 928 sedem
683 901 753 927 hanc
781 907 842 927 esse
866 899 1038 932 destinatam,

259 953 289 975 et
303 951 403 974 terram
417 947 524 982 quidem
548 946 639 974 mundi
657 946 727 974 illius
749 945 784 973 iis
794 946 840 980 qui
856 945 1041 979 castigationi-

260 993 311 1019 bus
341 997 368 1019 et
393 991 629 1019 eincndationibus
661 991 773 1018 fuerunt
798 990 958 1025 expurgati,
980 990 1041 1018 aliis

260 1046 325 1065 vero
344 1038 454 1071 malum,
477 1038 522 1072 qui
546 1038 608 1064 dum
626 1036 653 1064 in
668 1037 748 1064 terris
764 1041 875 1071 agerent
903 1036 949 1063 Dei
966 1044 1041 1064 man-

261 1085 332 1112 datis
344 1085 580 1119 obtemperarunt,
594 1083 640 1111 sed
655 1083 692 1110 ita
709 1087 798 1110 tamen
812 1087 842 1110 ut
863 1083 897 1110 ab
913 1082 957 1109 illa
971 1086 1041 1110 terra

261 1130 295 1157 ad
317 1130 415 1157 coelum
436 1136 590 1163 supremum
607 1129 735 1155 transitus
759 1132 859 1162 pateat.
886 1128 1041 1156 Consimilia

262 1181 326 1204 sunt
342 1183 401 1210 quae
414 1175 549 1202 habentur
563 1174 686 1208 ejusdem
709 1173 770 1201 libri
791 1181 850 1208 cap.
866 1173 893 1207 9,
917 1182 991 1201 num.
1013 1175 1041 1207 5,

261 1227 290 1248 et
308 1229 369 1256 qua:
383 1220 471 1255 capite
491 1224 627 1254 postremo
651 1219 711 1247 libri
734 1227 776 1253 ιιι,
802 1227 878 1246 num.
899 1219 926 1251 8,
944 1220 971 1252 9,
997 1219 1043 1246 ubi

261 1271 290 1293 et
304 1266 369 1293 illud
391 1265 496 1299 adiicit,
512 1272 603 1292 rerum
622 1263 735 1291 istarum
751 1263 913 1295 cmlestium,
928 1272 988 1299 qua:
1002 1265 1043 1291 in-

263 1310 395 1338 feriorum
417 1310 545 1337 harumce
570 1314 661 1345 typum
686 1314 793 1344 gerunt,
817 1310 934 1337 formam
960 1309 1043 1345 Moysi

262 1357 291 1383 in
321 1360 412 1383 monte
433 1355 516 1383 fuisse
537 1359 734 1388 monstratam;
764 1355 798 1382 ad
821 1356 931 1390 ejusque
953 1361 1045 1382 exem-

262 1401 335 1436 plum
347 1402 543 1429 tabernaculiet
555 1401 751 1429 sacriﬁciorum
764 1401 944 1428 instrumenta
957 1401 1043 1435 ipsum

262 1453 444 1481 comparasse,
461 1447 605 1473 secundum
621 1451 785 1481 praeceptum
804 1447 867 1473 illud
885 1447 932 1474 Dei
958 1446 1043 1474 Exod.

264 1499 332 1524 xxv,
364 1491 416 1518 40:
441 1500 451 1517 α
478 1491 583 1526 Inspice
611 1496 638 1519 et
665 1492 707 1519 l'ae
731 1493 878 1520 secundum
908 1493 1045 1527 exemplar

1090 910 1118 932 et
1132 905 1204 932 illam
1218 905 1340 940 ﬁguram,
1359 913 1368 930 ι
1387 904 1475 940 inquit
1491 904 1583 931 homil.
1596 903 1632 930 26
1644 904 1672 930 in
1684 903 1781 935 Νιυιι..
1798 911 1868 931 lllltll.

1090 951 1118 984 4,
1140 960 1150 976 ‹
1168 957 1227 978 esse
1244 949 1361 977 diximus
1383 949 1498 976 exeundi
1512 949 1548 976 de
1562 948 1691 984 (Egypto,
1707 957 1770 975 eum
1793 949 1869 976 relin-

1091 997 1150 1031 quit
1165 996 1256 1022 anima
1275 995 1366 1023 mundi
1391 995 1470 1029 hujus
1486 996 1623 1029 tenebras,
1640 1002 1672 1022 ac
1690 1000 1794 1022 natura:
1810 1003 1869 1022 cor-

1092 1047 1179 1076 poreae
1193 1041 1354 1071 caecitatem.
1367 1044 1394 1067 et
1416 1040 1577 1067 transfertur
1591 1040 1624 1067 ad
1642 1040 1716 1067 aliud
1733 1042 1869 1071 sxculnm,

1091 1084 1162 1119 quod
1180 1084 1221 1112 vel
1242 1084 1317 1112 sinus
1338 1084 1464 1116 Abrahae,
1488 1090 1516 1111 ut
1535 1084 1562 1111 in
1582 1084 1703 1118 Lazaro;
1727 1085 1770 1112 vc!
1796 1093 1871 1120 para-

1092 1131 1178 1162 disus,
1199 1134 1227 1156 ut
1243 1131 1268 1156 in
1290 1129 1393 1157 latrone
1408 1130 1454 1164 qtti
1470 1130 1504 1157 de
1518 1137 1599 1157 cruce
1624 1130 1757 1162 credidit,
1776 1130 1870 1157 iudiea-

1093 1180 1146 1202 tur.
1167 1184 1177 1201 ι
1195 1175 1340 1209 Aliquibus
1356 1175 1437 1203 etiam
1462 1176 1616 1210 paradisum
1638 1174 1799 1204 dili'ercutiis
1820 1176 1871 1203 dia-

1093 1220 1218 1248 criminat
1243 1220 1337 1248 homil.
1353 1221 1387 1248 l5
1407 1221 1435 1247 in
1452 1220 1560 1252 Esse/1.,
1579 1228 1654 1247 num.
1668 1221 1695 1253 2,
1721 1228 1785 1255 pag.
1809 1221 1869 1252 ωδ.

1093 1266 1158 1300 404,
1174 1271 1203 1293 ιιι
1220 1266 1291 1293 alter
1305 1267 1341 1294 sit
1357 1267 1511 1301 paradisus,
1528 1266 1598 1293 alter
1616 1266 1775 1294 deliciarqu
1794 1275 1870 1301 para-

1093 1312 1180 1339 disus.
1194 1312 1283 1348 Atque
1294 1313 1366 1341 hunc
1374 1312 1531 1340 deliciarum
1542 1313 1705 1347 paradisum,
1716 1320 1778 1340 cum
1790 1313 1869 1345 Edeu.

1094 1357 1145 1385 hoc
1157 1362 1208 1391 est,
1227 1359 1347 1386 terrestri
1361 1359 1485 1394 paradiso
1499 1358 1638 1386 confundit
1658 1358 1705 1386 lib.
1724 1367 1745 1391 ι,
1761 1360 1789 1385 in
1804 1358 1869 1386 Can-

1095 1404 1151 1435 tic.,
1167 1411 1227 1438 pag.
1241 1403 1296 1436 42;
1315 1405 1353 1431 ait
1367 1404 1457 1431 enim:
1474 1413 1483 1430 ι
1502 1404 1553 1437 Qui
1570 1408 1659 1433 autem
1678 1405 1776 1439 dignus
1794 1405 1870 1433 luerit

1095 1449 1184 1476 redire
1197 1453 1298 1476 etesse
1314 1456 1374 1476 cum
1394 1449 1515 1482 Christo,
1531 1450 1630 1484 quique
1645 1449 1671 1476 in
1686 1457 1771 1484 parvo
1788 1450 1869 1476 ﬁdelis

1095 1493 1219 1521 inventus
1234 1493 1417 1521 constituetur
1432 1501 1515 1529 super
1531 1494 1624 1526 multa,
1643 1493 1687 1521 ille
1701 1494 1831 1529 gustabit,
1846 1499 1870 1522 et

264 1538 335 1573 quod
355 1538 401 1565 tihi
441 1538 468 1564 in
495 1541 585 1565 monte
615 1542 791 1565 monstratum
829 1542 879 1565 est.
905 1547 915 1564 ι
948 1532 1185 1574 Adjicithapiet
1210 1538 1376 1574 voluptatem
1405 1539 1531 1572 Domini,
1554 1539 1698 1574 perductus
1728 1539 1760 1565 ad
1786 1539 1869 1566 locum

263 1583 344 1610 etiam
367 1583 394 1610 in
414 1589 520 1610 summo
546 1582 591 1610 illo
614 1582 684 1610 coelo
710 1582 828 1610 futurum
853 1583 916 1611 illud
940 1593 950 1609 ι
974 1584 1045 1619 quod

264 1632 394 1654 aeternum
410 1627 508 1654 dicitur
521 1626 694 1661 Evangeliuut
712 1632 739 1654 et
763 1626 963 1655 Testamentum
980 1635 1048 1655 sem-

265 1681 314 1708 per
326 1673 517 1707 novum,quod
536 1680 672 1708 nunquam
693 1677 864 1700 veterascet:
883 1683 893 1700 ι
909 1674 936 1701 in
961 1681 1047 1709 eaque

266 1720 371 1754 piorum
385 1724 457 1746 terra
469 1719 602 1746 eruditum
617 1720 649 1746 iri
663 1720 697 1747 ab
713 1720 815 1755 angelis
827 1721 942 1753 animas.
953 1728 1048 1756 quem-

265 1765 407 1793 admodum
423 1770 450 1793 et
466 1766 491 1792 in
512 1766 733 1793 commemoratis
751 1774 832 1801 supra
848 1768 1044 1802 mansionibus,

264 1810 350 1838 donec
367 1817 522 1844 supremum
538 1810 642 1844 adeptis
654 1810 752 1837 caelum
769 1811 804 1838 sit
819 1810 890 1840 Deus
909 1812 1000 1840 omnia
1018 1814 1045 1841 in

265 1855 400 1884 otnnibus.
417 1855 472 1883 Nec
488 1856 522 1883 ab
542 1855 583 1882 his
603 1856 704 1882 abludit.
724 1856 818 1884 homil.
852 1858 865 1885 l
893 1858 922 1885 in
941 1857 1046 1893 Genet,

267 1909 341 1929 num.
357 1901 386 1934 2,
402 1909 462 1929 cum
480 1900 576 1929 scribit
592 1901 690 1929 cmlum
712 1901 777 1929 illud
794 1909 948 1937 supremum
968 1909 995 1931 et
1007 1905 1047 1931 in-

267 1955 446 1982 corporeum,
469 1948 541 1982 quod
566 1947 613 1975 Dei
637 1948 715 1975 sedes
740 1952 798 1980 est,
820 1948 936 1982 primum
960 1957 974 1975 a
992 1949 1047 1978 Deo

267 1993 405 2021 conditum
417 2013 426 2026 ,
448 1994 545 2021 deinde
557 2001 717 2029 corporeum
733 1994 843 2027 uelum.
868 1995 921 2022 ltoc
940 1999 982 2022 est
1000 1996 1047 2022 ﬁr-

267 2043 454 2065 mamentum:
481 2046 542 2066 nam
565 2039 752 2073 incorporeum
775 2040 903 2074 appellat,
920 2045 950 2067 ut
966 2048 1046 2075 supra

267 2084 448 2116 ostendimus,
459 2085 530 2118 quod
545 2089 654 2119 propter
672 2084 801 2112 eximiam
823 2085 979 2113 tenuitatem
997 2086 1047 2114 sub

266 2137 364 2157 sensus
386 2137 438 2156 non
459 2129 541 2156 cadit.
561 2129 625 2157 Item
642 2130 731 2164 capite
744 2129 838 2157 ultimo
858 2130 921 2158 libri
942 2138 961 2158 ιι
975 2131 1046 2165 Περὶ

266 2174 377 2210 ἀρχῶν,
390 2183 463 2202 num.
483 2175 512 2207 6,
526 2179 666 2210 postquam
683 2179 791 2202 sanctos
803 2183 835 2203 ex
853 2175 903 2203 hac
923 2176 978 2202 vita
991 2176 1046 2204 dis-

270 2218 398 2245 cedentes
420 2218 446 2244 in
462 2218 605 2253 quemdam
620 2223 699 2246 terra:
715 2219 795 2254 hujus
812 2219 900 2247 locum
916 2220 1046 2248 deventu-

269 2269 312 2290 ros
327 2262 406 2294 dixit,
419 2264 464 2297 qui
474 2263 614 2298 paradisus
629 2263 788 2299 appellatur,
803 2263 865 2292 inde
881 2265 952 2293 aeris
968 2272 1045 2291 man-

266 2307 389 2335 sionibus
409 2315 442 2336 ac
460 2309 616 2336 coelestibus
636 2309 796 2344 transgressi
812 2310 846 2337 ad
869 2317 900 2337 ea
913 2318 974 2345 qua:
992 2318 1045 2338 non

266 2354 402 2388 videntur,
425 2360 453 2382 et
472 2363 532 2390 qua:
557 2357 667 2384 nomine
688 2357 820 2384 duntaxat
841 2357 918 2385 nobis
937 2357 1045 2391 cognita

266 2403 340 2432 sunt,
355 2399 469 2428 allirmat
487 2409 658 2429 ascensuros.
681 2401 750 2430 Hinc
768 2402 837 2430 libro
857 2410 893 2429 vn
908 2403 937 2429 in
958 2401 1042 2437 Epist.

264 2449 300 2474 ad
317 2447 405 2480 Rom.,
426 2456 500 2476 num.
518 2449 545 2481 5,
564 2457 624 2484 pag.
642 2449 704 2484 600,
721 2457 754 2477 ea
777 2457 837 2485 quae
860 2450 947 2478 oculis
964 2457 1044 2477 usur-

266 2498 375 2527 pantur,
393 2494 496 2521 aridam
514 2495 640 2522 nimirum
664 2495 703 2522 vel
724 2496 922 2523 ﬁrmamentum
941 2495 1045 2531 sperari

267 2543 348 2573 vetat,
370 2539 418 2567 sed
430 2547 489 2575 qua:
505 2540 532 2567 in
553 2541 646 2568 oculos
661 2548 716 2569 non
733 2541 887 2575 incurrunt,
905 2546 932 2569 et
944 2545 1045 2568 attenta

266 2587 340 2617 sunt,
360 2593 457 2619 nempe
480 2585 595 2613 coelum:
615 2595 624 2612 ι
646 2586 701 2613 lmo
721 2586 809 2621 potius
822 2606 831 2619 ,
844 2586 942 2620 inquit,
962 2585 1045 2613 caelos

267 2631 353 2658 ninlto
371 2631 562 2659 ennuentiorcs
583 2635 611 2658 et
629 2631 793 2660 excelsiores
816 2640 897 2667 quam
919 2636 961 2659 est
982 2631 1046 2658 illud

267 2678 466 2703 ﬁrmamentum
484 2677 556 2710 quod
581 2676 666 2704 videri
684 2676 769 2704 oculis
793 2681 892 2711 potest,
919 2686 928 2702 ι
950 2680 978 2704 ct
996 2680 1048 2704 ter-

267 2729 323 2748 ram
354 2723 502 2750 mansuetis
527 2723 710 2756 assignatam,
737 2723 859 2750 cdicente
880 2722 1007 2757 Apostolo
1027 2722 1049 2749 ll

268 2767 331 2794 Cor.
347 2775 384 2800 tv,
400 2768 451 2795 £8:
471 2777 480 2793 ι
498 2767 555 2795 Non
575 2767 821 2803 contemplantibus
836 2768 915 2795 nobis
929 2775 988 2802 qua:
1010 2767 1049 2794 vi-

267 2812 374 2846 dentur,
394 2815 439 2842 scd
462 2822 520 2848 qua:
546 2822 599 2842 non
623 2815 760 2842 videnlur:
783 2820 843 2849 qua:
866 2813 937 2841 enim
958 2813 1050 2841 viden-

1096 1585 1249 1620 quemdam,
1263 1585 1308 1620 qui
1324 1593 1373 1620 pro
1387 1585 1537 1620 hujusmodi
1550 1585 1669 1612 ciborum
1685 1586 1772 1621 copiis
1785 1589 1814 1613 et
1829 1593 1871 1612 va-

1095 1631 1252 1664 rietatibus,
1279 1631 1435 1659 deliciarum
1463 1631 1618 1658 nominatur
1644 1631 1728 1659 locus.
1762 1632 1871 1666 Propter

1094 1676 1166 1710 quod
1183 1680 1211 1703 et
1230 1677 1258 1703 in
1276 1676 1349 1703 Eden
1367 1676 1472 1711 poaitus
1487 1676 1596 1707 dicitur.
1613 1677 1684 1711 quod
1707 1677 1819 1704 delicias
1834 1677 1872 1704 in-

1096 1721 1179 1749 dicat.
1195 1731 1205 1748 »
1221 1721 1280 1755 Quo
1302 1721 1336 1750 de
1359 1723 1479 1750 terrestri
1500 1722 1625 1758 paradiso
1648 1723 1712 1758 quid
1737 1723 1871 1755 senserit.

1096 1767 1165 1794 intra
1180 1767 1392 1802 explorabimus.

1132 1812 1199 1841 Xlll.
1220 1813 1321 1841 Hausta
1341 1818 1405 1844 sunt
1425 1817 1453 1842 et
1477 1814 1521 1841 illa
1545 1814 1601 1842 fere
1621 1821 1637 1841 e
1652 1813 1774 1841 Platonis
1797 1813 1873 1841 fonti-

1095 1858 1166 1886 bus:
1184 1866 1245 1886 nam
1267 1859 1458 1887 beatitudinem
1475 1861 1502 1887 in
1522 1859 1568 1888 Dei
1593 1859 1771 1887 similitudine
1795 1859 1873 1886 sitam

1097 1903 1142 1931 ille
1156 1904 1250 1932 voluit.
1265 1903 1361 1932 Testes
1379 1904 1502 1932 Laertius
1517 1905 1544 1932 in
1566 1904 1688 1938 Platone,
1703 1910 1732 1932 et
1752 1904 1874 1932 Clemens

1096 1950 1292 1979 Alexandrinus
1312 1950 1411 1979 Strom.
1429 1951 1477 1979 lib.
1496 1958 1527 1984 tt,
1541 1951 1585 1986 qui
1599 1951 1665 1978 etin
1680 1951 1777 1978 eadem
1794 1950 1875 1977 fuisse

1097 1994 1205 2024 Stoicos
1219 1996 1354 2024 sententia
1369 1997 1554 2029 demonstrat,
1576 2000 1605 2023 et
1624 1996 1776 2022 Abammon
1792 1994 1873 2030 Egy-

1097 2041 1170 2075 ptius
1185 2040 1212 2068 in
1223 2040 1398 2075 responsione
1421 2042 1454 2067 ad
1476 2040 1615 2075 epistolam
1624 2040 1777 2075 Porphyrii.
1799 2040 1872 2066 l'lato

1097 2089 1227 2120 praeterea
1244 2085 1271 2112 in
1295 2084 1438 2118 Phaedone,
1462 2090 1603 2120 postquam
1627 2084 1727 2112 inferni
1752 2089 1875 2119 topogra-

1098 2131 1190 2166 phiam
1204 2130 1357 2165 descripsit,
1375 2135 1468 2158 narrat
1484 2131 1599 2164 animas,
1614 2138 1674 2166 qua:
1687 2130 1819 2158 virtutem
1834 2132 1873 2158 in-

1099 2182 1139 2205 ter
1153 2181 1181 2204 et
1197 2177 1292 2204 vitium
1309 2176 1423 2204 mediam
1451 2181 1595 2204 tenuerunt
1609 2177 1692 2209 viam,
1717 2181 1779 2211 post
1797 2176 1873 2204 latam

1098 2224 1130 2250 de
1149 2229 1178 2250 se
1203 2222 1365 2250 sententiam
1384 2223 1417 2250 ad
1440 2222 1620 2250 Aeherontem
1644 2222 1792 2255 prolectas,
1812 2230 1875 2250 con-

1102 2269 1208 2296 scensis
1221 2268 1354 2296 vehiculis
1368 2268 1401 2295 ad
1414 2268 1623 2295 Acherusiadem
1637 2268 1762 2302 paludem
1777 2269 1872 2303 depor-

1101 2313 1164 2346 tari,
1178 2313 1346 2348 expiatisque
1360 2313 1415 2340 illic
1428 2320 1475 2347 per
1491 2313 1619 2347 supplicia
1633 2312 1786 2341 sueleribus
1800 2313 1874 2346 solvi,

1098 2363 1125 2385 et
1140 2358 1250 2394 praemia
1266 2358 1376 2386 tandem
1400 2365 1490 2384 rerum
1515 2358 1583 2385 bene
1605 2362 1743 2393 gestarum
1763 2358 1874 2389 referre,

1096 2409 1124 2432 et
1137 2404 1170 2431 ad
1192 2403 1350 2431 animalium
1367 2403 1449 2430 etiam
1469 2403 1669 2437 generationem
1684 2411 1873 2438 nonnunquam

1097 2450 1220 2478 remitti:
1237 2457 1297 2485 quae
1318 2457 1382 2477 vero
1408 2449 1604 2477 insanabilibus
1625 2456 1684 2476 sese
1709 2449 1875 2477 facinoribus

1098 2497 1252 2531 alligarunt,
1271 2495 1297 2522 in
1314 2494 1457 2522 Tartarum
1485 2495 1587 2529 absque
1608 2494 1662 2521 ulla
1680 2494 1766 2522 futuri
1792 2495 1875 2522 exitus

1097 2549 1145 2576 spe
1167 2541 1348 2576 praecipitari:
1377 2544 1406 2567 at
1431 2547 1545 2575 quorum
1568 2539 1681 2567 erimina
1703 2539 1796 2568 sanari
1817 2547 1874 2574 pos-

1099 2592 1172 2620 sunt,
1194 2587 1288 2622 projici
1304 2591 1332 2613 et
1359 2585 1418 2614 illas
1444 2586 1469 2614 in
1493 2586 1656 2617 Tartarum,
1677 2585 1725 2612 sed
1742 2590 1874 2612 transacto

1101 2632 1156 2659 illic
1175 2639 1245 2659 anno
1257 2651 1265 2663 ,
1287 2630 1369 2659 ﬂuctu
1388 2631 1450 2658 inde
1477 2631 1549 2665 ejici,
1569 2635 1596 2657 ct
1615 2630 1648 2657 ad
1665 2630 1873 2657 Acherusiadcnt

1102 2676 1213 2708 revolvi,
1231 2682 1281 2702 nec
1295 2679 1357 2702 ante
1381 2674 1502 2705 liberari,
1522 2680 1601 2708 quam
1625 2679 1673 2699 eos
1694 2673 1872 2703 cxoravcrint,

1102 2729 1169 2756 quos
1192 2722 1288 2756 injuria
1309 2720 1350 2748 vel
1368 2724 1455 2748 morte
1471 2718 1635 2746 alTecerunt:
1651 2726 1712 2753 qua:
1724 2726 1818 2753 puram
1831 2725 1870 2743 au-

1104 2771 1156 2794 tctn
1182 2771 1210 2793 et
1232 2767 1365 2794 insontem
1390 2766 1524 2793 duxerunt
1548 2764 1648 2795 vitam,
1671 2771 1725 2791 eas
1744 2763 1870 2797 regionem

1102 2811 1247 2847 quamdam
1270 2811 1447 2846 superiorem,
1471 2816 1497 2839 et
1514 2808 1617 2838 deliciis
1634 2808 1799 2841 atlluentem,
1820 2812 1868 2840 qua
