1912 3079
61 127 130 154 itm

474 130 757 161 OHCENIANOMJM
777 133 841 162 LIB.
862 134 894 167 ll,
914 135 988 164 CAP.
1008 135 1041 169 ll,
1060 136 1195 170 QUzEST.
1215 137 1263 166 XI.

1607 142 1674 170 l0’2‘2

62 193 147 215 terra:
171 190 374 224 supereminet,
402 192 565 224 ascendere:
594 195 790 230 ttonnullasque
814 205 846 224 ex
861 202 884 228 Λ
899 198 995 225 anima:
1014 195 1120 233 quidem
1148 199 1286 231 fuerimus,
1312 200 1359 226 sed
1385 207 1461 228 mens
1476 205 1502 227 et
1522 209 1618 229 sensus
1640 202 1674 230 ad

63 233 98 260 iis
115 233 294 269 philosophia:
317 237 457 272 praeceptis
479 238 616 266 institutas
631 247 759 275 corporea
776 242 846 270 mole

62 277 176 305 liberari
195 280 311 313 penitus,
336 287 364 308 et
382 282 407 308 in
432 282 580 310 ammniora
605 283 662 312 loca
687 287 845 316 concedere.

62 322 206 358 Prmcipue
234 324 378 354 notandum
403 328 476 355 venit
501 329 566 356 illud
592 330 688 358 Plotini
714 331 786 359 Enn.
805 340 845 364 ut,

63 369 114 398 lib.
135 377 171 402 tv,
190 377 250 405 cap.
271 371 297 404 6,
316 379 371 406 quo
396 373 546 401 animarum
571 375 603 402 ad
626 376 762 410 superiora
784 385 847 411 pro-

63 422 225 449 gressarum
240 417 380 445 nonnullas
392 424 529 446 asseverat
540 420 567 447 in
584 421 675 448 seusili
688 422 739 449 hoc
749 422 847 450 mundo

63 463 153 489 vitam
184 470 275 497 agere,
297 463 363 491 alias
380 469 455 492 extra
477 465 550 492 hunc
571 467 717 494 mundum:
740 475 799 502 quae
819 468 847 496 in

63 508 162 535 sensili
179 509 278 536 mundo
296 508 412 544 degunt,
435 510 502 538 alias
517 518 600 545 penes
619 511 716 544 solem,
739 513 782 540 vel
797 513 849 540 ali-

63 561 150 587 quem
163 554 308 588 planetam,
323 555 390 583 alias
406 557 432 582 in
446 556 615 584 ﬁrmamento
628 565 714 585 arvum
735 559 846 593 agitare,

64 606 287 634 unamquamque
312 607 360 635 pro
383 602 496 630 meritis.
525 603 681 631 Dietaverat
705 612 771 632 vero
792 605 847 640 jam

65 650 133 671 ante
147 645 323 680 Pythagoras,
344 650 373 674 ut
395 647 479 675 refert
496 649 619 677 Laertius
639 649 666 677 in
683 649 846 686 Pythagora,

65 689 139 718 εἶναι
153 691 241 718 πάντα
257 692 302 718 τὸν
316 692 384 728 ἀέρα
397 693 490 728 ψυχῶν
506 694 641 730 ἔμπλεων,
659 704 669 721 ι
686 703 774 723 aerem
790 704 847 724 om-

67 743 131 762 nem
147 737 245 764 animis
261 738 370 771 plenum
388 745 456 766 esse.
482 748 491 765 ι
508 739 596 775 Atque
617 741 674 768 haec
688 741 846 776 interpolata

65 779 199 812 Origenes
232 780 265 807 ad
305 779 451 816 Scriptura;
484 790 568 812 sacra.-
601 784 680 812 ell'ata
712 789 847 821 utcunque

67 825 180 859 aptavit.

897 243 1044 277 perfectum
1060 244 1181 276 veniens,
1197 245 1324 280 [nulloque
1339 246 1568 280 perturbationum
1583 247 1674 275 nubilo

897 289 1024 323 caligans.
1041 289 1190 316 intuebitur
1203 290 1351 324 (legendum
1365 291 1486 324 fortasse,
1500 292 1674 328 intuebimur)

899 334 1083 366 rationabiles,
1110 334 1345 369 intelligibilesque
1362 336 1526 363 substantias
1548 337 1616 364 facie
1640 339 1673 365 ad

899 379 1005 407 faciem.
1029 390 1038 406 ι
1063 380 1124 415 Legi
1142 381 1221 407 velim
1244 385 1271 407 et
1301 385 1426 415 quartum
1449 381 1568 414 ejusdem
1594 388 1674 417 caput

898 425 1028 460 epistolae,
1044 433 1097 460 quo
1112 426 1213 453 dixisse
1227 426 1372 461 Origenem
1389 427 1477 460 prodit
1495 427 1674 462 Hieronymus

899 472 1028 499 adversus
1049 472 1152 499 animas
1167 472 1192 498 in
1211 479 1301 499 rcrmn
1320 471 1372 499 ﬁne
1387 472 1419 498 ad
1443 473 1579 500 ctrlestem
1594 472 1672 500 Jeru-

898 515 981 543 salem
994 521 1168 550 properantes
1179 516 1392 544 adversariarum
1406 516 1592 544 fortitudinum
1604 518 1674 545 bella

898 570 1073 596 consurgere,
1099 570 1133 590 ne
1151 563 1302 590 animarum
1319 563 1488 590 remollescat
1507 563 1602 597 virtus,
1628 564 1674 591 sed

898 612 928 635 ut
958 609 1058 643 praeliis
1087 610 1214 637 exercita:
1238 617 1335 637 novum
1357 610 1462 637 roboris
1478 610 1673 637 incrementum

898 654 1017 688 capiant.
1042 653 1139 689 Tangit
1159 655 1184 681 id
1209 659 1236 682 et
1259 654 1423 690 Theophilus
1444 654 1541 681 Pasch.
1558 662 1595 686 ιι,
1613 662 1673 682 cum

899 699 1048 727 somniasse
1073 699 1138 726 dicit
1161 699 1306 735 Origenem
1324 709 1333 726 t
1356 701 1502 728 ascendere
1526 701 1630 728 animas
1646 701 1673 727 in

898 745 997 772 ctelum
1013 750 1041 773 et
1059 745 1244 779 descendere;
1263 751 1291 774 et
1307 754 1378 773 nunc
1396 746 1540 781 prolicere,
1556 754 1628 774 nunc
1643 747 1676 772 ad

899 790 1026 818 inferiora
1040 792 1138 820 delabi.
1160 801 1169 818 ι
1188 792 1327 819 Variarum
1345 800 1453 827 quoque
1469 792 1531 820 cteli
1556 792 1674 819 mansio-

899 845 962 864 num
978 836 1134 872 ﬁgmentum
1158 838 1316 872 perstringit
1332 838 1410 872 paulo
1426 837 1552 869 inferius,
1577 838 1676 865 dixisse

103 871 188 899 Terra
217 876 307 900 autem
334 873 377 901 illa
402 874 561 905 ﬁrmamenti
593 878 721 905 convexis
742 878 845 907 incum-
862 879 883 908 Β
896 871 1038 917 Origcnem
1061 871 1179 916 tradens,
1199 892 1208 909 ε
1228 871 1342 918 corpora
1362 890 1422 917 quze
1447 887 1599 918 resurgunt,
1614 888 1675 918 post

67 916 146 949 hens,
166 925 247 952 quam
268 919 393 946 describit
409 919 598 953 Adamantius.
621 923 698 950 alteri
714 924 776 951 huic
792 932 849 958 per-

68 963 168 990 similis
184 968 235 996 est,
251 972 331 998 quam
350 964 418 993 libro
438 966 532 994 eodem
553 967 630 995 Plato
643 975 848 1003 commemorat,

68 1009 112 1036 ubi
135 1010 184 1041 ait,
206 1011 291 1046 αὐτὴν
303 1011 351 1047 τὴν
368 1012 420 1047 γῆν
439 1013 559 1048 καθαρὰν
573 1015 601 1040 ὲν
616 1015 726 1051 καθαρῷ
744 1016 849 1043 κεῖσθαι

65 1055 108 1090 ντῷ
117 1056 233 1092 οὐρανῷ,
248 1057 277 1083 ὲν
291 1054 366 1094 ᾧπέρ
380 1059 437 1085 ἐστι
447 1059 481 1086 τὰ
488 1060 585 1096 ἄστρα,
596 1061 625 1088 ὃν
636 1061 667 1097 δὴ
683 1062 779 1098 αἰθέρα
790 1063 848 1090 ὀνο-

70 1101 166 1136 μάζειν
178 1103 241 1134 τοὺς
263 1103 376 1136 πολλοὺς
388 1105 443 1132 τῶν
462 1106 526 1142 περὶ
541 1107 575 1134 τὰ
589 1108 699 1135 τοιαῦτα
717 1109 849 1138 εἰωθότων

68 1147 167 1182 λέγειν·
176 1145 207 1175 οὗ
221 1149 252 1184 δὴ
263 1149 438 1187 ὑποστάθμην
446 1153 531 1179 ταῦτα
546 1152 624 1185 εἶναι.
632 1155 679 1182 καὶ
693 1155 799 1191 ξυρῤεϊν
806 1156 850 1183 ἀεὶ

68 1194 148 1226 ειςτὰ
161 1194 236 1222 κοῖλα
245 1196 296 1231 τῆς
311 1197 372 1231 γῆς·
388 1206 398 1223 ι
414 1197 510 1225 Puram
527 1202 623 1226 terram
639 1200 664 1227 in
682 1208 748 1234 puro
764 1201 848 1228 sitam

67 1246 128 1266 esse
148 1240 216 1267 uelo
236 1240 262 1267 in
277 1249 331 1275 quo
347 1247 411 1269 sunt
429 1246 513 1275 astra,
528 1246 598 1278 quod
612 1244 686 1272 multi
704 1252 738 1272 ex
754 1246 786 1273 iis
802 1246 848 1281 qui

66 1285 222 1319 hnjusmodi
238 1287 270 1314 de
285 1287 364 1315 rebus
380 1288 513 1317 disserere
531 1289 628 1322 solent,
648 1292 778 1319 aetherem
804 1299 850 1326 ap-

66 1331 178 1365 pellant,
196 1331 271 1366 cujus
287 1333 342 1361 ha'c
360 1341 422 1361 esse
438 1334 541 1367 faecem,
554 1341 581 1362 et
596 1336 623 1363 in
636 1344 752 1365 concava
770 1341 849 1365 terrae

65 1385 176 1412 semper
187 1378 333 1406 continuere.
352 1388 361 1405 ι
385 1379 452 1407 Hinc
466 1380 648 1409 Tertulliauus
668 1381 714 1409 lib.
733 1383 770 1410 De
791 1383 850 1410 nni-

65 1431 122 1453 ma.
138 1430 199 1457 cap.
217 1423 268 1451 55:
287 1433 296 1448 ι
309 1424 362 1451 Sed
379 1424 405 1451 in
421 1425 521 1453 aethere
538 1425 664 1453 dormitio
682 1432 772 1454 nostra
787 1434 849 1454 cum

69 1468 162 1501 pueris
180 1468 316 1502 Platonis;
337 1474 383 1497 aut
402 1470 428 1496 in
445 1477 516 1502 aere,
539 1478 599 1498 cum
614 1471 698 1505 Ario;
712 1477 758 1499 aut
777 1473 849 1500 circa

68 1513 180 1546 lunam,
204 1521 265 1541 cum
291 1514 502 1549 Endymionibus
526 1515 688 1543 Stoicorum.
707 1526 716 1543 ι
738 1518 849 1545 Vetusta

66 1565 178 1593 quoque
203 1558 247 1586 illa
266 1563 406 1594 poetarum
429 1560 562 1594 theologia
588 1561 726 1589 beatorum
745 1563 848 1591 animas

67 1605 97 1632 in
118 1610 219 1632 terram
234 1605 391 1640 quamdam,
404 1606 523 1641 Elysium
537 1614 632 1640 nempe
645 1615 748 1641 nemus,
765 1609 848 1643 recipi

66 1649 195 1677 canebat.
212 1650 277 1678 lnde
292 1650 456 1678 Christianis
475 1650 628 1684 objectabat
641 1652 735 1680 Celsus
750 1660 797 1680 nos
815 1653 849 1680 ab

69 1694 190 1722 ethnicis
203 1695 314 1722 edoctos
328 1695 428 1723 dixisse
445 1696 564 1723 abituras
580 1701 640 1730 post
661 1701 774 1725 mortem
792 1698 850 1725 ani-

68 1747 130 1767 mas
147 1740 173 1766 in
189 1740 270 1768 aliam
284 1746 384 1769 terram
401 1742 452 1770 hac
466 1742 614 1770 meliorem.
631 1742 698 1770 Tum
711 1751 775 1771 vero
796 1751 851 1771 ma-

68 1786 150 1820 gistri
165 1786 206 1813 sui
224 1786 366 1822 Origenem
387 1788 481 1823 puduit
500 1788 565 1824 (49),
582 1793 609 1816 et
628 1796 686 1823 qua:
707 1797 721 1816 a
740 1789 851 1817 Platone

68 1832 213 1865 didicerat,
241 1832 343 1860 referre
366 1833 459 1861 maluit
486 1835 519 1862 ad
540 1834 676 1870 Moyscm,
703 1835 748 1870 qui
773 1835 851 1863 hortis

70 1878 155 1905 Deum
171 1878 277 1906 induxit
299 1879 503 1913 promittentem
519 1885 620 1908 terram
636 1881 705 1923 lacte
724 1885 751 1909 et
773 1881 851 1909 melle

68 1928 244 1958 manantem;
261 1924 337 1959 cujus
352 1925 503 1961 symbolum
520 1933 581 1954 esse
597 1931 624 1954 et
638 1927 780 1962 imaginem
800 1927 849 1955 Ju-

67 1970 157 1997 dram
174 1970 243 1997 hanc
256 1976 390 1998 terrenam
401 1976 428 1998 et
439 1971 589 2000 Jerusalem
603 1973 680 2006 dixit,
693 1973 769 2007 juxta
783 1974 851 2008 Apo-

69 2016 171 2044 stolum
195 2016 277 2045 llebr.
294 2025 344 2051 xtl,
357 2017 403 2046 2‘2.
418 2017 446 2045 In
470 2025 564 2046 eorum
588 2025 774 2054 argumentum
791 2020 852 2055 qui-

70 2062 186 2090 busdam
202 2063 288 2090 utitur
306 2064 416 2091 Davidis
442 2065 604 2093 testimoniis
617 2086 625 2100 ,
640 2062 718 2101 'frugi
736 2066 851 2094 homini-

69 2108 123 2134 bus
144 2115 224 2135 terrae
243 2109 382 2144 cujusdam
401 2109 585 2138 hereditatem
601 2111 761 2146 pollicentis.
779 2111 851 2139 Illius

69 2161 179 2188 quoque
202 2158 281 2182 terra:
302 2161 422 2190 gemmas
439 2156 472 2184 ab
498 2156 564 2184 Isaia
588 2165 645 2190 LIV,
662 2157 706 2189 12,
734 2162 850 2186 transtu-

899 927 982 954 multa
1005 930 1102 955 saecula
1124 928 1150 955 in
1175 927 1288 959 nihilum
1315 927 1495 959 dissolvenda,
1521 934 1571 954 nec
1585 926 1674 953 futura

899 974 1009 1008 aliquid,
1026 974 1078 1001 nisi
1093 982 1154 1001 cum
1170 974 1203 1001 de
1224 974 1355 1001 ctelorum
1378 972 1563 1000 mansionibus
1577 972 1675 999 anima:

898 1020 931 1047 ad
949 1020 1075 1048 inferiora
1091 1021 1210 1054 dilapsae,
1235 1020 1399 1055 indiguerint
1426 1019 1512 1050 novis,
1536 1026 1596 1053 quae
1619 1018 1673 1044 alia

898 1074 1004 1094 rursum
1022 1067 1097 1099 ﬁant,
1123 1065 1256 1101 prioribus
1279 1065 1389 1093 omnino
1410 1064 1514 1092 deletis.
1541 1073 1550 1090 ι
1578 1063 1672 1090 Totam

898 1112 968 1140 hanc
991 1113 1071 1139 etiam
1098 1113 1131 1139 de
1154 1111 1226 1140 ctelo
1245 1119 1324 1143 novo,
1339 1116 1364 1139 et
1390 1115 1461 1138 terra
1487 1118 1567 1142 nova,
1589 1110 1674 1144 deque

898 1158 1001 1186 cmlesti
1024 1157 1070 1185 illo
1090 1158 1198 1189 mundo,
1226 1157 1306 1192 hujus
1325 1157 1410 1184 nostri
1433 1156 1573 1190 persimili,
1597 1163 1673 1184 com-

898 1204 1091 1231 mentationem
1103 1203 1227 1231 exsufﬁat
1238 1203 1418 1238 Hieronymus
1432 1203 1527 1238 capJ,
1536 1203 1615 1237 epist.
1628 1202 1674 1236 59,

899 1249 932 1276 ad
949 1249 1021 1276 Avit.
1037 1249 1071 1276 At
1089 1249 1224 1277 immerito
1240 1249 1385 1284 Origenem
1402 1248 1492 1283 culpat
1512 1247 1676 1282 Epiphanius

899 1294 965 1321 haer.
980 1302 1053 1326 μιν,
1077 1303 1136 1330 cap.
1160 1295 1189 1326 4,
1214 1295 1284 1330 quod
1310 1294 1466 1322 Davidicum
1491 1293 1555 1320 illud
1577 1293 1674 1328 psalm.

898 1347 971 1373 cxtv,
998 1341 1023 1373 7,
1053 1350 1062 1366 ι
1090 1340 1264 1373 Convertere,
1293 1340 1381 1367 anima
1409 1348 1479 1372 mea,
1503 1341 1530 1367 in
1556 1339 1674 1374 requiem

899 1390 982 1418 tuam,
999 1395 1009 1412 )
1027 1387 1060 1414 ad
1075 1386 1194 1421 requiem
1209 1386 1279 1413 illam
1294 1386 1430 1414 caelestem
1448 1386 1580 1419 retulerit,
1595 1393 1675 1421 quam

898 1432 933 1459 ob
949 1431 1080 1466 praelara
1101 1432 1126 1458 in
1140 1432 1194 1459 vita
1213 1432 1264 1459 hac
1282 1437 1357 1467 gesta
1373 1432 1460 1459 anima
1482 1432 1676 1466 consequitur;

900 1480 984 1503 totum
1000 1476 1098 1511 quippe
1111 1476 1182 1503 hunc
1196 1476 1326 1511 psalmum
1338 1476 1431 1503 eodem
1449 1475 1531 1503 refert
1547 1475 1676 1503 Ecclesia.

899 1522 1063 1557 Augustinus
1089 1522 1115 1549 in
1140 1522 1209 1549 libro
1236 1521 1274 1548 De
1289 1521 1429 1549 hwmibua
1449 1529 1483 1548 :t
1507 1521 1675 1553 Paradisum,

900 1571 927 1595 et
945 1567 1040 1600 cmlos,
1057 1571 1085 1594 et
1098 1567 1150 1595 alia
1165 1575 1217 1595 non
1234 1567 1349 1594 credunt
1366 1566 1544 1602 (Origeniani)
1558 1574 1617 1594 esse
1633 1573 1676 1593 se-

899 1613 1017 1640 cundum
1036 1613 1164 1646 litteram,
1185 1614 1230 1641 sed
1258 1613 1284 1640 in
1308 1613 1447 1648 allegoria.
1466 1622 1476 1639 ι
1494 1613 1612 1647 Denique
1627 1611 1676 1639 Mi-

900 1658 977 1686 chael
992 1659 1091 1693 Glycas
1109 1659 1206 1686 Annal.
1229 1663 1299 1694 part.
1317 1668 1325 1688 ι
1342 1664 1370 1687 et
1392 1667 1419 1687 tv
1440 1664 1520 1687 vexat
1534 1659 1676 1694 Origenem

900 1705 951 1733 hoc
970 1707 1088 1738 nomine,
1105 1707 1243 1741 ipsiusque
1258 1706 1420 1734 sententiam
1436 1713 1451 1733 a
1472 1705 1575 1733 Joanne
1589 1705 1677 1739 Chry-

900 1756 1018 1779 sostomo
1035 1751 1203 1788 proﬂigatam
1218 1756 1422 1780 commemorat.

939 1798 997 1826 XV.
1016 1798 1140 1826 Attamen
1158 1803 1251 1827 contra
1271 1803 1309 1827 tot
1323 1797 1536 1826 adversariorum
1561 1795 1679 1824 assultus

900 1846 1010 1881 Origeni
1032 1845 1157 1880 praesidio
1177 1851 1218 1873 est
1244 1846 1301 1873 haec
1331 1844 1414 1880 ipsius
1438 1842 1580 1871 obtestatio
1603 1842 1650 1869 lib.
1669 1849 1678 1869 ι

901 1893 971 1928 Περὶ
982 1893 1092 1928 ἀρχῶν,
1110 1900 1169 1927 cap.
1187 1893 1214 1925 6,
1231 1900 1303 1919 num.
1323 1893 1348 1924 l,
1362 1899 1413 1926 qua
1425 1890 1529 1918 animos
1549 1889 1677 1916 lectorum

901 1940 934 1967 ad
959 1947 1040 1974 supra
1063 1939 1185 1973 exposita
1199 1939 1322 1973 dogmata
1344 1938 1382 1965 ita
1405 1936 1566 1973 prmmunit:
1586 1944 1596 1961 ι
1613 1935 1678 1969 Quae

900 1986 1008 2021 quidem
1022 1993 1037 2012 a
1055 1984 1131 2012 nobis
1147 1985 1228 2012 etiam
1247 1992 1308 2012 cum
1328 1991 1427 2019 magno
1445 1988 1516 2010 metu
1529 1987 1556 2010 et
1574 1981 1678 2010 cautela

902 2033 1038 2063 dicuntur,
1054 2031 1261 2058 discutientibus
1281 2030 1366 2066 magis
1389 2035 1417 2058 et
1440 2028 1678 2065 pertractantibus,

901 2085 981 2113 quam
998 2085 1048 2113 pro
1064 2082 1138 2104 certo
1151 2084 1183 2104 ac
1197 2077 1308 2104 deﬁnito
1327 2076 1517 2104 statuentibus.
1531 2075 1678 2102 lndicatum

902 2131 1017 2158 namque
1041 2131 1057 2150 a
1077 2123 1155 2150 nobis
1182 2123 1208 2149 in
1234 2123 1419 2156 superioribus
1437 2126 1488 2154 est,
1503 2129 1563 2156 qua:
1578 2121 1632 2148 sint
1646 2119 1679 2147 de

901 2169 999 2204 quibus
1015 2169 1159 2196 manifesto
1173 2169 1298 2202 dogmate
1326 2168 1521 2195 terminandum
1544 2167 1590 2199 sit,
1610 2166 1679 2200 quod

71 2200 137 2226 lisse
153 2199 291 2228 Platonem
318 2201 476 2235 arbitratur,
501 2209 533 2229 ac
558 2202 661 2238 reliqua
680 2203 771 2230 itidem
792 2211 851 2238 quae

904 2199 931 2242 et
943 2222 992 2249 pro
1006 2214 1107 2241 viribus
1126 2220 1176 2240 nos
1196 2199 1291 2239 fecisse
1309 2216 1392 2245 puto,
1410 2219 1470 2238 cum
1494 2211 1527 2238 de
1549 2210 1681 2237 Trinitatc

72 2246 107 2272 ad
125 2246 195 2274 hanc
217 2246 333 2274 fabulam
360 2248 510 2282 pertinent,
538 2249 763 2282 quemadmodum
785 2255 814 2277 et
837 2257 853 2277 a

73 2292 178 2327 Moyse,
195 2292 308 2327 aliisque
322 2293 470 2328 prophetis.
485 2294 610 2329 Aggreum
619 2302 683 2323 vero
695 2295 852 2323 nominatim

71 2340 175 2372 laudat,
197 2340 244 2374 qui
257 2347 317 2375 cap.
334 2348 365 2373 ll,
381 2348 452 2368 vers.
463 2341 492 2372 7,
505 2345 603 2368 lerram
620 2342 654 2368 ab
675 2341 750 2369 arida
765 2342 853 2369 maui-

71 2387 143 2413 feste
156 2386 308 2421 distinguit.

109 2431 180 2459 XIV.
197 2431 376 2468 Origenianos
392 2439 498 2461 errores
512 2432 588 2461 libris
606 2432 677 2467 Περὶ
698 2433 799 2467 ἀρχῶν
813 2433 853 2461 in-

72 2480 164 2506 sertbs
174 2485 338 2513 percenseas
354 2478 531 2515 Hieronymus
544 2479 569 2507 in
583 2480 663 2514 epist.
676 2479 760 2512 59,ad
772 2479 856 2511 Avit.,

75 2529 242 2552 memoratos
256 2525 317 2553 illos
333 2526 367 2553 de
381 2532 505 2560 suprema
526 2525 666 2559 felicitate,
689 2533 720 2553 ac
741 2525 857 2553 diversis

75 2570 216 2598 felicitatis
238 2572 368 2607 gradibus
392 2572 503 2599 minime
528 2571 711 2606 praetermisit.
735 2571 855 2599 Primum

74 2615 155 2649 hujus
175 2617 295 2651 epistolae
318 2621 399 2652 caput
419 2617 470 2651 legi
483 2617 573 2645 velim.
595 2625 627 2645 ac
643 2617 758 2645 alterum
781 2617 856 2650 item,

74 2662 147 2696 quod
161 2663 188 2690 in
207 2663 249 2691 bis
264 2663 367 2697 verbis,
384 2671 399 2691 e
414 2663 466 2690 ﬁne
486 2664 597 2691 secundi
613 2663 651 2691 De
675 2664 809 2698 principiis
823 2663 855 2690 li-

76 2706 117 2734 bri
135 2708 239 2741 petitis,
255 2707 372 2735 desinit:
389 2717 399 2734 (
414 2708 536 2743 Cumque
550 2709 576 2736 in
586 2713 689 2736 tantum
706 2709 856 2744 profeceri-

76 2759 146 2783 mus,
163 2756 194 2778 ut
208 2760 377 2788 nequaquam
392 2761 488 2783 carnes
502 2758 530 2782 et
543 2761 666 2788 corpora,
689 2755 801 2784 forsitan
823 2765 855 2785 ne

111 2808 134 2823 ⁸ο
147 2807 226 2835 Joan.
241 2816 305 2841 xvtl,
318 2809 361 2836 15.

113 2855 169 2890 (49)
184 2854 257 2890 Orig.
273 2856 319 2885 lib.
335 2863 370 2884 \‘Il
385 2861 474 2884 contra
491 2856 605 2891 Celsum,
622 2865 694 2885 num.
710 2858 754 2892 29,
770 2859 812 2886 50.

906 2261 1086 2295 loqueremur.
1103 2258 1178 2285 Nunc
1195 2263 1285 2285 autem
1305 2257 1459 2291 disputandi
1479 2256 1569 2291 specie
1585 2255 1678 2289 magis,

903 2314 984 2341 quam
1011 2305 1165 2337 deﬁniendi,
1193 2308 1273 2339 prout
1296 2310 1448 2338 possumus,
1475 2309 1642 2330 exercemur.
1668 2310 1677 2326 ι

903 2353 944 2380 Ad
962 2352 1019 2380 [nec
1037 2352 1107 2379 libro
1124 2350 1256 2386 sequenti,
1279 2357 1339 2384 cap.
1363 2349 1390 2380 5,
1416 2357 1489 2375 num.
1511 2348 1539 2380 6,
1556 2348 1619 2383 quid
1635 2351 1681 2373 aut

904 2405 958 2432 quo
975 2397 1033 2425 loco
1055 2397 1091 2424 sit
1112 2396 1163 2423 iste
1176 2395 1302 2427 mundus,
1319 2401 1334 2421 c
1345 2401 1399 2428 quo
1413 2393 1522 2420 venisse
1538 2400 1568 2420 se
1581 2391 1682 2426 signiﬁ-

906 2444 982 2471 cabat
1000 2443 1136 2475 Servator,
1152 2449 1212 2469 cum
1237 2441 1353 2473 diccbat,
1383 2447 1391 2464 ι
1411 2435 1466 2473 Ego
1497 2445 1625 2465 nonsum
1649 2437 1681 2465 de

905 2489 958 2516 hoc
976 2489 1075 2516 mundo
1100 2489 1133 2522 ⁸ο,
1159 2498 1168 2515 ι
1197 2496 1249 2515 non
1270 2486 1338 2514 satis
1362 2488 1516 2513 constanter
1541 2483 1679 2517 prodidit:

908 2540 917 2557 ι
939 2532 992 2559 Sed
1020 2537 1109 2559 utrum
1137 2531 1250 2559 mundus
1279 2531 1341 2561 iste,
1372 2528 1467 2564 inquit,
1491 2534 1569 2561 quem
1587 2526 1681 2553 sentiri

905 2577 973 2610 vult,
999 2583 1140 2612 separatus
1164 2578 1198 2604 ab
1218 2577 1270 2604 hoc
1296 2576 1342 2607 sit,
1360 2575 1491 2610 longeque
1504 2571 1619 2604 divisus,
1640 2571 1680 2598 vel

905 2622 974 2656 loco,
989 2622 1029 2649 vel
1047 2622 1189 2657 qualitate,
1218 2622 1259 2649 vel
1282 2620 1386 2656 gloria;
1410 2627 1443 2646 an
1460 2617 1543 2653 gloria
1561 2617 1680 2651 quidem,

905 2673 933 2695 et
958 2668 1089 2702 qualitate
1113 2667 1259 2701 przccellat,
1283 2667 1352 2693 intra
1376 2670 1465 2692 tamen
1489 2662 1580 2690 tnundi
1602 2661 1681 2695 huius

906 2712 1182 2747 circumseriptiouem
1200 2712 1369 2744 cohibeatur,
1386 2709 1455 2744 quod
1471 2712 1498 2736 et
1511 2707 1576 2734 mihi
1597 2705 1681 2741 magis

909 2758 1055 2787 verisimile
1069 2758 1186 2790 videtur,
1205 2758 1336 2785 incertum
1352 2760 1441 2783 tamen
1463 2758 1516 2786 est,
1527 2756 1556 2780 ut
1570 2758 1619 2786 ego
1635 2757 1679 2777 ar-
