1912 3079
272 121 341 149 1015

906 122 935 149 Ρ.
958 121 1115 149 DANlELlS
1135 119 1251 148 HUETII

1829 122 1885 149 lOil

272 180 370 212 bitror,
386 185 412 207 et
428 179 552 207 humanis
572 179 663 207 adhuc
689 181 897 216 cogitationibus
915 187 943 209 et
958 182 1053 209 mcuti-
1067 185 1091 212 Α
1108 188 1179 213 ram,
1197 188 1258 207 cum
1274 181 1342 208 Deus
1359 180 1413 208 erit
1427 180 1518 208 omnia
1535 180 1562 208 in
1577 181 1705 208 omnibus
1719 189 1729 213 ;
1754 183 1884 215 consequi-

271 225 321 253 bus
343 226 499 252 inusitatum
520 233 528 257 ;
545 234 555 251 ›
585 225 683 254 deinde
704 228 802 262 triplici
825 229 858 256 de
884 235 975 255 rerum
989 235 1054 254 cou-

270 272 448 299 sunnnatioue
468 275 495 298 et
521 278 628 300 summa
646 273 814 302 beatitudine
839 274 976 310 proposita
994 281 1055 301 sen-

270 317 367 348 tentia,
403 317 436 343 ad
472 316 621 351 quamlibet
656 321 869 354 persequendam
908 320 1054 354 unicuique

267 363 371 389 arbitrii
400 362 442 388 sui
474 362 626 391 libertatem
659 365 801 399 permittit.
829 365 864 392 Et
887 369 1053 400 postretuum

269 407 376 434 tandem
405 412 488 442 caput
512 408 574 436 libri
593 417 635 442 tu,
661 409 700 437 De
728 411 855 445 princip.,
870 411 941 444 quod
956 415 997 437 est
1015 409 1052 437 De

266 453 496 480 consummatione
508 455 610 487 mundi,
626 454 728 482 claudit
741 456 783 483 his
801 456 889 483 verbis
902 466 909 484 :
924 466 933 482 I
953 456 1052 484 llacte-

267 506 318 525 nus
335 498 413 526 nobis
425 499 506 526 etiam
523 507 660 535 corporea:
669 507 775 529 natura:
791 502 831 529 vel
843 502 974 536 spiritalis
989 510 1050 530 cor-

266 541 340 575 poris
357 542 460 569 ratione
484 543 618 576 discussa,
644 545 759 573 arbitrio
785 545 899 579 legentis
920 547 1049 581 relinqui-

266 595 338 618 mus.
361 595 394 615 ex
415 594 529 621 utroque
557 592 629 626 quod
653 592 750 620 melius
774 593 937 627 judicaverit
951 594 1050 629 eligen-

265 633 339 660 dum.
356 643 366 659 ι
394 633 507 662 Humilia
529 635 564 663 23
592 636 618 663 in
640 635 740 670 Josue,
765 645 841 666 num.
862 639 890 672 4,
907 643 1049 674 postquam

270 687 324 706 .oca
351 680 472 709 ctelestia
500 681 543 710 his
569 683 744 711 terrestribus
768 684 866 712 similia
888 685 1048 720 assignavit,

264 725 397 759 ejusmodi
429 728 558 762 mysteria
588 730 763 758 veneratione
792 730 872 766 digna
894 735 921 758 et
942 731 1049 759 silentio

264 778 326 798 esse
341 771 474 806 declarat,
490 781 541 801 nec
560 782 574 800 a
591 775 747 803 mortalium
776 783 924 811 quoquam,
937 784 971 804 ne
983 777 1048 811 ipsis

263 817 373 851 quidem
398 819 530 852 apostolis
554 820 673 854 perfecte
697 821 814 856 proferri
832 829 921 857 posse.
945 822 1046 856 Quatu-

261 865 354 890 obrem
366 868 393 890 et
405 864 473 891 libro
496 873 522 892 ιν
544 866 613 900 Περὶ
627 867 738 901 ἀρχῶν,
755 875 828 895 num.
848 868 894 901 25,
908 876 969 904 pag.
985 869 1047 902 186,
1063 861 1085 889 Β

263 916 373 944 regnum
387 911 518 938 caalorum
536 912 664 941 thesauro
679 914 706 941 in
723 922 789 949 agro
805 915 964 943 abscondito
977 923 1048 943 com-

262 960 385 989 paratum
402 956 487 984 fuisse
501 963 587 992 putat.

298 1000 504 1035 Verumtamen,
528 1005 652 1039 quamvis
671 1006 774 1041 liquido
800 1011 828 1036 et
853 1007 913 1035 sine
934 1009 1046 1043 ambage

260 1053 452 1082 asseverasset,
475 1057 535 1084 qua-
557 1051 677 1079 incertus
707 1055 860 1087 proposuit,
891 1060 1045 1082 sanctorum

261 1092 363 1128 aliquot
377 1093 496 1122 virorum
513 1095 650 1131 suﬂ‘ragiis
667 1102 693 1124 et
707 1106 840 1126 consensu
858 1100 1044 1134 adiuvaretur.

259 1139 383 1167 Clemens
405 1140 602 1169 Alexandrinus
626 1142 672 1170 lib.
706 1152 726 1171 ιι
754 1144 852 1172 Strom.
876 1146 902 1172 id
927 1145 1046 1174 Platonis

259 1186 376 1220 axioma,
400 1195 454 1222 quo
482 1192 537 1215 tum
561 1189 669 1217 beatum
697 1190 832 1218 hominem
857 1199 916 1220 esse
940 1192 1043 1226 delinil,

258 1239 320 1259 cum
343 1232 397 1260 Deo
423 1234 519 1262 similis
541 1240 592 1267 est,
614 1235 763 1271 Scriptura:
779 1245 864 1264 sacra:
882 1239 1046 1266 auctoritate

258 1278 389 1307 defendit.
409 1279 446 1306 Dc
461 1282 540 1309 modo
563 1290 594 1309 ac
612 1282 671 1310 loco
689 1283 827 1311 felicitatis
843 1289 1008 1317 sanctorum,
1029 1293 1044 1313 a

257 1324 352 1358 primis
381 1333 464 1360 usque
494 1327 619 1355 Ecclesia:
651 1329 815 1363 temporibus
843 1330 877 1356 ad
911 1331 1044 1358 Innocen-

258 1370 324 1397 tium
336 1369 369 1397 ΙΙΙ
384 1376 410 1398 et
425 1371 594 1400 Benedictum
605 1373 649 1407 XI,
662 1381 694 1401 ac
704 1375 884 1402 Florentiuam
896 1376 1042 1410 synodum,

258 1416 323 1443 nihil
339 1417 406 1444 certi
420 1417 470 1444 fuit
482 1419 516 1444 ab
535 1418 657 1446 Ecclesia
671 1420 872 1455 prrescriptum,
889 1423 956 1448 adeo
971 1426 1001 1448 ut
1016 1421 1042 1448 in

257 1461 367 1488 diversa
384 1461 478 1490 Patres
496 1464 622 1492 abierint.
642 1465 740 1492 Eorum
752 1467 904 1494 sententias
919 1472 945 1495 et
966 1467 1042 1495 testi-

257 1508 345 1534 monia
360 1508 466 1541 collegit
485 1508 577 1537 Sixlus
601 1510 730 1539 Senensis
752 1511 798 1539 lib.
814 1520 832 1539 v
861 1512 942 1546 Bibl.,
957 1515 1041 1542 adno-

257 1556 306 1579 tat.
324 1553 386 1584 545.
403 1559 432 1580 ιιι
445 1553 472 1580 in
489 1554 584 1582 iisdem
599 1555 651 1583 huc
666 1557 827 1591 reponendis
838 1565 1039 1593 supervacanea

253 1600 343 1627 omnis
357 1607 418 1628 esse
438 1607 518 1634 opera
543 1601 677 1629 videatur.
699 1602 800 1631 Prazter
811 1611 858 1631 eos
874 1606 919 1639 qui
932 1606 966 1633 ab
983 1607 1040 1642 ipso

253 1646 460 1673 commemorati
481 1651 553 1680 sunt,
568 1648 635 1674 adiri
651 1648 732 1676 velim
748 1649 877 1685 Cypriani
894 1652 1038 1685 epistolam

254 1690 300 1722 52,
316 1690 350 1718 ad
377 1691 573 1726 Antonianum,
600 1692 778 1722 Novatianum
802 1695 849 1725 lib.
877 1696 917 1724 De
930 1697 1039 1731 Trinit.,

253 1743 313 1771 cap.
329 1738 363 1769 l;
386 1737 561 1765 Athanasium
584 1739 611 1766 in
641 1739 810 1774 Expositione
836 1743 910 1777 ﬁdei,
933 1744 1040 1778 paradi-

252 1789 311 1809 sum
323 1782 419 1810 latroni
432 1791 446 1810 a
461 1783 570 1811 Christo
585 1784 611 1811 in
626 1792 708 1813 cruce
718 1787 893 1821 protnissum,
905 1796 966 1816 eum
980 1797 1039 1817 esse

253 1833 408 1856 censentem
429 1829 499 1857 unde
516 1830 634 1859 Adamus
657 1831 760 1867 ejectns
783 1838 835 1865 est,
859 1842 920 1862 cum
938 1835 1039 1871 Cyrillo

251 1873 476 1910 Jerosolymitano
503 1876 609 1904 Catcclt.
623 1884 733 1913 myrtag.
757 1888 777 1912 ι,
802 1880 904 1908 Basilio
924 1882 950 1909 in
968 1882 1038 1910 libro

255 1919 292 1946 lle
308 1920 442 1954 paradiso,
468 1926 496 1949 et
518 1929 578 1953 cap.
597 1923 630 1950 27
649 1924 710 1952 libri
735 1925 775 1952 De
800 1925 903 1960 Spiritu
925 1933 1037 1961 sancto;

253 1965 382 1999 Gregorio
396 1966 518 2002 Nysseuo
533 1969 559 1996 in
573 1975 644 1998 orat.
664 1971 691 1996 in
704 1972 880 2006 quadraginta
896 1979 1035 2009 martyres,

252 2015 280 2037 et
290 2010 402 2039 Paulino
414 2012 526 2046 Nolano,
535 2014 604 2041 idem
617 2016 798 2044 sentientibus
808 2025 839 2044 ac
853 2019 940 2045 sensit
953 2020 1037 2046 Atha-

251 2056 355 2084 nasius.
371 2058 491 2084 Adeatur
504 2062 531 2086 et
547 2059 716 2094 Epiphanius
739 2061 765 2088 in
791 2062 869 2096 epist.
895 2064 928 2090 ad
955 2064 1034 2092 Joan.

249 2100 422 2137 .lerosolym.,
438 2104 497 2138 cap.
522 2104 550 2138 4,
574 2109 601 2132 et
628 2106 653 2132 iu
669 2106 811 2140 Ancorato,
829 2115 888 2143 cap.
905 2109 952 2141 54,
969 2109 1032 2137 alibi

249 2148 403 2180 paradisum
417 2149 563 2182 collocatis,
589 2151 654 2179 alibi
674 2152 795 2184 ecelum;
815 2158 844 2180 et
868 2153 1035 2189 Augustinus

1107 230 1150 253 tur
1166 225 1240 252 illinc
1259 226 1413 253 necessario
1432 226 1551 253 desitura
1576 226 1772 253 damnatorum
1793 228 1883 261 suppli-

1104 273 1158 304 cia,
1173 279 1260 306 eaque
1274 279 1404 299 noxarum
1428 272 1560 299 duntaxat
1581 273 1754 307 expurgandi
1779 280 1854 299 causa
1871 282 1883 300 a

1104 318 1160 345 Deo
1177 317 1331 345 hominibus
1345 317 1439 352 inlligi.
1450 317 1572 345 Hominis
1583 323 1656 345 esset
1673 318 1883 352 intemperantis,

1104 373 1192 401 neque
1207 366 1275 393 satis
1291 366 1405 400 tempori
1418 365 1554 399 parcentis
1569 372 1627 397 suo,
1642 371 1818 399 quaecunque
1839 372 1884 392 ve-

1103 411 1178 438 sania
1199 410 1250 437 hac
1265 410 1349 438 oblita
1375 410 1402 437 in
1427 409 1600 445 Origenianis
1622 409 1830 437 commentariis
1850 417 1883 437 re-

1103 456 1255 491 periuntur,
1274 456 1366 484 lectori
1387 456 1555 484 recensenda
1574 456 1710 491 obiicere;
1735 457 1805 483 adeo
1821 457 1881 483 tnui.

1102 506 1144 529 tus
1157 507 1199 529 est
1212 502 1239 529 in
1253 503 1304 530 hoc
1316 503 1444 537 dogmate
1456 502 1607 537 prodendo,
1632 507 1661 529 et
1680 502 1794 530 odiosus
1816 503 1881 529 Ada-

1101 549 1229 576 mantius.
1248 549 1300 576 Sed
1329 557 1363 576 ne
1383 557 1431 576 nos
1460 554 1551 575 tamen
1573 555 1589 576 a
1613 555 1689 575 more
1713 548 1881 575 deﬂectemus

1101 599 1204 625 nostro,
1222 594 1337 622 illustria
1354 594 1439 622 solum
1451 594 1511 621 ﬁdei
1524 601 1606 621 causa
1621 601 1797 628 seponemus.
1811 593 1881 621 Prior

1099 640 1219 668 occurrit
1247 639 1321 667 locus
1345 640 1437 667 bomil.
1461 640 1478 666 7
1505 641 1533 667 in
1552 640 1648 672 Levit.,
1672 640 1699 667 in
1716 647 1770 674 qua
1786 640 1881 673 prolixe

1100 685 1219 720 disputat
1232 685 1366 721 quomodo
1380 684 1452 712 Patri
1468 685 1608 719 subjectus
1623 685 1709 712 Filius
1719 685 1773 712 dici
1792 686 1879 720 possit,

1100 731 1273 766 ostenditque
1297 730 1394 758 Filium
1425 735 1538 758 eatenus
1566 730 1620 757 dici
1647 729 1723 757 Patri
1749 738 1804 758 non
1827 739 1880 758 esse

1099 779 1262 814 subjectum,
1275 782 1412 812 quatenus
1426 783 1485 808 nos,
1501 776 1546 811 qui
1572 783 1666 803 sumus
1679 776 1784 803 Christi
1800 783 1877 803 mem-

1099 824 1157 856 bra,
1175 823 1246 851 Patri
1262 822 1375 850 tninime
1396 821 1508 855 subjecti
1532 829 1635 849 sumus.
1656 831 1666 847 ‹
1689 821 1758 848 Cum
1774 829 1846 854 vero,
1867 831 1875 848 I

1099 870 1197 905 inquit,
1209 875 1283 896 num.
1297 868 1326 900 2,
1349 875 1411 903 pag.
1431 867 1496 901 29.2,
1528 877 1538 893 ι
1559 868 1789 895 consummaverit
1817 875 1877 902 opus

1098 922 1188 945 suum,
1205 918 1233 941 et
1252 913 1406 940 universam
1423 918 1578 941 creaturam
1606 920 1681 939 suam
1697 913 1732 940 ad
1749 921 1877 940 sutnmum

1097 959 1271 995 perfectionis
1284 959 1441 992 adduxerit,
1457 963 1519 986 tunc
1541 959 1599 994 ipse
1615 959 1725 986 dicetur
1746 959 1877 992 subjectus

1098 1005 1124 1032 in
1143 1005 1185 1033 his
1197 1012 1265 1040 quos
1277 1005 1397 1032 subdidit
1409 1004 1494 1036 Patri,
1511 1009 1539 1032 et
1556 1005 1582 1031 in
1604 1004 1704 1039 quibus
1721 1012 1792 1038 opus
1812 1006 1876 1039 quod

1096 1052 1120 1079 ei
1135 1051 1217 1079 Pater
1230 1051 1343 1078 dederat
1356 1050 1565 1083 consummavit,
1582 1055 1610 1076 ut
1626 1051 1648 1076 si
1663 1049 1734 1077 Deus
1749 1051 1840 1077 omnia
1852 1052 1876 1079 in

1095 1098 1231 1125 omnibus.
1249 1106 1259 1123 ι
1281 1095 1428 1130 Subjungit
1442 1096 1537 1123 deinde
1557 1096 1695 1122 Christqu
1717 1101 1775 1122 tum
1791 1097 1876 1123 vinum

1096 1143 1254 1175 bibiturum,
1277 1151 1287 1168 ι
1314 1148 1376 1169 cum
1399 1141 1517 1176 subjecta
1554 1141 1579 1168 ei
1598 1141 1699 1168 iuerint
1724 1141 1830 1174 omnia,
1853 1147 1876 1168 et

1096 1188 1206 1216 salvatis
1224 1187 1353 1215 omnibus
1367 1194 1399 1214 ac
1413 1187 1548 1214 destructa
1565 1191 1652 1213 morte
1665 1187 1785 1221 peccati,
1811 1187 1874 1214 ultra

1092 1234 1148 1269 jam
1168 1234 1351 1262 necessarium
1369 1241 1420 1260 non
1441 1234 1493 1260 erit
1513 1233 1611 1261 oll'erre
1624 1235 1728 1262 hostias
1743 1242 1794 1269 pro
1815 1242 1873 1269 pec-

1095 1285 1167 1308 cato.
1184 1289 1193 1307 ι
1211 1280 1294 1307 Addit
1303 1279 1383 1315 paulo
1402 1284 1482 1313 post:
1501 1288 1512 1305 ί
1527 1280 1636 1313 Quanto
1647 1281 1735 1315 magis
1751 1281 1874 1307 Dominus

1094 1332 1122 1354 et
1134 1326 1260 1354 Salvator
1280 1331 1383 1359 noster,
1406 1327 1453 1362 qui
1478 1332 1559 1361 caput
1583 1332 1610 1354 et
1623 1331 1719 1354 auctor
1742 1331 1786 1354 est
1797 1327 1873 1353 totius

1094 1373 1227 1408 corporis,
1251 1381 1306 1400 non
1322 1373 1374 1402 sibi
1392 1372 1539 1408 perfectam
1565 1373 1632 1400 dicit
1656 1379 1718 1400 esse
1744 1373 1870 1406 laetitiam,

1093 1419 1179 1447 donec
1192 1419 1294 1454 aliquid
1315 1427 1349 1447 ex
1375 1421 1506 1448 membris
1531 1419 1627 1447 deesse
1643 1419 1752 1454 corpori
1772 1426 1822 1446 suo
1840 1419 1874 1446 vi-

1093 1464 1166 1492 det?
1190 1474 1200 1492 ι
1227 1465 1429 1501 Subjectionem
1468 1467 1539 1494 illam
1560 1465 1640 1493 simili
1661 1466 1742 1492 modo
1766 1465 1871 1500 exponit

1093 1510 1140 1538 lib.
1163 1518 1192 1538 ut
1212 1511 1281 1545 Περὶ
1296 1512 1406 1547 ἀρχῶν,
1425 1520 1484 1546 cap.
1503 1513 1530 1545 5,
1552 1519 1627 1539 num.
1650 1511 1677 1544 6,
1702 1519 1765 1539 cum
1784 1511 1871 1539 scribit

1092 1556 1230 1584 Christum
1251 1557 1277 1585 in
1291 1559 1438 1593 semetipso
1453 1558 1678 1592 complectentem
1693 1564 1791 1584 omnes
1809 1564 1872 1592 quos

1091 1602 1206 1637 subjecit
1225 1602 1310 1637 Patri,
1329 1609 1356 1630 et
1368 1604 1412 1639 qui
1428 1604 1508 1638 hujus
1527 1612 1578 1639 ope
1597 1604 1710 1631 salutem
1735 1605 1870 1632 consecuti

1090 1653 1162 1681 sunt,
1189 1655 1251 1676 cum
1267 1649 1336 1683 ipsis
1350 1655 1377 1677 et
1401 1650 1428 1677 in
1443 1650 1509 1685 ipsis
1532 1650 1605 1677 Patri
1631 1649 1784 1685 subjectum
1810 1650 1870 1676 dici.

1090 1693 1232 1722 Subnectit
1245 1699 1337 1730 postea
1348 1703 1422 1723 nmn.
1438 1696 1453 1722 7
1467 1704 1473 1722 :
1488 1705 1497 1721 ι
1509 1695 1537 1722 Si
1553 1702 1617 1729 ergo
1628 1696 1697 1722 bona
1713 1700 1741 1722 et
1751 1694 1872 1722 salutaris

1089 1741 1225 1775 accipitur
1238 1741 1289 1768 ista
1305 1741 1450 1775 subjectio,
1463 1749 1514 1776 qua
1535 1741 1673 1775 subjectus
1688 1749 1751 1768 esse
1774 1741 1871 1768 dicitur

1090 1785 1174 1813 Filius
1186 1785 1269 1818 Patri,
1282 1786 1359 1813 valde
1384 1794 1554 1821 consequens
1571 1791 1597 1814 ct
1617 1787 1759 1814 cohzcrcns
1773 1791 1826 1818 est,
1846 1791 1872 1812 ut

1089 1830 1262 1858 inimicorum
1295 1838 1355 1865 qua:
1380 1832 1480 1859 dicitur
1500 1831 1567 1859 Filio
1585 1831 1631 1858 Dei
1651 1839 1715 1858 csse
1729 1831 1870 1866 sulijectio,

1089 1876 1217 1903 salutaris
1247 1877 1369 1911 quaedam
1394 1877 1555 1912 intelligatur
1583 1882 1610 1904 et
1628 1877 1724 1904 utilis:
1750 1882 1782 1904 ut
1802 1879 1870 1904 sicut

1088 1929 1150 1950 cum
1171 1922 1271 1950 dicitur
1288 1922 1372 1950 Filius
1398 1923 1472 1950 Patri
1499 1923 1646 1957 subjectus,
1667 1923 1788 1957 perfecta
1813 1923 1870 1949 uni-

1087 1973 1173 1994 versa':
1203 1972 1336 1995 creatum
1361 1969 1499 1996 restitutio
1530 1969 1685 1996 declaratur
1707 1977 1715 2001 ;
1751 1969 1789 1996 ita
1810 1976 1870 1996 cum

1088 2011 1158 2040 Filio
1173 2012 1219 2041 Dei
1236 2013 1337 2041 inimici
1359 2014 1488 2042 dicuntur
1505 2022 1566 2042 esse
1582 2014 1712 2049 subjecti,
1733 2015 1869 2049 subjecto-

1087 2066 1146 2085 rtnn
1174 2059 1246 2087 salus
1266 2060 1292 2087 lu
1308 2067 1340 2087 eo
1359 2060 1535 2096 intelligatur,
1552 2065 1579 2088 et
1594 2061 1733 2094 reparatio
1749 2060 1869 2095 perdito-

1086 2112 1156 2131 rum.
1173 2113 1182 2130 ι
1200 2103 1247 2131 llis
1260 2111 1411 2132 consonant
1421 2113 1482 2140 quae
1502 2106 1630 2140 leguntur
1647 2105 1674 2132 in
1697 2106 1751 2132 line
1770 2111 1869 2132 tracta-

1087 2154 1131 2176 tus
1157 2157 1224 2177 xxttt
1259 2150 1286 2177 in
1313 2150 1421 2184 Matth”
1448 2159 1523 2178 num.
1550 2153 1578 2178 8.
1606 2151 1658 2179 Sed
1678 2157 1706 2179 et
1733 2152 1824 2186 aliqua
1838 2152 1869 2178 de

249 2192 296 2219 lib.
325 2201 359 2220 xx
384 2193 423 2220 De
446 2195 518 2223 civit.
540 2195 600 2229 Dei,
623 2197 736 2232 cap.'tt
750 2203 777 2225 et
797 2197 842 2229 l6,
857 2198 884 2226 in
898 2200 1033 2235 aliquibus
1051 2207 1073 2234 ι)
1086 2196 1250 2231 subjectione
1274 2197 1316 2224 illa
1336 2197 1397 2224 Filii
1416 2197 1525 2225 disserit
1553 2202 1632 2225 tract.
1645 2205 1713 2231 xxx,
1730 2206 1806 2225 num.
1825 2198 1868 2229 55.

248 2237 358 2272 Origcni
374 2240 558 2274 consentiens,
576 2246 603 2269 et
620 2247 715 2270 auctor
730 2243 912 2275 Quaestionum
925 2245 960 2271 ad
976 2247 1030 2274 An-

246 2283 373 2316 tiochum,
392 2284 545 2313 hominihus
562 2286 751 2314 absconditum
776 2287 838 2320 hoc,
863 2292 891 2315 et
912 2288 1030 2322 ignotum

246 2336 307 2358 esse
322 2333 479 2366 mysteriqu
493 2333 612 2363 edieens.
951 2337 956 2344 '

287 2376 356 2404 XVI.
376 2377 447 2406 Satis
468 2387 500 2406 ex
520 2381 717 2415 superioribus,
740 2382 823 2410 etiam
853 2390 896 2410 me
920 2383 1028 2416 silente,

247 2423 385 2458 colligitur
399 2424 586 2453 damnatorum
601 2428 689 2460 pcenis
706 2430 814 2456 modum
838 2428 983 2463 aliquando
1004 2434 1031 2457 et

246 2469 326 2497 linem
352 2478 385 2498 ex
411 2472 522 2499 decreto
550 2472 676 2507 Origenis
701 2474 855 2508 impositum
887 2475 940 2503 iri:
966 2483 1028 2503 cum

244 2517 316 2543 enim
340 2517 459 2544 futurum
483 2523 559 2545 ratus
579 2519 626 2550 sit,
650 2523 680 2546 ut
703 2527 894 2555 quemcunque
922 2526 1030 2548 teneant

244 2568 344 2589 statum
364 2562 472 2594 animm,
489 2569 603 2597 peccare
628 2564 742 2597 possint,
759 2569 786 2592 et
803 2565 892 2600 reipsa
910 2573 1028 2600 persaepe

244 2613 368 2644 peccent,
388 2615 419 2635 ac
441 2616 490 2642 pro
509 2610 628 2643 peccatis
648 2610 690 2637 vcl
713 2611 818 2638 meritis
832 2616 961 2646 perpetuo
972 2612 1027 2639 cir-

244 2656 315 2682 cuitu
331 2654 364 2681 ab
376 2654 437 2681 imis
454 2655 488 2681 ad
505 2663 621 2688 summa,
634 2664 649 2683 a
663 2657 778 2684 summis
801 2658 834 2684 ad
857 2658 910 2684 ima
939 2658 1027 2685 revol—

250 2705 358 2731 vantur,
374 2701 512 2736 ipsiusque
535 2701 632 2728 diaboli
660 2709 754 2729 aversa
782 2709 797 2729 a
820 2701 876 2730 Deo
900 2702 1027 2731 voluntas

243 2746 307 2773 olim
324 2748 485 2774 conterenda
503 2747 548 2779 sit,
563 2751 591 2773 et
603 2747 657 2774 Deo
675 2747 748 2774 Patri
770 2756 882 2783 regnum
901 2749 1026 2777 Christus

244 2792 278 2817 sit
293 2792 450 2822 traditurus.
475 2797 584 2827 tumque
609 2793 807 2820 existimaverit
833 2793 939 2827 plenam
967 2802 1024 2822 om—

245 2837 317 2862 nium
339 2838 556 2865 ἀπηκατάστασιν
571 2847 601 2865 ac
613 2839 757 2874 perfectam
778 2839 934 2868 felicitatem
953 2840 1023 2868 futu-

1085 2242 1175 2276 opcris
1190 2243 1320 2278 ejusdem,
1348 2251 1408 2278 qua:
1430 2245 1558 2278 quoniam
1580 2244 1692 2271 alterius
1707 2249 1774 2271 sunt
1790 2252 1868 2278 argu-

1084 2289 1179 2321 menti,
1197 2279 1384 2323 praet'crmitto.
1412 2289 1544 2318 Succcdat
1559 2290 1669 2318 bomilia
1690 2290 1708 2317 6
1734 2290 1763 2317 in
1776 2289 1868 2321 Nam,

1083 2341 1157 2361 ntun.
1172 2334 1199 2367 4,
1215 2335 1241 2361 in
1260 2343 1311 2370 qua
1326 2335 1360 2362 de
1383 2335 1455 2371 lepra
1480 2337 1631 2371 disputans,
1652 2341 1766 2371 propter
1789 2343 1867 2371 quam

1082 2380 1178 2406 castris
1193 2379 1369 2413 cjiciebantur
1384 2381 1429 2413 qui
1447 2388 1478 2408 ea
1498 2381 1669 2412 laborabant,
1686 2381 1791 2415 lcpram
1807 2388 1866 2415 pec-

1082 2429 1142 2452 cato
1155 2425 1271 2457 conlert,
1287 2433 1401 2460 eamque
1419 2433 1471 2453 non
1493 2432 1623 2461 perpetuo
1643 2434 1803 2453 mansuram
1821 2427 1866 2458 ait,

1082 2471 1128 2498 sed
1144 2472 1277 2506 completa
1294 2472 1444 2507 septimana
1460 2473 1493 2500 ad
1512 2478 1602 2501 castra
1619 2473 1745 2508 leprosos
1758 2481 1867 2501 revoca-

1085 2522 1140 2545 tum
1155 2518 1200 2550 iri,
1215 2519 1240 2544 in
1260 2518 1312 2545 line
1329 2526 1425 2553 nempe
1441 2519 1543 2551 mundi,
1562 2527 1623 2546 cutn
1640 2519 1781 2553 plenitudo
1800 2527 1865 2553 gun-

1083 2564 1150 2590 tium
1166 2563 1312 2597 introierit,
1327 2569 1355 2591 et
1371 2565 1460 2592 omnis
1478 2564 1561 2592 lsrael
1582 2564 1672 2592 salvus
1691 2566 1756 2598 erit,
1771 2566 1868 2599 ﬁetque

1082 2616 1151 2636 unus
1166 2616 1244 2644 grex,
1260 2615 1287 2636 et
1300 2617 1370 2637 unus
1382 2614 1484 2644 pastor,
1499 2615 1526 2637 et
1541 2609 1624 2637 Deum
1641 2611 1677 2637 ita
1689 2618 1790 2638 omnes
1803 2618 1867 2637 con-

1081 2654 1194 2682 clusisse
1207 2655 1258 2683 sub
1271 2661 1393 2690 peccato,
1412 2661 1442 2684 ut
1455 2657 1575 2684 onmium
1588 2657 1696 2684 dentum
1714 2657 1740 2684 in
1758 2657 1866 2684 Christo

1080 2702 1265 2730 misereretur.
1278 2703 1391 2731 lllustris
1401 2708 1428 2731 et
1445 2703 1489 2730 ille
1503 2703 1578 2731 locus
1592 2711 1608 2730 e
1618 2703 1723 2730 Catena
1736 2703 1820 2738 Regia
1839 2703 1864 2728 in

1082 2748 1179 2776 Ezeclt.
1206 2758 1232 2782 v,
1262 2750 1304 2782 l5,
1327 2759 1386 2785 pag.
1412 2751 1465 2778 415
1481 2760 1487 2777 :
1504 2751 1557 2776 Καὶ
1586 2750 1829 2786 συντελεσοήσεται
1848 2749 1865 2781 ,ὁ

1080 2794 1161 2830 Θυμός
1183 2805 1232 2831 μου
1245 2805 1252 2812 ο
1274 2797 1351 2823 τοῦτο
1371 2796 1445 2832 δηλοῖ
1464 2797 1504 2823 ὅτι
1518 2796 1604 2831 πέρας
1621 2795 1675 2827 ἕξει
1688 2796 1702 2822 ὁ
1719 2795 1805 2831 ουμὸς
1821 2794 1863 2821 τοῦ

1077 2841 1154 2874 Θεοῦ,
1172 2841 1239 2876 opai
1263 2842 1310 2877 τῆς
1336 2841 1487 2874 συντελείας
1507 2841 1552 2868 τοῦ
1573 2841 1691 2876 κόσμον·
1717 2846 1745 2869 ct
1767 2841 1811 2869 hic
1835 2845 1861 2867 ait
