1912 3079
34 147 95 178 1025
410 146 693 176 ORIGENHNORUM
712 147 774 174 LIB.
794 145 825 178 ll,

846 146 924 173 CAP.
943 146 973 178 ll,
1000 147 1138 180 QUAEST.
1158 147 1206 176 XI.
1558 149 1627 178 1026

34 206 117 235 nomil.
133 206 150 232 4
171 205 198 233 ἱιι
210 205 332 232 eumdem
352 205 523 240 prophetam,
550 213 623 232 num.
640 205 655 232 8
671 208 685 231 ε’
700 215 709 230 ι
727 204 798 231 Talis
814 205 835 233 Λ
850 203 1009 238 perfectura,
1027 204 1054 231 in
1072 211 1228 231 mensuram
1246 205 1334 232 anatis
1355 205 1531 240 plenitudinis
1547 207 1629 234 Chri-

34 253 176 288 estjnstus:
195 251 266 278 vidit
286 251 413 278 mundum
438 255 501 278 ante
519 251 659 282 diluvium,
680 251 730 278 hoc
756 255 798 278 est

34 301 89 324 ante
102 295 360 323 consummationem
380 304 388 322 :
419 295 485 322 vidit
502 296 630 323 mundum
644 296 672 322 in
687 295 796 328 diluvio,

34 342 56 368 in
73 339 238 374 corruptione
262 344 288 367 ct
312 340 339 366 in
367 340 478 367 interitu
495 345 680 375 peccatorum,
698 347 757 374 qua:
772 340 797 367 in

32 386 70 412 die
83 389 141 411 sunt
157 388 287 411 eventura
305 383 415 418 iudicii:
433 391 539 411 rursum
554 383 656 411 videbit
672 383 797 409 mundum

32 430 54 456 in
81 428 275 455 resurrectione
303 429 422 455 omnium
449 433 643 463 peccatorum;
664 437 674 454 ι
702 433 729 456 et
755 427 799 454 ille

31 481 127 509 quoque
142 481 173 500 ex
189 474 282 501 homil.
299 474 342 506 10,
369 478 499 508 sequente
527 482 601 502 num.
622 474 639 500 5
656 483 663 500 :
689 483 699 499 ι
716 473 799 501 Aiunt

32 519 123 547 licbrazi
137 520 282 547 Sodomam
296 520 324 547 in
337 520 459 548 eumdem
478 525 578 548 statum
591 519 797 550 restituendam,

32 567 53 593 in
66 573 115 600 quo
127 571 153 592 et
166 570 245 592 antea
269 566 400 598 constitit,
419 570 448 593 ut
469 575 574 594 rursum
603 566 732 601 paradiso
751 565 797 592 Dci

31 617 53 639 et
68 617 141 639 terra:
152 611 260 647 Egypti
276 617 458 647 comparetur.
477 612 508 639 Si
527 613 579 640 hoc
599 619 629 639 se
653 612 692 639 sic
706 611 797 643 habet,

32 663 54 686 et
64 658 116 686 sive
130 657 249 685 futurum
265 662 317 690 est,
336 658 394 686 sive
407 666 460 685 non
478 667 486 691 ;
507 660 664 692 quaerentur
674 656 745 684 enim
759 656 797 683 is-

33 703 146 730 tiusmodi
163 710 207 729 res
222 703 292 737 apud
312 710 360 731 eos
375 703 420 737 qni
433 703 582 730 doctissimi
597 707 678 729 sunt:
702 705 730 728 ut
749 709 797 728 au-

32 753 76 775 tem
90 748 133 775 tiat
148 748 218 782 quod
232 749 342 780 dicitur,
357 749 564 783 complebuntur
578 748 644 775 mibi
663 754 796 774 annorum

32 793 74 819 tria
96 793 187 826 millia,
214 797 243 821 et
268 798 331 821 tunc
355 794 513 821 restituetur
536 792 690 820 excruciata
711 792 797 819 tribus

32 838 135 866 millibus
159 846 293 867 annorum
320 839 447 870 Sodoma,
474 839 500 866 id
531 843 572 866 est
598 839 689 866 anima
713 845 795 866 mea:

33 884 144 916 Sodoma,
162 885 229 912 meis
247 891 327 919 paena
347 884 476 919 peccatis.
498 884 606 912 Grande
623 884 793 913 intervallum

33 929 146 964 temporis
172 930 246 957 inter
274 930 470 957 restitutionem
493 934 521 957 et
548 930 655 957 ruinam
677 931 793 966 positum

32 979 74 1001 est.
92 984 100 1000 ι
125 975 227 1003 Anium
241 976 412 1010 postmodum
437 975 524 1003 noxiae
551 976 663 1011 ﬁgurant
682 984 742 1004 esse
757 977 794 1004 ait

34 1020 174 1054 Samariam,
200 1029 262 1056 quze
282 1029 341 1048 'non
370 1021 438 1049 alias
461 1022 627 1050 restituenda
649 1023 693 1055 sit,
713 1031 793 1058 quam

33 1072 81 1091 can
99 1065 186 1092 decem
214 1065 302 1093 tribus
323 1066 424 1093 fuerint
448 1073 576 1098 reversae,
593 1073 648 1094 tum
659 1068 717 1095 ait:
742 1077 751 1093 ι
764 1067 793 1095 Si

33 1116 107 1138 autem
122 1116 195 1138 tanto
210 1115 274 1146 post
294 1116 412 1147 tempore
425 1113 582 1140 restituetur
597 1112 622 1140 id
636 1113 708 1148 quod
721 1120 794 1148 prae-

33 1157 101 1185 cessit
122 1158 146 1184 in
167 1159 288 1192 signum,
303 1159 410 1192 quando
435 1163 462 1185 tu
485 1159 648 1193 restitueris,
666 1159 688 1186 si
703 1164 792 1187 tamen

34 1203 173 1235 restitueris,
193 1203 369 1230 Samaritana
382 1208 410 1230 et
425 1203 552 1231 haeretica
569 1204 670 1231 anima.
690 1212 742 1239 qua
759 1205 794 1231 si-

35 1249 142 1276 mulacris
155 1252 181 1276 et
196 1248 273 1276 l'eriis
285 1256 339 1276 non
356 1249 441 1281 veris,
459 1258 491 1277 ac
509 1250 644 1284 llgmenus
664 1250 697 1278 de
716 1250 793 1278 Jero—

35 1293 97 1319 boatn
109 1293 186 1321 corde
196 1293 368 1321 venientibus
380 1293 540 1321 credidisti?
551 1303 561 1320 ι
576 1294 712 1328 Ejusmodi
727 1302 793 1323 non-

36 1338 93 1364 nulla
116 1338 141 1365 in
162 1338 339 1373 sequentibus
361 1338 454 1366 videre
474 1343 526 1371 est,
553 1339 652 1374 quibus
670 1340 792 1368 doctrina

34 1382 109 1409 eadem
126 1383 285 1411 inculcatur.
297 1382 350 1410 Sed
363 1383 389 1410 in
403 1383 559 1411 Adamantii
574 1388 662 1412 tamen
677 1386 792 1419 gratiam

36 1433 124 1456 notetur
138 1429 216 1462 istud,
236 1438 246 1455 ι
265 1429 294 1457 Si
306 1435 394 1457 tamen
410 1429 571 1462 restitueris,
584 1439 594 1456 ι
608 1438 662 1465 quo
673 1432 792 1459 incertus

34 1473 82 1508 ejus
94 1479 118 1501 et
128 1474 260 1503 ﬂuctuans
274 1475 381 1504 animus
396 1476 535 1511 proditur:
553 1477 575 1505 si
591 1478 672 1505 modo
697 1477 792 1513 Orige-

35 1520 126 1547 niamnn
140 1521 224 1556 reipsa
241 1522 294 1549 hoc
315 1526 366 1555 est,
386 1529 438 1549 non
455 1522 637 1551 Ruﬁnianum.
659 1522 792 1551 lllustrius

35 1565 100 1592 etiam
114 1567 180 1594 istud
193 1573 221 1594 et
236 1567 300 1595 libri
319 1575 328 1594 ι
349 1568 418 1602 Περὶ
429 1567 542 1603 ἀρχῶν,
557 1576 615 1603 cap.
632 1569 659 1602 6,
678 1577 752 1597 num.
765 1570 791 1603 Ι,

34 1610 55 1643 2,
66 1611 88 1638 in
106 1619 156 1646 quo
171 1613 266 1647 probat
279 1613 331 1641 boc
347 1613 493 1648 Scriptura:
512 1614 684 1643 testimonio:
699 1624 708 1641 ι
721 1615 793 1642 Dixit

37 1656 144 1685 Dominus
155 1659 268 1686 Domino
279 1667 338 1686 meo
353 1667 360 1686 :
377 1659 448 1687 Sede
462 1667 476 1686 a
490 1660 592 1687 dextris
607 1661 690 1688 meis:
706 1660 794 1688 Donec

36 1709 114 1735 ponam
133 1704 253 1732 inimicos
269 1710 328 1732 tuos
344 1706 494 1733 scabellum
511 1707 608 1741 pedum
623 1711 728 1734 tuorum
739 1706 789 1739 “,s

36 1753 56 1773 ct
67 1748 106 1775 illo
120 1749 128 1776 Ι
145 1750 206 1778 Cor.
220 1759 268 1783 xv,
293 1751 339 1785 24,
352 1752 388 1779 25
402 1760 409 1778 :
431 1760 441 1777 ι
457 1751 559 1779 Deinde
573 1753 645 1785 linis,
663 1760 723 1779 cum
739 1757 793 1780 tra-

36 1793 116 1822 diderit
131 1803 238 1831 regnum
251 1796 306 1825 Deo
317 1801 344 1824 et
356 1797 445 1824 Patri:
461 1805 522 1824 cum
543 1798 716 1825 evacuaverit
732 1805 792 1825 om-

36 1845 83 1865 nem
112 1841 300 1877 principatum,
329 1847 356 1870 et
383 1846 562 1877 potestatem,
591 1847 618 1871 et
653 1843 790 1871 virtutem.

36 1882 128 1917 Oportet
153 1892 242 1914 autem
260 1888 334 1915 illum
353 1897 479 1924 regnare,
500 1890 586 1916 donec
603 1894 685 1924 ponat
698 1897 792 1917 omnes

36 1927 140 1957 inimicos
161 1933 210 1960 sub
235 1933 350 1967 pedibus
364 1934 433 1969 ejus,
449 1944 459 1960 ι
474 1942 535 1962 cum
551 1935 746 1969 sequentibus;
764 1940 792 1963 et

36 1974 76 2001 isto
99 1977 189 2010 psalm.
216 1986 274 2011 ut,
294 1980 312 2006 2
335 1988 341 2006 :
364 1989 374 2005 ι
400 1979 494 2007 Nonne
517 1980 571 2008 Deo
598 1979 719 2013 subjecta
739 1981 792 2008 erit

35 2021 108 2048 anima
122 2023 198 2050 mea?
212 2025 246 2052 ab
262 2025 320 2059 ipso
334 2026 405 2053 enim
427 2026 548 2054 salutare
574 2033 684 2058 meum;
705 2035 715 2052 ι
738 2026 789 2059 bis,

35 2065 136 2102 inquam,
155 2070 303 2105 Scriptum
319 2072 481 2100 testimoniis
499 2072 618 2100 futurum
632 2072 739 2108 probat,
762 2077 792 2100 ut

34 2112 134 2141 subactis
147 2115 245 2143 Christi
261 2117 376 2144 inimicis
390 2118 416 2144 in
430 2125 512 2145 unum
523 2118 602 2146 linem
613 2126 661 2151 per
676 2117 789 2150 Filium,

34 2156 122 2186 bonitas
137 2159 180 2188 Dei
194 2167 347 2189 creaturam
374 2166 482 2189 revocet
505 2162 659 2190 universam
674 2171 681 2188 :
700 2163 789 2197 subje-

35 2203 129 2232 ctionem
152 2211 240 2235 autem
251 2208 322 2235 illam
343 2209 457 2243 idipsum
472 2216 531 2236 esse
545 2209 611 2241 vult,
621 2216 673 2243 quo
682 2208 790 2236 Christo
805 2216 828 2245 υ

34 2250 224 2282 adha'rescentes
239 2254 370 2282 elIicimur
382 2255 475 2288 sancti,
491 2260 518 2283 et
530 2256 641 2283 salutem
663 2255 789 2290 adipisci—

35 2302 96 2325 mur:
112 2299 187 2326 talem
209 2305 300 2328 autem
317 2300 436 2328 futurum
467 2301 558 2333 linem,
575 2301 664 2336 qualia
682 2301 789 2328 fuerunt

35 2340 104 2373 initia,
123 2352 180 2373 cum
205 2354 300 2374 omnes
320 2346 367 2374 Dei
390 2347 501 2374 nutibus
529 2347 746 2381 obtemperantes
761 2347 787 2373 in

34 2393 101 2415 unum
115 2392 313 2426 conspirabant.
339 2392 367 2420 in
385 2393 560 2427 sequentibus
577 2393 672 2419 deinde
696 2393 787 2420 omnia

35 2432 54 2458 in
69 2442 140 2463 unum
155 2439 305 2472 reparanda
328 2446 388 2466 esse
408 2439 581 2465 demonstrat
595 2445 628 2465 ex
645 2438 696 2465 hoe
711 2438 787 2464 Chri-

35 2479 111 2509 sti“:
133 2492 142 2509 ‹
160 2483 195 2512 Ut
219 2492 314 2512 omnes
340 2492 423 2512 unum
448 2485 513 2518 sint,
534 2485 604 2512 sicut
624 2489 651 2512 tu
665 2484 746 2511 Pater
761 2485 786 2512 in

36 2530 68 2551 me
78 2531 101 2553 et
112 2534 157 2563 ego
172 2529 197 2556 in
211 2535 248 2563 te,
266 2535 295 2557 ut
313 2535 341 2557 et
362 2530 412 2564 ipsi
431 2530 458 2557 in
475 2530 558 2558 nobis
578 2537 658 2557 unum
673 2530 738 2557 sint.
756 2529 788 2557 Et

36 2578 75 2604 ego
95 2573 240 2603 claritatem
262 2583 343 2611 quam
368 2576 465 2604 dedisti
494 2576 572 2608 mihi,
600 2576 661 2603 dedi
680 2577 730 2609 eis,
759 2580 789 2603 ut

37 2615 78 2643 sint
89 2626 174 2653 unum,
197 2622 267 2649 sicut
277 2627 304 2649 et
316 2629 364 2649 nos
378 2629 461 2648 unum
477 2628 570 2648 sumus
593 2629 601 2647 :
622 2620 678 2656 Ego
695 2621 721 2647 in
736 2620 789 2652 eis,

36 2665 56 2685 ει
68 2666 90 2688 ιιι
105 2662 128 2690 in
142 2673 193 2697 me.
211 2671 241 2694 ut
254 2666 309 2694 sint
321 2666 499 2693 consummati
518 2667 543 2693 in
558 2674 639 2693 unum
652 2674 659 2698 ;
671 2675 682 2692 ι
703 2671 730 2692 et
742 2665 791 2692 illo

38 2703 95 2733 Pauli
108 2709 200 2743 Ephes.
221 2712 317 2745 tv,13:
334 2721 344 2738 ι
358 2712 447 2739 Donec
457 2720 631 2740 occurramus
648 2719 743 2739 omnes
760 2712 786 2738 in

38 2752 147 2782 unitatem
170 2757 241 2792 ﬁdei,
260 2763 288 2786 et
315 2759 460 2793 agnitionis
484 2757 544 2785 Filii
563 2758 621 2791 Dei,
645 2758 672 2785 in
697 2758 785 2785 virum

66 2855 83 2871 “
97 2855 257 2893 Psal.crx,l.
295 2861 317 2877 δ’
332 2861 409 2890 Joan.
424 2868 490 2894 χιιι,
504 2860 598 2888 21-23.

848 247 900 278 sti;
914 257 924 273 ›
940 255 991 274 nec
1011 248 1146 275 daemones
1160 248 1268 282 quidem
1291 249 1363 283 ipsos
1385 250 1565 278 restitutionis
1580 251 1630 278 hu-

846 292 890 327 jus
905 292 1039 320 beneﬁcio
1071 293 1208 320 carituros
1229 301 1288 321 esse
1302 299 1386 329 putat.
1404 294 1505 328 Quaerit
1524 295 1556 322 ad
1573 296 1629 322 haec

849 343 915 366 tom.
950 346 968 366 ι
991 339 1019 364 in
1035 338 1143 372 Malth.,
1162 346 1237 366 num.
1262 340 1288 372 5,
1320 347 1380 374 pag.
1406 340 1468 373 465,
1494 341 1630 374 quomodo

848 383 955 410 diversa
979 383 1030 410 erit
1059 383 1085 410 in
1115 383 1314 411 resurrectione
1340 384 1478 411 hominum
1506 385 1628 418 claritas,

846 428 924 463 juxta
948 429 1117 464 Apostolnm,
1134 428 1144 455 Ι
1159 429 1222 456 Cor.
1245 437 1289 461 xv,
1302 429 1347 462 Η,
1368 437 1428 456 cum
1445 430 1542 457 dixerit
1565 430 1629 457 Ser-

848 479 946 502 vator:
965 474 1056 502 «Justi
1081 475 1220 509 fulgebunt
1247 475 1318 502 sicut
1342 476 1393 508 sol,
1418 485 1427 502 ι
1456 475 1550 503 Matth.
1566 485 1626 510 xm,

848 521 903 553 d5;
920 525 976 548 tum
990 521 1135 555 respondet
1155 521 1182 548 in
1204 521 1263 555 ipso
1284 520 1459 548 beatitudinis
1479 522 1567 554 initio,
1586 522 1628 548 fu-

849 571 939 594 turum
960 571 989 594 ut
1011 567 1116 594 diversa
1141 567 1176 594 sit
1203 567 1342 594 hominum
1365 567 1484 600 claritas,
1510 569 1628 595 nondum

848 612 974 639 omnibus
986 612 1161 647 expurgatis;
1179 616 1208 639 at
1222 617 1365 647 postquam
1389 614 1503 641 collecta
1529 615 1629 641 fuerint

847 664 862 684 e
874 665 957 692 regno
967 656 1068 685 Christi
1089 657 1229 690 scandala,
1242 662 1270 684 et
1285 658 1347 693 igne
1361 658 1511 693 absumpta:
1533 659 1629 692 nequi-

848 702 903 735 tizn,
920 708 983 731 tunc
997 711 1093 731 omnes
1108 711 1191 730 unum
1205 704 1296 731 solare
1316 704 1407 731 lumen
1433 704 1550 732 futuros.
1569 703 1628 730 Non

847 749 915 776 satis
930 757 996 776 vero
1010 750 1147 777 cohaerere
1161 750 1270 777 videtur
1282 750 1354 784 quod
1376 750 1517 784 sequitur;
1533 749 1631 777 scribit

847 795 919 822 enim
944 795 1003 822 fore
1024 800 1053 822 ut
1070 794 1136 829 justi
1162 800 1226 823 tunc
1240 795 1416 823 inferioribus
1437 795 1566 829 fulgeant,
1583 795 1630 830 qni

847 839 916 867 lucis
938 847 1030 867 eorum
1063 840 1209 875 participes
1237 841 1313 873 ﬁent,
1341 841 1565 875 quemadmodum
1589 842 1629 868 sol

848 889 927 912 terra;
943 884 1028 912 lucem
1043 892 1120 913 suam
1136 887 1247 921 praebet.
1270 885 1337 913 Nam
1353 886 1375 913 si
1392 886 1426 913 ita
1444 886 1563 914 omnium
1578 895 1629 914 ex-

847 935 958 965 purgata
975 934 1038 958 tunc
1053 936 1133 958 erunt
1147 937 1267 966 peccata,
1284 936 1315 959 ut
1336 931 1409 959 nullo
1425 931 1557 959 claritatis
1574 933 1629 960 dis-

847 976 962 1004 crimine
978 976 1111 1012 fulgeant,
1131 978 1245 1013 quinam
1260 978 1402 1006 inferiores
1416 983 1504 1011 erunt,
1519 979 1628 1013 quinam

847 1020 1024 1058 superiores?
1037 1021 1136 1056 Nempe
1152 1021 1269 1049 neminis
1293 1022 1450 1049 beatitatem
1467 1029 1496 1050 ut
1507 1022 1562 1056 jam
1582 1029 1629 1050 su-

846 1073 894 1100 pra
912 1066 1002 1092 monui
1018 1073 1103 1100 usque
1118 1067 1185 1093 adeo
1201 1066 1337 1101 propriam
1352 1074 1412 1094 esse
1426 1070 1511 1102 putat,
1531 1071 1561 1094 ut
1573 1075 1627 1094 non

847 1110 923 1138 novis
936 1111 1042 1139 delictis
1055 1112 1089 1138 ad
1104 1111 1231 1138 inferiora
1244 1118 1352 1146 semper
1365 1112 1452 1140 delabi
1466 1112 1571 1147 possit:
1594 1113 1627 1140 ad

846 1157 899 1183 ima
913 1153 995 1192 igitur
1013 1157 1247 1185 retrocedentibus
1274 1165 1381 1192 semper
1405 1158 1552 1193 aliquibus,
1580 1159 1626 1193 qui

846 1201 934 1229 locum
950 1210 1026 1229 suum
1044 1203 1190 1235 tenuerint,
1204 1203 1294 1230 lumen
1316 1203 1350 1230 iis
1374 1211 1452 1230 suum
1468 1204 1626 1239 impertien-

846 1251 900 1274 tur.
920 1246 1046 1281 Ejusdem
1069 1251 1096 1274 et
1121 1247 1190 1274 istud
1216 1251 1258 1273 est
1282 1246 1376 1273 farinae
1409 1254 1424 1274 e
1449 1251 1514 1274 tom.
1540 1255 1574 1274 xv
1599 1248 1627 1274 in

845 1291 953 1325 ΠοιιΙι..
970 1299 1043 1320 num.
1056 1292 1103 1324 ‘2],
1116 1299 1175 1328 pag.
1190 1291 1242 1320 695
1259 1300 1266 1318 :
1287 1291 1366 1319 ’Δλλὰ
1382 1292 1452 1320 κατὰ
1475 1292 1523 1328 μὲν
1541 1292 1627 1319 ταῦτα

845 1338 967 1373 πρώτους
976 1336 1183 1373 ἀποδεδώκαμεν
1198 1338 1261 1369 τοὺς
1273 1337 1487 1373 σωθησομένους,
1497 1337 1628 1373 ἐσχάτους

844 1384 873 1410 δὲ
894 1385 956 1415 τοὺς
973 1383 1009 1419 μὴ
1023 1383 1115 1417 ἀξίους
1139 1384 1188 1419 τῆς
1207 1384 1335 1419 τοιαύτης
1356 1384 1410 1410 τῶν
1431 1385 1628 1420 σωθησομένων

844 1428 954 1461 τάξεως,
977 1429 1044 1456 ἀλλὰ
1066 1429 1212 1461 κολάσεως,
1233 1429 1279 1456 καὶ
1305 1428 1352 1456 τοῦ
1378 1429 1625 1465 ἐγκαταληφθῆναι,

843 1475 902 1510 ἦτοι
939 1475 992 1507 ἕως
1022 1475 1053 1502 τὸ
1086 1475 1221 1512 πλήρωμα
1253 1475 1308 1503 τῶν
1345 1476 1429 1502 ἐθνῶν
1458 1476 1584 1512 εἰσέλθῃ,
1608 1477 1626 1512 ἢ

843 1519 896 1552 ἕως
931 1520 1127 1556 ὲκπληρὼσωσι
1157 1521 1191 1548 τὰ
1218 1521 1282 1557 περὶ
1311 1520 1364 1548 τῶν
1405 1522 1477 1549 ἰδίων
1499 1523 1626 1558 ἁμαρτη-

844 1565 956 1600 μάτων
980 1571 1006 1593 et
1024 1566 1093 1594 istud
1109 1573 1124 1593 e
1137 1571 1245 1594 tractat.
1261 1574 1350 1594 xxxnt
1371 1568 1399 1594 in
1425 1568 1532 1601 Mallia,
1552 1577 1626 1599 num.

843 1611 893 1639 69:
913 1619 924 1637 ‹
939 1613 993 1639 Iste
1008 1617 1096 1639 autem
1113 1612 1158 1647 qui
1174 1620 1257 1640 unum
1278 1618 1423 1648 acceperat
1438 1614 1581 1646 talentum,
1599 1619 1627 1642 et

843 1657 1020 1684 absconderat
1034 1657 1120 1692 ipsum
1137 1658 1164 1685 in
1191 1662 1271 1690 terra,
1288 1666 1346 1686 non
1368 1659 1457 1686 solum
1473 1660 1549 1693 qttasi
1567 1667 1627 1687 ma-

842 1702 884 1730 lus
899 1707 926 1730 et
944 1703 1020 1738 piger
1035 1703 1167 1738 arguitur,
1182 1705 1228 1731 sed
1243 1705 1321 1738 quasi
1345 1704 1450 1732 inutilis
1467 1704 1582 1731 mittitur
1598 1705 1625 1732 in

843 1749 970 1776 tenebras
991 1749 1155 1780 exteriores,
1172 1748 1217 1776 ubi
1237 1748 1310 1775 nulla
1326 1749 1488 1777 illuminatio
1503 1753 1555 1781 est,
1571 1749 1626 1776 for-

842 1793 912 1821 sitan
928 1800 977 1821 nec
1002 1793 1164 1828 corporalis,
1184 1801 1235 1821 nec
1258 1799 1301 1821 est
1323 1794 1457 1828 respectio
1480 1794 1528 1822 Dei
1549 1795 1627 1828 illic;

841 1840 887 1867 sed
901 1840 978 1874 quasi
996 1840 1099 1875 indigni
1115 1839 1300 1875 speculatione
1324 1840 1370 1867 Dei
1390 1840 1434 1874 qui
1451 1840 1513 1867 talia
1528 1848 1625 1875 pecca:

841 1890 948 1918 verunt,
964 1886 1177 1913 condemnamur
1193 1886 1218 1913 in
1238 1886 1280 1913 his
1291 1894 1351 1921 quae
1368 1887 1524 1918 exteriores
1543 1892 1624 1915 terte-

841 1931 897 1958 bras
919 1931 1108 1966 appellantur;
1131 1931 1245 1958 forsitan
1269 1931 1356 1960 donec
1380 1932 1575 1966 intellexerint,
1594 1938 1630 1962 ut

840 1982 1042 2010 convertantur,
1054 1981 1082 2005 et
1095 1978 1169 2012 digni
1185 1977 1335 2005 eﬂiciantur
1360 1979 1436 2007 exire
1451 1978 1486 2006 ab
1502 1980 1545 2012 iis,
1568 1980 1627 2007 lor-

840 2024 910 2051 sitan
931 2029 959 2051 et
978 2028 1088 2058 propter
1108 2023 1189 2050 aliam
1209 2031 1319 2051 causam
1333 2031 1415 2058 quam
1442 2031 1493 2052 nos
1513 2024 1628 2059 ignora-

841 2075 915 2100 mus;
933 2077 943 2094 ι
958 2073 985 2094 et
999 2068 1050 2095 hoc
1065 2075 1172 2102 quoqtte
1187 2068 1260 2102 quod
1280 2068 1410 2096 scribitur
1426 2068 1472 2096 lib.
1496 2076 1544 2096 vm
1563 2077 1626 2097 ωπ-

840 2117 881 2140 tra
898 2113 1062 2146 Cela.,num.
1077 2114 1122 2146 72,
1133 2114 1184 2141 sub
1199 2115 1306 2142 easdem
1320 2115 1394 2150 leges
1410 2114 1622 2142 concludendum

840 2159 986 2193 aliquando
1012 2159 1141 2194 quidquid
1167 2163 1211 2187 est
1236 2159 1351 2188 rationis
1377 2160 1529 2195 particeps,
1561 2168 1627 2188 cum

841 2206 925 2233 verbo
937 2205 982 2232 Dei
1000 2205 1025 2232 in
1041 2205 1188 2240 perfectum
1203 2208 1304 2232 statum
1320 2205 1492 2234 restituetur.
1505 2205 1532 2232 In
1546 2205 1625 2239 cujus

841 2255 1028 2285 argumentum
1055 2250 1134 2278 aﬂ'ert
1160 2251 1223 2277 illud
1240 2251 1384 2286 Sophortiae
1406 2258 1453 2284 ut,
1468 2252 1504 2279 9:
1522 2260 1537 2278 ι
1549 2251 1623 2278 Tunc

841 2296 952 2323 reddam
967 2295 1071 2331 populis
1085 2296 1185 2324 labium
1204 2296 1332 2331 electum,
1346 2301 1376 2324 ut
1388 2297 1513 2324 invocent
1529 2304 1628 2324 omncs

842 2341 868 2368 in
886 2341 994 2369 nomine
1012 2342 1128 2376 Domini,
1141 2346 1170 2369 et
1185 2343 1306 2370 serviant
1320 2343 1345 2370 ei
1358 2343 1472 2370 humero
1484 2350 1547 2369 uno.
1563 2352 1576 2368 »τ

876 2393 959 2420 XVII.
980 2393 1152 2428 Perspicuum
1170 2394 1232 2421 hinc
1255 2398 1370 2422 estnon
1395 2394 1461 2422 alias
1483 2394 1626 2422 admisisse

841 2446 935 2474 pcenas
949 2438 1104 2474 Origenem,
1118 2447 1199 2474 quam
1216 2439 1369 2474 piaculares
1385 2444 1413 2467 et
1427 2441 1618 2474 temporarias;

840 2485 990 2520 cujusmodi
1003 2489 1065 2512 sum
1081 2485 1244 2520 purgatoriae
1261 2485 1324 2518 ilia),
1339 2493 1406 2521 quas
1427 2485 1545 2512 Ecclesia
1572 2493 1623 2512 ca-

843 2530 941 2557 tholica
957 2530 1087 2564 agnoscit.
1111 2530 1166 2557 Sed
1182 2535 1209 2558 et
1222 2531 1395 2559 manifestius
1408 2530 1472 2558 illud
1492 2535 1533 2557 est
1545 2537 1576 2557 ex
1589 2538 1624 2557 eo

842 2574 910 2609 quod
925 2574 1039 2601 habetur
1053 2574 1144 2601 homil.
1161 2575 1177 2602 8
1194 2575 1223 2601 in
1240 2574 1336 2608 Leuit.,
1346 2574 1389 2601 ubi
1402 2580 1485 2608 agens
1497 2573 1530 2600 de
1539 2580 1623 2607 puer-

840 2627 917 2654 pera,
937 2619 1013 2654 jnxta
1028 2620 1127 2647 veteris
1156 2619 1222 2655 legis
1235 2620 1440 2656 praescriptum,
1455 2626 1503 2654 per
1519 2622 1623 2653 septem

841 2666 901 2693 dies
912 2665 1059 2698 immunda,
1077 2666 1099 2693 si
1122 2667 1275 2694 masculum
1293 2665 1462 2701 peperisset;
1488 2672 1536 2700 per
1555 2672 1624 2700 qua-

841 2710 1000 2742 tuordecim,
1010 2711 1032 2738 si
1046 2712 1183 2744 feminam,
1196 2713 1378 2747 septimanam
1397 2712 1467 2738 hanc
1480 2711 1626 2745 praesentis

841 2757 899 2784 vita:
929 2762 1033 2794 tempus
1061 2765 1121 2786 esse
1152 2758 1233 2792 dicit,
1261 2766 1308 2794 per
1332 2758 1403 2794 quod
1431 2765 1628 2793 usquequaque
