1912 3079
265 131 334 159 1027

911 125 942 153 Ρ.
966 125 1124 153 DANIEIJS
1143 125 1257 153 HUETII

1813 125 1875 152 1028

263 188 355 217 mundi
375 194 437 216 esse
465 193 518 214 non
543 191 696 220 possumus,
724 184 775 211 nisi
801 187 914 211 octavus
933 183 1043 210 Venerit
1059 185 1081 214 Α
1095 182 1194 209 tiaram
1208 183 1284 216 Sion,
1299 190 1323 211 et
1340 183 1492 219 sanguinem
1513 183 1665 218 expurgabit
1681 190 1695 210 e
1707 182 1797 210 medio
1809 183 1875 218 ipso-

263 235 322 262 dies
339 254 347 266 ,
375 232 457 260 I'uturi
489 238 585 265 nempe
619 229 709 257 saeculi
736 234 842 264 tempus
871 238 877 256 :
908 238 917 252 ι
936 227 963 256 In
990 236 1043 263 quo

264 285 353 307 tamen
368 277 422 310 die,
439 286 449 302 ι
480 276 577 310 inquit,
602 283 676 302 num.
699 275 725 306 4,
745 285 754 300 ‹
769 275 791 303 si
805 274 940 302 masculus
959 279 1002 301 est
1016 278 1043 301 et

263 324 378 351 viriliter
400 322 498 357 egerit,
523 322 616 348 statim
641 321 668 348 in
686 321 745 355 ipso
760 321 876 348 adventu
892 320 976 347 futuri
991 327 1042 347 sae-

264 370 319 397 culi
351 373 493 404 purgatur,
518 373 546 395 et
569 368 661 395 statim
691 366 790 394 munda
810 366 924 394 edicitur
944 371 1042 400 mater,

263 422 323 449 qum
336 415 430 450 genuit
444 422 505 442 eum
521 422 528 441 :
546 419 686 448 purgatam
706 421 823 448 namque
842 413 915 440 vitiis
931 420 1043 440 carnem

262 468 297 488 ex
323 461 522 488 resurrectione
543 460 665 494 recipiet.
686 459 715 486 Si
741 466 805 487 vero
824 459 890 486 nihil
918 459 1044 486 habuerit

262 507 341 534 virile
364 507 509 534 adversum
536 510 688 541 peceatum,
705 505 751 532 sed
772 505 902 532 remissus
927 510 954 532 et
977 504 1043 532 olfe-

263 553 383 580 ntinatus
403 553 453 580 fuit
472 553 498 580 in
516 552 622 580 actibus
642 551 709 584 suis,
732 551 808 586 cujus
827 556 968 586 peccatum
991 550 1044 578 tale

263 603 316 630 est,
331 598 403 632 qttod
419 605 470 624 non
489 597 652 629 remittatur,
675 603 762 630 neque
791 596 817 622 in
842 596 969 630 praesenti
993 603 1043 623 saa-

263 643 336 675 cqu,
365 649 452 677 neque
480 642 507 670 in
532 641 641 674 futuro,
661 641 712 668 iste
739 641 836 668 transit
859 645 887 668 et
915 649 995 668 unam
1018 645 1045 668 et

264 689 343 715 aliam
373 688 551 722 septimanam
576 687 602 714 in
631 686 803 714 immunditia
830 693 890 720 sua,
913 691 942 714 et
965 686 1043 713 tertia

266 735 374 761 demum
406 733 551 768 incipiente
581 733 682 760 oboriri
712 732 875 767 septimana,
915 736 1045 768 purgatur

264 780 299 806 ab
325 779 493 806 immunditia
509 799 516 812 ,
546 786 627 813 quam
659 779 788 806 feminam
827 778 957 813 pariendo
981 786 1044 805 con-

264 825 359 852 traxit.
379 833 389 850 »
414 824 539 859 Ejusdem
556 824 665 858 generis
678 829 720 851 est
742 824 812 850 istud
838 831 871 850 ex
893 823 988 850 homil.
1011 822 1044 850 14

1094 235 1153 253 rum
1165 227 1260 261 spiritu
1270 224 1366 261 judicii
1381 233 1405 255 et
1421 228 1517 262 spiritu
1527 227 1639 254 nationis
1651 227 1685 254 “.
1698 226 1737 254 De
1747 227 1876 256 Chaldaeis

1094 278 1184 299 autem
1206 273 1247 300 sic
1262 273 1328 301 dicit
1343 282 1351 301 :
1368 273 1456 301 Halm
1477 274 1601 300 carbones
1616 274 1696 308 ignis,
1717 275 1781 301 sede
1805 282 1877 308 super

1094 325 1150 349 eos,
1166 317 1194 343 hi
1208 323 1284 344 erunt
1299 318 1345 344 tibi
1359 318 1387 345 in
1411 318 1546 353 adjutorio
1559 318 1593 345 ιδ.
1617 317 1650 345 Et
1666 318 1693 345 in
1716 318 1782 345 aliis
1793 319 1856 346 dicit
1869 330 1874 347 :

1095 363 1277 397 Sancti/icabit
1295 363 1422 391 Dominus
1437 364 1464 391 in
1481 364 1540 399 igne
1550 364 1655 391 ardenti
1672 363 1696 383 ⁸⁵
1718 369 1767 391 :et
1783 364 1810 391 in
1825 364 1877 392 Ila-

1095 409 1181 436 Iaehia
1199 409 1330 443 prepheta
1345 409 1427 436 dicit:
1444 409 1545 437 Sedens
1558 409 1687 437 conﬂabit
1699 414 1728 438 et
1744 411 1878 446 purgabit.

1095 460 1122 483 et
1136 455 1232 482 fundet.-
1247 460 1376 491 purgatos
1395 456 1466 483 tilios
1481 455 1549 483 Iuda
1562 455 1595 483 “.
1609 465 1618 481 ι
1642 456 1708 484 Item
1720 456 1774 492 lib.
1791 464 1836 484 vtn
1854 457 1878 484 in

1095 499 1180 534 Epist.
1191 501 1225 527 ad
1239 500 1326 534 Rom,
1339 509 1411 528 num.
1424 502 1469 534 l2,
1480 509 1540 536 pag.
1553 501 1615 534 640,
1632 510 1642 527 ι
1656 501 1768 535 Verum,
1784 501 1876 536 inquit,

1095 545 1121 572 in
1135 546 1185 574 hac
1206 546 1262 581 ipsa
1276 547 1435 582 purgatione
1449 554 1508 581 qua:
1529 554 1577 582 per
1592 554 1699 581 ptenam
1714 547 1788 581 ignis
1803 547 1876 574 adbi-

1094 591 1185 624 betur,
1213 592 1325 625 quantis
1345 592 1523 626 temporibus,
1546 593 1690 626 quantisve
1711 592 1822 620 smculis
1847 593 1876 620 de

1094 637 1282 671 peccatoribus
1295 637 1386 672 exigat
1396 638 1546 670 cruciatus,
1560 637 1634 665 solus
1644 637 1716 665 seire
1724 642 1814 673 potest
1828 637 1876 669 ille,

1095 683 1138 709 cui
1160 682 1241 710 Pater
1253 689 1334 710 omne
1345 682 1475 718 judicium
1490 682 1610 710 tradidit.
1622 692 1632 709 ι
1656 683 1780 717 Denique
1794 683 1839 710 lib.
1854 691 1876 710 tv

1096 732 1187 755 contra
1207 727 1289 760 (1:13.,
1304 736 1377 755 nunt.
1391 728 1436 762 10,
1450 735 1543 763 pmnas
1553 729 1649 757 futurae
1669 729 1732 756 vitae
1744 729 1812 756 dicit
1822 736 1876 757 esse

1095 773 1245 808 ἀναγκαίας
1266 774 1304 809 τῷ
1320 774 1411 806 παντὶ,
1438 774 1509 810 τάχα
1524 774 1552 801 δὲ
1570 774 1687 806 καὶτοῖς
1708 775 1875 810 πεισομένηις

1096 819 1180 851 αὑτὰς
1191 820 1240 847 οὐκ
1255 820 1416 856 ἀχρήστους.

262 871 290 896 iu
309 870 383 902 Lua,
399 877 460 904 pag.
478 870 531 897 948
547 879 554 897 :
581 879 590 895 ι
611 870 686 897 Sicut
711 870 841 904 scriptum
857 873 898 896 est
918 870 944 896 in
966 869 1044 903 lege:
1062 858 1082 886 Β
1132 867 1224 896 XVIII.
1237 868 1370 901 Quoniam
1383 872 1472 895 autem
1484 868 1624 896 Paulinum
1638 869 1701 896 illud
1720 877 1793 904 szepe
1806 870 1873 897 testi-

264 914 292 942 Si
319 915 465 942 masculum
489 915 592 949 peperit
604 920 701 946 mater.
727 919 828 949 septem
848 914 943 941 diebus
961 919 1047 940 mater

262 960 367 987 sedebit
389 960 415 987 in
439 960 570 995 sanguine
595 960 744 992 immundo,
771 967 802 987 ac
820 959 917 987 deinde
938 959 1045 994 triginta

264 1006 351 1034 tribus
367 1006 393 1033 iu
420 1006 551 1041 sanguine
566 1013 647 1040 puro:
668 1010 695 1033 et
710 1006 744 1033 ad
757 1010 906 1034 extremum
933 1010 961 1032 et
991 1006 1047 1040 ipse

263 1051 354 1079 infans
369 1052 473 1079 sedebit
489 1052 515 1078 in
529 1051 663 1086 sanguine
675 1051 840 1086 purissimo:
858 1051 898 1078 sic
918 1051 981 1086 quia
1002 1050 1045 1077 lex

262 1097 412 1132 spiritualis
433 1101 486 1130 est,
504 1102 532 1124 et
546 1097 668 1125 umbram
683 1096 765 1124 habet
788 1096 938 1124 futurorum
962 1097 1046 1123 bono-

261 1151 332 1177 rum,
347 1151 490 1179 poswmus
501 1144 648 1178 intelligere
663 1143 848 1178 purgationem
860 1150 950 1170 veram
968 1143 1046 1170 nobis

262 1189 373 1216 evenire
388 1193 450 1223 post
467 1193 580 1224 tempus.
598 1188 654 1224 Ego
670 1193 736 1223 puto
747 1189 819 1223 quod
837 1193 863 1215 et
880 1193 940 1222 post
955 1195 1045 1215 resur-

262 1234 412 1262 rectionem
428 1241 460 1261 ex
476 1234 591 1261 mortuis
616 1233 784 1268 indigeamus
797 1238 967 1260 sacramento
986 1232 1045 1260 elu-

261 1284 326 1306 ente
339 1286 387 1306 nos
406 1283 486 1314 atque
498 1283 628 1314 purgante
641 1288 648 1312 ;
663 1286 742 1306 nemo
755 1278 827 1306 enim
844 1279 947 1313 absque
961 1277 1046 1306 sordi-

261 1325 313 1353 bus
328 1333 468 1360 resurgere
483 1327 592 1360 poterit,
608 1334 657 1353 nec
675 1325 754 1353 ullam
769 1332 850 1360 posse
867 1325 985 1352 animum
1000 1331 1044 1351 re-

263 1370 345 1405 periri
374 1378 433 1404 qua:
448 1371 583 1398 universis
600 1371 691 1398 statim
712 1370 784 1397 vitiis
795 1375 897 1397 careat.
913 1379 922 1396 ι
939 1369 1046 1397 Erroris

263 1422 357 1443 notam
376 1417 473 1444 merito
490 1417 532 1444 his
546 1417 631 1444 inurit
641 1416 820 1444 Bellarminus
837 1415 884 1443 lib.
898 1423 919 1443 ιι
934 1415 973 1443 De
983 1423 1046 1450 pur-

262 1462 376 1496 gatorio,
391 1470 450 1497 cap.
468 1462 495 1496 9,
516 1462 590 1497 quod
614 1469 649 1489 ex
663 1461 811 1496 Scriptum
832 1460 912 1489 edato
926 1465 988 1496 post
1001 1468 1045 1489 re-

262 1507 458 1535 surrectionem
471 1512 498 1535 et
512 1507 645 1543 judicium
658 1506 730 1534 nulla
745 1507 861 1542 supersit
878 1505 1045 1534 emendatio-

262 1553 307 1580 nis
322 1560 393 1587 spes.
408 1553 444 1580 At
468 1561 500 1580 ea
521 1553 648 1581 mendosa
669 1561 739 1586 esse,
753 1558 781 1581 et
792 1553 857 1581 vitio
871 1553 1041 1581 librariorum

261 1604 391 1634 corrupta
417 1604 494 1634 putat
520 1599 622 1628 Suarez
648 1605 713 1628 tom.
730 1599 763 1628 IV
789 1600 816 1627 it:
834 1607 864 1627 ιιι
885 1599 917 1627 S.
936 1599 1041 1632 Thom,

262 1650 358 1679 quaest.
373 1644 418 1677 46,
436 1649 506 1672 sect.
522 1645 549 1679 5,
567 1645 694 1680 quoniam
715 1645 767 1673 illis
786 1653 820 1673 ex
836 1646 951 1673 adverso
965 1637 1043 1680 repn-

263 1695 349 1725 gnant
361 1698 421 1725 qua-
438 1691 592 1725 praecedunt
608 1691 634 1718 in
649 1692 744 1719 eadem
759 1691 878 1724 humilia,
894 1691 971 1718 nefas
984 1698 1044 1718 esse

262 1737 383 1770 cOgitare
398 1736 518 1764 futurum
542 1741 572 1764 ut
586 1737 688 1765 sordidi
708 1742 736 1765 et
751 1737 844 1772 polluti
860 1744 1042 1772 resurgamus.

263 1781 318 1808 Sed
332 1786 434 1809 tantam
446 1789 506 1810 esse
519 1788 608 1810 tamen
629 1783 655 1810 in
668 1783 759 1811 multis
774 1784 968 1811 haesitationem
981 1783 1044 1812 Ori-

261 1827 337 1862 genis
353 1827 586 1862 deprehendimus,
600 1832 630 1855 ut
643 1836 740 1856 novum
757 1829 822 1856 mihi
835 1836 887 1856 non
903 1828 938 1856 sit
949 1829 1043 1856 eadem

262 1873 371 1900 homilia
385 1873 491 1901 diversa
501 1881 561 1902 eum
574 1879 600 1902 et
615 1875 760 1909 pugnantia
772 1874 928 1909 prodidisse.
947 1874 1045 1902 Praedi-

262 1922 358 1943 cantur
374 1918 456 1944 etiam
483 1919 653 1953 apertissime
681 1919 829 1954 piaculares
848 1926 934 1954 paena:
951 1919 1043 1947 homil.

263 1960 297 1988 I6
313 1961 341 1988 in
360 1961 471 1996 .Ierem.,
506 1970 579 1991 num.
600 1963 626 1996 5,
646 1971 714 1998 _cum
738 1969 923 1999 superstructa
949 1965 1046 1992 animae

262 2015 369 2040 aurttm,
385 2013 539 2044 argentum,
563 2009 644 2045 ligna,
666 2009 756 2037 fenum
787 2014 814 2037 et
840 2010 964 2044 stipulam
984 2010 1045 2046 igne

261 2053 399 2088 probanda
416 2062 476 2082 esse
493 2055 574 2088 dicit;
594 2055 692 2083 deinde
709 2056 747 2082 ait
775 2064 849 2083 num.
871 2056 888 2081 6
908 2065 914 2083 :
942 2057 974 2082 Tt
999 2054 1045 2083 οὖν

262 2099 370 2135 πρῶτον
386 2100 527 2128 ἀκολουθεῖ
544 2102 689 2128 ἀπολαϐεῖν
707 2101 751 2128 διὰ
764 2103 799 2129 τὰ
813 2101 892 2136 Edita;
911 2102 988 2138 δῆλον
1004 2103 1045 2130 ὅτι

261 2144 293 2172 τὸ
307 2145 362 2181 πῦρ
378 2146 409 2173 τὸ
431 2146 573 2174 ἀναλίσιων
593 2147 627 2174 τὰ
643 2148 718 2181 ξύλα,
736 2149 783 2175 καὶ
805 2148 850 2174 τὸν
873 2149 977 2183 χόρτον,
998 2149 1046 2176 καὶ

1097 914 1215 941 monium
1229 919 1351 948 usurpat,
1366 914 1437 948 quod
1451 919 1491 942 est
1507 915 1517 942 Ι
1535 915 1598 943 Cor.
1613 923 1657 948 xv,
1671 915 1718 948 26,
1737 925 1747 942 ι
1761 915 1875 943 Novissi-

1096 966 1139 986 ma
1151 963 1241 986 autem
1253 959 1362 986 inimica
1375 959 1531 987 destruetur
1545 967 1627 994 mors,
1641 970 1651 987 ι
1670 961 1784 989 minime
1801 961 1875 988 siler.-

1097 1004 1134 1031 tio
1144 1004 1290 1038 premenda
1307 1004 1413 1031 videtur
1424 1004 1506 1032 allata
1518 1005 1552 1031 ab
1567 1012 1600 1032 eo
1613 1005 1666 1032 loci
1678 1005 1760 1040 hujus
1777 1007 1876 1041 exposi-

1097 1049 1144 1076 tio.
1168 1048 1281 1076 Mortem
1298 1049 1388 1084 itaque
1401 1049 1537 1077 diabolum
1557 1049 1711 1084 significare
1731 1051 1875 1081 existimat.

1095 1101 1174 1128 quem
1190 1095 1227 1122 ita
1245 1095 1413 1122 destructum
1433 1094 1465 1121 iri
1480 1099 1566 1130 putat,
1578 1100 1711 1130 quatenus
1726 1096 1808 1130 impia
1824 1096 1876 1130 ejus

1095 1144 1147 1167 eta
1162 1139 1216 1167 Deo
1233 1147 1326 1167 aversa
1340 1140 1466 1167 volunta
1483 1141 1691 1175 expugnabitur.
1713 1140 1814 1169 Demos
1826 1143 1876 1176 ipsa

1096 1187 1177 1214 verba
1188 1193 1204 1213 e
1215 1186 1260 1213 lib.
1280 1194 1309 1214 Ill
1326 1187 1395 1220 Περὶ
1411 1186 1523 1221 ἀρχῶν,
1539 1194 1599 1221 cap.
1615 1186 1643 1219 6,
1657 1195 1732 1214 num.
1747 1187 1784 1214 5:
1802 1187 1879 1215 (Ριτι.

1097 1235 1187 1266 pterea
1204 1239 1319 1267 namque
1330 1232 1410 1260 etiam
1427 1232 1586 1259 novissimus
1603 1232 1738 1265 inimicus,
1752 1231 1799 1266 qui
1810 1239 1877 1259 mors

1095 1278 1256 1313 appellatur,
1271 1279 1374 1306 destrui
1389 1278 1499 1312 dicitur,
1515 1283 1543 1305 ut
1558 1285 1644 1313 neque
1668 1278 1738 1305 ultra
1756 1278 1834 1305 triste
1847 1277 1878 1304 sit

1096 1324 1209 1360 aliquid,
1227 1325 1271 1352 ubi
1286 1332 1359 1352 mors
1374 1333 1426 1352 non
1441 1330 1493 1357 est.
1513 1332 1600 1360 neque
1617 1324 1762 1352 adversum
1776 1324 1824 1357 sit,
1836 1324 1875 1350 ubi

1096 1378 1149 1398 non
1166 1375 1207 1398 est
1221 1370 1356 1398 inimicus.
1378 1370 1485 1398 Destrui
1498 1378 1564 1399 sane
1575 1370 1738 1397 novissimus
1752 1370 1875 1398 inimicus

1096 1415 1134 1442 ita
1148 1414 1336 1450 intelligendus
1346 1420 1398 1449 est,
1420 1423 1473 1443 non
1494 1420 1523 1443 ut
1535 1415 1684 1443 substantia
1704 1415 1775 1450 ejus,
1789 1422 1848 1450 quae
1862 1422 1876 1441 a

1096 1461 1153 1488 Deo
1168 1461 1238 1489 facta
1254 1465 1306 1495 est,
1322 1467 1431 1496 pereat;
1456 1462 1503 1489 sed
1518 1465 1546 1488 ut
1556 1461 1736 1497 propositum,
1749 1466 1778 1488 et
1788 1461 1877 1489 volun-

1098 1511 1139 1535 tas
1151 1508 1272 1541 inimica,
1291 1516 1351 1543 qua:
1369 1516 1422 1536 non
1437 1516 1452 1535 a
1476 1508 1542 1542 Deo,
1558 1508 1604 1536 sed
1620 1508 1653 1535 ab
1666 1509 1725 1543 ipso
1738 1508 1875 1543 processit,

1096 1553 1212 1581 inte'reat
1223 1561 1231 1586 ;
1242 1562 1252 1579 ι
1264 1559 1292 1582 et
1304 1555 1354 1581 ista
1367 1561 1401 1581 ex
1414 1554 1505 1581 homil.
1520 1554 1536 1582 8
1549 1554 1576 1581 in
1586 1553 1678 1586 Iosue,
1691 1561 1767 1580 num.
1777 1553 1804 1580 ι.
1821 1563 1830 1579 ι
1844 1552 1878 1579 De

1095 1599 1201 1627 diabolo
1212 1604 1301 1628 autem
1316 1600 1418 1633 dicens,
1435 1601 1473 1628 ait
1488 1609 1496 1628 :
1509 1599 1686 1627 Novimt‘mm
1698 1599 1822 1626 inimicus
1837 1599 1879 1625 de-

1093 1650 1211 1673 struatur
1223 1654 1293 1673 mors
1305 1646 1338 1679 ",
1350 1646 1414 1681 quia
1432 1653 1497 1673 vere
1509 1651 1574 1673 tunc
1586 1646 1707 1673 vincetur
1722 1653 1807 1678 mors,
1819 1653 1877 1672 cum

1094 1690 1209 1718 mortale
1223 1691 1273 1719 hoc
1284 1691 1473 1719 absorbebitur
1484 1698 1499 1717 a
1510 1691 1573 1718 vita.
1587 1700 1596 1716 ι
1610 1691 1689 1719 Certe
1702 1690 1785 1718 Hebr.
1795 1699 1826 1724 ll,
1838 1691 1878 1723 II,

1094 1738 1188 1765 mortis
1204 1737 1311 1772 quidem
1336 1737 1480 1772 imperiutu
1502 1736 1623 1765 diabolus
1641 1736 1742 1764 habere
1765 1736 1878 1768 dicitur;

1094 1789 1122 1810 at
1138 1791 1153 1811 a
1168 1788 1255 1811 morte
1269 1788 1356 1811 tamen
1374 1782 1558 1817 distinguitur,
1574 1791 1583 1808 ι
1597 1787 1624 1809 ιιι
1640 1789 1688 1816 per
1703 1786 1820 1810 mortem
1837 1782 1880 1809 de-

1094 1834 1213 1857 strueret
1225 1837 1287 1857 eum
1306 1830 1352 1864 qui
1379 1828 1497 1857 habebat
1512 1828 1605 1855 mortis
1619 1828 1773 1863 imperium,
1798 1827 1826 1856 id
1844 1833 1882 1855 est

1095 1875 1241 1903 diabolum.
1256 1883 1265 1900 ι
1291 1874 1368 1908 Quod
1390 1881 1527 1909 exponens
1544 1874 1674 1909 Origenes
1697 1878 1765 1901 tom.
1786 1882 1838 1901 xttt
1855 1875 1882 1900 in

1094 1921 1202 1954 Matth,
1220 1929 1295 1948 num.
1312 1919 1338 1951 9,
1357 1928 1418 1955 pag.
1432 1919 1493 1951 582,
1513 1919 1621 1955 Κράτος
1638 1920 1667 1946 δὲ
1689 1919 1817 1953 θανάτου,
1844 1921 1882 1946 in-

1094 1966 1163 1998 quit,
1175 1965 1316 2000 νομιστέον
1332 1965 1404 2000 ἔχειν
1420 1965 1466 1992 τὸν
1481 1965 1612 1998 διάϐολον,
1629 1965 1659 1991 οὐ
1672 1965 1721 1992 τοῦ
1739 1966 1825 2001 piceo
1837 1965 1882 1993 καὶ

1095 2010 1254 2046 ἀδιαφόρου,
1283 2010 1344 2037 καθ’
1359 2010 1389 2038 ὃν
1415 2010 1630 2046 ἀποθνήσκουσιν
1652 2011 1678 2037 οἱ
1701 2010 1827 2038 σύνθετοι
1852 2013 1882 2038 ἐκ

1094 2055 1182 2091 ψυχῆς
1195 2055 1241 2082 καὶ
1261 2055 1396 2091 σώματος,
1419 2055 1606 2091 χωριζομένης
1627 2056 1716 2083 αὐτῶν
1730 2056 1781 2092 τῆς
1795 2057 1880 2092 ψυχῆς

1095 2101 1149 2128 ἀπὸ
1163 2101 1209 2128 τοῦ
1226 2101 1352 2137 σώματος
1363 2110 1371 2117 ο
1387 2102 1456 2128 ἀλλά
1471 2102 1518 2128 τοῦ
1534 2102 1654 2129 ἐναντίου
1666 2103 1713 2129 καὶ
1723 2102 1824 2138 ἐχθροῦ
1836 2103 1880 2129 τοῦ

1096 2147 1216 2180 εἰπόντος
1227 2156 1234 2163 ·
1261 2147 1331 2182 Ἐγώ
1344 2148 1402 2182 ειμι
1417 2148 1437 2181 ἠ
1460 2147 1516 2182 ζωὴ
1527 2147 1561 2180 ⁸³,
1580 2147 1641 2175 καθ’
1655 2148 1685 2175 ὃν
1702 2148 1778 2184 ψυχὴ
1794 2149 1880 2184 ἁμαρ-

261 2190 311 2227 τὴν
324 2192 467 2228 καλάμην·
487 2197 513 2220 et
527 2198 631 2227 postea.
650 2193 777 2227 quoniam
800 2193 929 2228 scriptum
945 2198 985 2221 est
999 2193 1044 2220 Je-

1096 2193 1220 2225 τάνουσα,
1233 2192 1302 2229 αὕτη
1319 2193 1492 2220 ἀποθανεῖται
1505 2193 1538 2221 ⁸³.

263 2244 331 2264 retu.
350 2244 406 2270 xvi,
424 2238 456 2265 18
474 2247 480 2266 z
496 2247 506 2263 ι
519 2238 553 2265 Et
563 2238 675 2266 reddam
686 2238 802 2273 primum
814 2238 934 2273 duplices
948 2239 1047 2273 iniqui-

263 2285 334 2309 tates
349 2289 452 2309 eorunt.
467 2292 476 2308 ι
510 2283 688 2317 ’Δνσεγκαιως,
711 2283 807 2318 inquit,
831 2283 991 2319 πρόσκειται
1016 2284 1047 2310 τὸ

263 2328 386 2363 πρῶτονο
402 2329 509 2364 πρῶτον
524 2329 580 2366 γὰρ
592 2331 626 2358 τὰ
636 2330 686 2366 τῆς
699 2330 814 2364 ἀδικίας,
828 2331 888 2358 εἶτα
900 2331 934 2358 τὰ
947 2331 996 2367 τῆς
1010 2331 1048 2358 δι-

263 2372 408 2408 καιοσύνης
429 2374 594 2403 ἀποδίδοται.
614 2375 684 2408 Quin
706 2376 789 2403 etiam
813 2376 859 2403 lib.
875 2385 894 2404 ιι
911 2377 981 2411 Περὶ
995 2377 1047 2411 ἀρ-

262 2417 336 2451 χῶν,
354 2426 413 2454 cap.
429 2419 473 2452 l0,
491 2428 564 2450 num.
578 2421 608 2456 5,
624 2422 740 2449 animam
761 2429 809 2457 per
822 2428 962 2458 peccatum
973 2423 1047 2450 ordi-

262 2470 324 2490 nem
340 2471 418 2491 suum
441 2465 567 2494 deserere
589 2467 638 2500 ait,
659 2471 687 2494 et
707 2474 722 2494 ιι
738 2474 866 2503 compage
891 2468 935 2496 cui
958 2475 974 2495 a
991 2467 1047 2496 Deo

261 2508 344 2537 fuerit
359 2510 458 2538 innexa
479 2511 568 2539 divelli
581 2520 590 2546 ;
606 2517 635 2542 et
648 2512 769 2541 adhibito
786 2514 849 2548 igne
867 2522 877 2540 ι
891 2513 950 2542 sine
965 2514 1046 2542 dubio

261 2557 295 2583 ad
308 2555 454 2585 ﬁrmiorem
466 2557 683 2595 suicompagem,
697 2559 974 2595 instaurationemque
982 2559 1047 2587 soli-

261 2601 320 2629 dari
330 2611 338 2635 ;
349 2611 361 2629 ι
370 2610 420 2630 nec
433 2603 517 2631 multo
531 2608 594 2639 post
610 2612 687 2637 num.
703 2604 719 2631 6
730 2613 738 2632 ι
749 2613 760 2631 ‹
771 2603 903 2638 Quoniam
918 2610 1005 2633 autem
1018 2609 1046 2633 et

260 2654 292 2674 ea
307 2656 386 2683 poena
393 2657 454 2684 quae
462 2657 509 2685 per
524 2651 611 2686 ignem
622 2645 718 2679 inferri
736 2651 845 2685 dicitur,
854 2659 904 2686 pro
915 2651 1046 2685 adjutorio

261 2693 419 2729 intelligitur
429 2697 561 2730 adhiberi,
570 2697 652 2726 Isaias
661 2697 800 2732 docet,qui
808 2697 841 2725 de
851 2697 930 2725 Israel
939 2697 1046 2732 quidem

258 2739 301 2779 psic
329 2741 416 2769 dicit:
435 2741 529 2770 Ablue!
546 2743 680 2771 Dominus
698 2743 788 2770 sordes
806 2743 924 2778 ﬁliorum
946 2743 986 2771 vel
1014 2744 1047 2778 ﬁ-

298 2796 320 2811 “
334 2797 386 2824 Isa.
403 2806 439 2827 tv.
456 2800 483 2827 4.
535 2798 558 2815 ⁸⁸
568 2799 618 2827 Isa.
636 2808 723 2833 van.
738 2800 780 2827 14.

265 2835 291 2857 et
303 2838 357 2863 xiv,
372 2833 398 2860 6.
437 2834 458 2850 "
472 2834 571 2863 Ezech.
586 2842 662 2869 xvut,
675 2837 702 2866 4.

1130 2239 1196 2267 Cum
1214 2240 1252 2267 ait
1268 2247 1391 2268 aversam
1404 2248 1419 2266 a
1431 2239 1486 2267 Deo
1500 2239 1601 2268 diaboli
1621 2239 1790 2268 voluntatem
1805 2240 1879 2271 olim.

1096 2285 1154 2314 fore
1170 2285 1372 2318 conterendam.
1401 2285 1467 2313 satis
1482 2278 1617 2320 signiﬁcat
1640 2292 1670 2313 se
1688 2292 1723 2313 ne
1743 2285 1879 2313 daemones

1096 2331 1204 2366 quidem
1219 2331 1252 2358 ab
1267 2335 1367 2358 {eterna
1388 2331 1516 2358 felicitate
1531 2331 1686 2359 excludere.
1705 2330 1761 2358 Sed
1781 2331 1879 2358 clarius

1096 2377 1178 2405 etiam
1192 2377 1219 2405 id
1233 2377 1368 2405 evincitur
1389 2384 1423 2404 ex
1445 2378 1599 2412 dogmatum
1617 2377 1702 2412 ipsius
1716 2377 1841 2412 sequela,
1855 2381 1879 2403 et

1096 2430 1128 2451 ex
1145 2423 1196 2451 hoc
1217 2426 1276 2452 loco
1290 2431 1306 2451 e
1323 2423 1370 2451 lib.
1387 2431 1396 2451 I
1419 2423 1489 2458 Περὶ
1506 2423 1616 2458 ἀρχῶν,
1635 2430 1695 2458 cap.
1710 2422 1739 2455 6.
1760 2431 1837 2451 num.
1853 2423 1877 2455 5,

1095 2476 1174 2504 quem
1187 2473 1214 2497 et
1224 2477 1303 2504 supra
1317 2468 1373 2504 jam
1385 2469 1556 2502 adduxitnus,
1578 2473 1606 2497 et
1620 2469 1665 2497 hic
1680 2476 1792 2504 quoque
1805 2476 1880 2504 repe-

1095 2519 1182 2543 temus
1205 2524 1213 2543 :
1231 2515 1308 2543 dam
1326 2522 1392 2543 vero
1418 2515 1441 2543 si
1456 2515 1537 2550 aliqui
1563 2523 1595 2543 ex
1606 2515 1655 2543 this
1674 2514 1819 2542 ordinibus
1835 2514 1879 2550 qui

1094 2561 1144 2589 sub
1154 2561 1305 2596 principatu
1317 2561 1415 2589 diaboli
1429 2566 1522 2596 agunt,
1540 2568 1573 2589 ac
1581 2560 1691 2588 malitiae
1705 2560 1766 2596 ejus
1779 2560 1880 2588 obteri»

1095 2611 1203 2641 perant,
1223 2612 1350 2642 poterunt
1365 2607 1509 2643 aliquando
1527 2607 1554 2634 in
1569 2606 1667 2634 futuris
1687 2606 1798 2634 saeculis
1814 2613 1880 2633 eon-

1097 2653 1166 2680 verti
1180 2654 1213 2681 ad
1241 2654 1400 2687 bonitatem,
1416 2661 1466 2688 pro
1478 2661 1511 2681 eo
1524 2653 1595 2689 quod
1607 2657 1649 2680 est
1670 2652 1698 2680 ln
1723 2652 1791 2687 ipsis
1804 2650 1879 2678 liberi

1098 2698 1213 2726 facultas
1229 2700 1335 2727 arbitrii
1350 2707 1358 2726 :
1374 2707 1407 2727 an
1429 2707 1494 2727 vero
1510 2706 1670 2735 permanens
1686 2703 1716 2726 et
1730 2699 1879 2726 inveterata

1099 2745 1200 2772 malitia
1215 2745 1290 2773 velut
1308 2738 1333 2773 in
1349 2751 1472 2774 naturam
1484 2746 1626 2782 quamdam
1643 2752 1676 2773 ex
1687 2743 1879 2773 consuetudine

831 2800 854 2817 "
867 2799 918 2829 Isa.
932 2808 958 2836 ι,
977 2800 1021 2827 I7.
1071 2801 1094 2845 ξε
1112 2801 1224 2830 Malach.
1243 2810 1285 2838 Ill,
1298 2803 1324 2832 5.
1361 2803 1383 2820 ⁸⁷
1396 2803 1407 2830 ι
1421 2803 1484 2832 Cor.
1498 2809 1543 2838 xv,
1557 2802 1601 2830 9.6.
1639 2801 1754 2832 “toan.
1772 2809 1817 2841 xi,
1828 2800 1876 2831 25:
