1912 3079
48 156 116 186 1029

458 154 743 185 ORIGENIANORUM
763 155 827 182 LIB.
849 154 879 186 ll,
900 153 975 182 CAP.
996 152 1027 186 ll,
1045 152 1183 186 QUIEST.
1205 151 1248 178 XI.

1607 153 1675 181 Ἄθω

45 218 234 249 convertatur,
250 215 333 244 etiam
347 219 375 243 ιιι
391 215 436 251 qui
453 215 520 251 legis
531 215 655 250 probato,
670 215 692 242 si
705 215 837 243 omnimo-
852 219 873 246 Α
889 219 960 248 ptam
976 213 1170 242 beatitudinem
1196 212 1343 247 possidere.
1366 221 1377 238 ι
1402 211 1502 245 Quibus
1521 217 1549 240 et
1561 213 1618 240 hate
1629 213 1676 240 ad-

47 262 79 289 de
95 268 185 296 neque
198 261 226 288 in
242 261 286 289 his
302 270 362 296 qua:
376 262 503 289 videntur
516 261 708 296 temporalibus
722 261 837 293 seculis,

46 314 138 342 neque
157 307 185 335 in
197 307 242 335 his
257 315 317 342 qua:
329 315 383 335 non
401 308 536 341 videntur,
552 313 580 336 et
592 313 692 336 :rterna
707 313 780 342 sunt,
797 317 839 343 pe-

34 352 123 390 ;nitus
149 360 213 387 pars
237 353 288 381 ista
308 354 342 381 ab
354 353 398 380 illa
411 354 492 381 etiam
509 353 583 382 finali
614 354 728 387 unitate,
758 359 840 390 atque

44 399 240 426 convenientia
254 399 428 434 discrepabit.
442 408 452 424 ι
469 398 648 427 Jaceteadem
662 399 795 427 sententia
812 399 838 426 in

45 446 109 474 istis
119 453 136 473 e
146 445 313 473 Corderiana
326 445 428 473 Catena
443 446 470 473 in
494 445 634 478 Joannem,
649 445 682 472 ad
694 444 773 472 Joan.
788 453 837 477 xu,

43 492 77 519 51
100 501 108 519 :
128 491 166 518 Τὸ
186 493 216 518 ἐν
245 491 284 527 τῷ
307 491 415 528 σταυρῷ
445 491 559 527 πάθημα
585 491 668 518 αὑτοῦ
690 491 780 528 κρίσις
805 489 839 527 ἦν

43 537 94 564 τοῦ
112 537 216 573 κόσμου
245 538 338 565 τούτου
365 538 480 570 παντός·
497 538 612 574 ἐπείπερ
631 538 840 574 εἰρηνοποιήσας

43 582 91 609 διὰ
105 583 154 610 τοῦ
167 583 336 618 αἵματοςτοῦ
348 584 466 620 σταυροῦ
480 583 588 616 ἑαυτοῦ,
603 583 659 610 εἴτε
671 583 706 610 τὰ
717 584 763 610 ἐπὶ
776 583 837 619 γῆς,

44 629 102 656 εἴτε
115 629 150 656 τὰ
162 629 191 656 ὲν
201 629 336 665 οὐρανοῖς,
354 630 424 665 μετὰ
439 630 646 666 ϐριαμὸεύσεως
661 631 690 656 ἐν
702 629 741 665 τῷ
757 629 838 665 ξύλῳ,

42 675 80 706 ἃς
92 674 262 702 ὲπεκδύσατο
280 676 366 712 ἀρχὰς
381 676 427 702 καὶ
440 675 574 709 ἐξουσίας,
594 676 722 703 ἐκάθισεν
736 676 766 702 ἐν
781 676 839 706 τοῖς

43 721 231 757 ἐπουρανίοις,
250 721 436 754 ἀποκαθιστὰς
460 721 549 748 πάντα
563 722 609 748 ἐπὶ
624 721 654 749 τὺ
672 721 779 757 ἑκάστῳ
791 722 839 756 ἁρ-

44 766 132 803 μόζον
150 766 198 794 καὶ
219 767 324 803 πρέπον
338 767 423 799 τέλος.
443 767 536 795 «Mors
555 767 625 802 ejus,
642 774 689 794 seu
712 767 739 794 in
758 774 840 795 cruce

44 813 152 848 passio,
163 813 294 848 judicium
318 818 377 841 erat
394 813 512 841 universi
526 814 630 846 mundi,
647 813 774 848 quoniam
797 813 838 840 ef-

44 858 108 886 fuso
122 859 149 886 in
169 866 250 887 cruce
262 859 395 894 sanguine
405 867 454 886 suo
467 867 560 894 pacem
573 859 728 887 conciliavit
741 863 794 886 tam
805 850 835 886 in

887 261 1023 296 jungenda
1037 267 1052 287 e
1068 260 1137 287 libro
1149 259 1254 290 eodem,
1267 266 1327 294 cap.
1344 259 1371 291 1,
1387 266 1463 286 num.
1478 259 1509 286 2|
1526 268 1532 286 :
1550 269 1558 284 ι
1571 259 1609 286 Ex
1621 267 1678 294 quo

889 305 1041 339 opinamur,
1055 304 1184 339 quoniam
1198 304 1317 338 quidem,
1339 309 1369 331 ut
1381 304 1537 339 frequenter
1548 305 1678 338 diximus,

890 350 1051 378 immortalis
1071 354 1114 377 est
1128 349 1220 377 anima
1235 354 1263 377 et
1277 354 1388 383 aeterna,
1405 350 1476 384 quod
1494 350 1520 377 in
1541 350 1635 378 multis
1650 355 1679 378 et

890 396 948 424 sine
958 396 1010 423 line
1027 396 1121 431 spatiis
1135 403 1184 431 per
1197 396 1328 424 immensa
1340 400 1367 423 ct
1380 396 1486 423 diversa
1501 395 1600 423 sazcula
1614 404 1677 431 pos-

889 442 968 470 sibile
983 447 1035 474 est,
1049 447 1078 470 ut
1091 451 1105 469 a
1125 450 1231 470 summo
1243 442 1315 470 bono
1328 443 1361 470 ad
1376 442 1467 469 inﬁma
1484 442 1553 469 mala
1566 442 1677 470 descen-

889 489 947 522 dat,
965 494 993 516 et
1013 489 1047 516 ab
1069 489 1171 516 ultimis
1191 488 1268 517 malis
1289 489 1324 516 ad
1348 496 1452 516 summa
1475 489 1545 516 bona
1568 496 1678 524 repare-

890 538 944 561 tur.
957 542 973 559 ι·

924 579 983 607 XX.
1001 579 1076 614 Quod
1103 574 1126 608 si
1154 579 1216 615 quis
1242 579 1400 614 dogmatum
1422 579 1535 606 istorum
1558 579 1677 613 requirat

889 625 1032 661 originem,
1048 627 1118 653 sciat
1132 626 1178 653 ille
1192 631 1290 661 prater
1302 627 1426 661 quaedam
1441 625 1589 660 Scriptum
1603 625 1677 652 testi-

890 672 992 704 monia,
1008 679 1069 707 qua
1083 679 1146 699 mox
1159 680 1173 698 a
1186 672 1264 699 nobis
1285 675 1499 699 commemorata
1518 676 1590 703 sunt,
1607 671 1678 698 Ada-

889 718 1021 744 mantium
1036 725 1143 753 quoque
1158 718 1184 744 in
1206 724 1328 744 errorem
1350 717 1490 744 induxisse
1504 716 1573 743 male
1592 716 1678 743 inter-

889 767 1024 796 pretatum
1050 762 1126 794 illud,
1155 761 1228 796 quod
1247 765 1337 788 exstat
1359 760 1434 788 Isaiae
1450 769 1527 794 xxiv,
1549 760 1596 794 εἰ,
1622 769 1632 786 α
1646 760 1678 788 Et

889 808 1050 836 claudentur
1062 808 1099 836 ibi
1114 809 1140 835 in
1162 815 1286 840 carcere,
1300 812 1328 835 et
1350 812 1410 843 post
1433 807 1532 835 inultos
1544 807 1602 834 dies
1613 806 1679 834 visi-

891 855 1040 888 tabuntur;
1057 864 1067 881 ι
1091 859 1117 882 et
1133 855 1183 882 hoc
1203 854 1283 882 Joan.
1299 863 1327 887 ιι,
1341 854 1385 886 16,
1401 864 1409 880 ι
1424 853 1483 881 Fiet
1501 861 1584 880 unum
1598 853 1679 887 ovile,

45 909 123 933 terra
137 912 219 940 quam
236 905 262 932 in
278 905 365 939 ctelis,
381 905 444 933 dum
460 910 520 940 post
535 905 697 940 triumphum
712 905 739 932 in
753 905 836 940 ligno,
852 895 874 922 Β
888 905 914 928 et
929 908 998 928 unus
1006 905 1111 935 pastor,
1125 910 1134 926 ι
1149 901 1220 935 quod
1234 899 1328 934 ipsein
1343 900 1476 934 dogmatis
1487 899 1529 926 sui
1541 899 1680 926 fulcimen-

46 959 117 987 quos
135 955 250 979 exuerat
265 951 433 986 principatus
446 958 478 978 ac
492 954 646 985 :potestates
660 951 798 978 constituit
810 951 836 978 in

46 997 216 1029 cmlestibus,
239 996 368 1024 universa
383 995 417 1024 ad
438 995 642 1024 convenientem
660 995 789 1030 cujusque
803 996 836 1023 li-

46 1050 109 1070 nem
121 1042 280 1077 perducens.
293 1050 303 1068 ι

87 1087 155 1115 XIX.
173 1087 307 1116 Caeterum
326 1093 380 1115 non
394 1094 534 1122 pcenarum
550 1087 696 1121 ‘duntaxat,
717 1087 764 1116 sed
778 1087 837 1115 feli-

46 1133 141 1160 citatis
161 1133 242 1161 etiam
261 1138 365 1168 tempus
381 1133 465 1161 certis
483 1133 720 1168 circumscriptum
743 1134 836 1161 termi-

46 1179 89 1207 nis
108 1186 171 1207 esse
189 1179 285 1213 voluit,
305 1179 466 1214 animasque
485 1179 519 1207 ad
536 1179 714 1215 perfectionis
729 1179 836 1207 culmen

45 1231 167 1259 evectas,
178 1230 206 1253 et
221 1225 328 1260 peccati
343 1233 376 1253 ac
390 1232 527 1260 corporea:
552 1225 631 1253 molis
646 1225 772 1253 sordibus
787 1233 836 1253 ex-

46 1277 186 1308 purgatas,
201 1272 292 1299 statim
311 1275 393 1306 atque
413 1279 429 1298 a
450 1272 551 1299 virtute
566 1271 592 1299 in
612 1271 706 1299 vitium
718 1271 835 1300 deflexe—

48 1319 112 1351 rint,
128 1319 156 1345 in
171 1317 312 1345 crassioris
321 1317 444 1352 corporis
455 1325 593 1345 carcerem
611 1317 756 1353 compingi.
769 1317 836 1345 Ver-

45 1363 80 1391 ba
91 1362 226 1398 ,Origenis
243 1370 259 1389 e
270 1362 319 1389 lib.
342 1370 362 1388 ιι
380 1361 418 1389 De
430 1362 543 1397 princip.
561 1361 640 1389 affert
657 1362 835 1396 Justinianus,

45 1410 146 1445 quibus
159 1416 273 1444 corpora
294 1408 437 1436 interitura
456 1409 593 1442 dicuntur,
617 1415 678 1436 cum
694 1409 749 1436 Deo
773 1409 836 1436 sub-

43 1456 115 1491 jecta
136 1455 237 1483 fuerint
251 1454 351 1488 omnia,
367 1454 417 1489 τῆς
431 1454 485 1481 τῶν
501 1454 635 1489 σωμάτων
649 1453 757 1488 φύσεως
771 1455 836 1481 ὑπο-

45 1500 219 1537 στησομένης
234 1500 369 1535 δεύτερον,
388 1500 436 1526 ἐὰν
455 1499 536 1526 πάλιν
551 1499 648 1534 λογικὰ
666 1500 835 1536 ὑποκαταὸῇ,

47 1556 58 1574 ι
69 1555 134 1575 cum
163 1547 262 1575 iterum
291 1546 442 1582 reparanda
458 1547 493 1574 sit
508 1553 654 1581 corporum
682 1551 792 1579 natura,
811 1547 834 1574 si
849 1566 870 1595 α

45 1600 159 1621 rursum
186 1592 328 1620 rationalia
344 1593 520 1621 descendant.
533 1602 543 1619 ι
565 1592 651 1620 Afi‘ert
672 1597 700 1621 et
723 1593 775 1620 alia
802 1601 835 1621 ex

44 1642 146 1673 quarto
156 1638 241 1672 libro,
259 1638 357 1672 quibus
375 1645 519 1672 corporum
539 1643 664 1665 naturam
682 1646 730 1673 per
751 1639 837 1667 inter-

45 1683 116 1711 valla
130 1683 263 1711 exsistere
273 1683 362 1716 docet,
379 1683 424 1711 διά
434 1692 494 1711 τινα
504 1683 695 1720 συμπτώματα
708 1685 837 1720 γινόμενα

45 1731 112 1766 περὶ
140 1729 175 1757 τὰ
189 1729 294 1764 λογικὰ,
314 1730 428 1766 δεόμενα
454 1730 604 1766 σωμάτων
625 1731 672 1757 καὶ
692 1731 773 1758 πάλιν
787 1731 837 1766 τῆς

45 1776 260 1812 ἐπανορθώσεως
272 1776 382 1809 τελείως
392 1777 537 1812 γινομένης
549 1778 588 1808 εἰς
597 1776 627 1803 τὸ
642 1777 679 1812 μὴ
691 1775 760 1804 εἶναι
774 1777 838 1804 ἀνα-

45 1822 159 1849 λύεσθαι
185 1823 283 1856 ταῦτα,
305 1823 376 1850 ὥστε
388 1823 467 1850 τοῦτο
485 1823 529 1850 ἀεὶ
542 1822 674 1857 γίνεσθαι.
703 1831 713 1849 ‹
725 1822 838 1858 Propter

46 1869 181 1904 quosdam
203 1869 294 1904 lapsus
313 1869 394 1898 rebus
417 1870 524 1897 ratione
545 1868 709 1904 pollentibus
729 1870 837 1897 contin-

47 1921 154 1949 gentes,
183 1923 242 1950 qua:
253 1916 411 1951 corporibus
428 1915 568 1950 indigent;
597 1919 626 1943 et
643 1923 751 1942 rursum
767 1915 837 1943 facta

47 1961 241 1989 emendatione
253 1962 385 1996 perfecta,
400 1961 510 1989 dissolvi
526 1961 571 1989 illa
588 1961 614 1988 in
633 1961 758 1994 nihilum,
771 1961 838 1988 adeo

48 2011 80 2034 ut
92 2006 120 2034 id
136 2014 242 2042 semper
256 2007 310 2034 ﬁat.
323 2016 333 2033 ι
349 2007 434 2035 Aﬁert
444 2012 471 2036 et
484 2008 537 2035 ista
548 2014 564 2035 e
579 2006 625 2035 lib.
639 2014 647 2034 ι
661 2006 840 2042 Hieronymus

48 2054 130 2088 epist.
146 2053 192 2086 59,
207 2053 241 2081 ad
257 2053 342 2086 Avit.,
358 2061 419 2089 cap.
432 2053 445 2080 1
465 2062 472 2082 :
489 2063 499 2079 ι
510 2052 538 2080 In
553 2053 607 2081 line
617 2057 698 2088 atque
712 2060 839 2080 consum-

49 2099 171 2127 matione
188 2099 314 2127 mundi...
328 2099 385 2135 (50)
400 2107 460 2127 cum
480 2106 575 2127 omnes
594 2098 709 2135 (animae)
727 2098 839 2126 liberum

49 2146 171 2174 habeant
185 2146 339 2179 arbitrium,
362 2150 390 2174 et
403 2150 497 2181 sponte
514 2153 562 2173 sua
582 2145 625 2173 vel
645 2145 759 2173 virtutes
777 2152 840 2180 pos-

49 2192 107 2220 sint
122 2200 230 2228 capere,
243 2193 286 2220 vel
303 2193 379 2226 vitia,
391 2192 443 2220 illae
452 2193 537 2220 multo
551 2191 579 2219 in
590 2192 674 2227 pejori
686 2191 841 2220 conditione

888 951 944 974 tum
966 951 1079 981 usurpat
1100 946 1127 973 in
1142 947 1194 973 line
1208 945 1300 973 hontil.
1319 945 1336 972 6
1357 945 1384 972 in
1399 944 1481 971 Num.
1501 945 1566 973 Item
1583 945 1647 972 illud
1664 953 1680 972 e

886 992 1014 1028 parabola
1036 1000 1117 1027 quam
1135 993 1261 1028 proponit
1283 992 1408 1020 Christus
1432 989 1529 1019 Matth.
1543 1000 1620 1024 xvut,
1634 991 1679 1025 15,

887 1046 950 1066 cum
967 1046 1077 1065 servum
1091 1045 1206 1072 nequam
1223 1038 1310 1065 iratus
1329 1037 1454 1071 dominus
1467 1037 1551 1072 jussit
1563 1037 1677 1065 tortori—

887 1082 937 1111 bus
949 1083 1029 1115 tradi,
1046 1084 1134 1118 quoad
1150 1083 1272 1110 debitum
1286 1083 1421 1124 integrum
1435 1083 1602 1111 refunderet.
1616 1083 1674 1110 Un-

887 1130 919 1157 de
932 1129 1063 1165 Origenes
1075 1129 1168 1157 homil.
1181 1128 1217 1156 55
1231 1129 1258 1156 in
1273 1128 1351 1161 Luc.,
1374 1139 1383 1155 ι
1398 1129 1464 1162 Qua:
1477 1134 1518 1156 est
1529 1129 1570 1156 lex
1585 1137 1680 1156 carce-

887 1176 925 1203 ris
939 1175 1016 1203 istius
1030 1175 1176 1211 (inferni)?
1191 1175 1248 1202 Non
1272 1175 1396 1210 egredior
1421 1182 1454 1202 ex
1476 1183 1520 1208 eo,
1536 1182 1623 1209 neque
1636 1182 1679 1202 me

886 1227 998 1251 exactor
1013 1223 1117 1257 patitur
1131 1222 1217 1255 exire,
1236 1222 1287 1250 nisi
1309 1222 1428 1250 debitum
1444 1229 1524 1250 omne
1540 1221 1679 1257 persolve-

887 1276 949 1297 το.»
971 1268 1072 1296 Fraudi
1097 1269 1122 1297 ei
1151 1269 1201 1296 fuit
1223 1276 1364 1304 perperam
1392 1273 1531 1304 acceptum
1554 1272 1583 1296 et
1603 1268 1676 1295 istud

886 1315 1009 1350 Apostoli
1025 1314 1105 1344 Rom.
1117 1322 1155 1347 xl,
1173 1314 1218 1344 ΞΒ,
1232 1314 1278 1347 26,
1304 1324 1312 1340 ι
1323 1314 1436 1342 Caecitas
1452 1322 1485 1341 ex
1500 1318 1579 1349 parte
1592 1314 1678 1341 conti-

886 1362 925 1396 git
945 1362 971 1389 in
995 1361 1088 1393 Israel,
1113 1361 1201 1388 donec
1234 1360 1372 1395 plenitudo
1396 1360 1517 1395 gentium
1539 1360 1679 1393 intraret,

886 1412 912 1434 et
923 1407 964 1435 slc
980 1407 1070 1435 omnis
1083 1406 1166 1434 Israel
1181 1406 1272 1435 salvus
1283 1406 1371 1434 fieret.
1384 1416 1393 1432 ι
1412 1405 1567 1434 Piaculares
1577 1410 1679 1438 autem,

886 1461 954 1489 quas
969 1453 1036 1487 dixi,
1050 1458 1077 1481 et
1088 1453 1260 1489 purgatorias
1273 1460 1369 1488 poenas
1392 1453 1436 1481 his
1448 1453 1569 1480 defendit
1586 1452 1679 1479 verbis

885 1507 920 1528 ex
942 1499 1030 1527 lCor.
1055 1507 1097 1532 tu,
1117 1499 1160 1532 l2,
1188 1499 1214 1527 in
1246 1499 1344 1534 quibus
1375 1498 1588 1534 uniuscujusque
1612 1506 1680 1533 opus

887 1546 949 1582 igne
967 1545 1150 1574 examinatum
1169 1545 1203 1573 iri
1221 1545 1322 1573 Paulus
1339 1544 1466 1573 afﬁrmat.
1483 1545 1551 1573 Aliis
1567 1544 1680 1580 quibus-

887 1592 949 1620 dam
963 1592 1098 1627 opinionis
1117 1592 1196 1626 hujus
1206 1592 1417 1627 propugnaculis
1430 1591 1467 1618 uti
1484 1591 1573 1618 solere
1585 1591 1681 1626 Orige-

887 1639 973 1666 nistas
992 1637 1074 1666 tradit
1092 1638 1273 1674 Hieronymus
1295 1637 1330 1665 ad
1353 1637 1454 1666 calcem
1470 1636 1681 1664 Commentario-

887 1692 946 1710 rum
964 1685 992 1710 in
1012 1683 1131 1716 Isaiam;
1154 1683 1205 1710 hoc
1229 1683 1356 1711 nimirum
1378 1682 1454 1710 Pauli
1475 1682 1555 1710 Rom.
1569 1690 1609 1715 xl,
1633 1682 1680 1715 52,

890 1729 1049 1757 «Conclusit
1070 1729 1142 1756 Deus
1165 1728 1257 1756 omnia
1283 1729 1333 1756 sub
1361 1732 1483 1764 peccato,
1508 1732 1538 1755 ut
1553 1727 1681 1755 omnibus

888 1775 1067 1807 misereatur;
1081 1783 1091 1800 ι
1106 1777 1134 1801 et
1155 1773 1200 1801 illo
1221 1773 1303 1801 Stich.
1318 1780 1366 1807 vn,
1387 1773 1403 1800 9
1427 1782 1434 1800 :
1458 1782 1467 1798 ι
1481 1772 1549 1800 Iram
1573 1772 1680 1800 Domini

888 1820 1042 1853 sustinebo,
1056 1819 1119 1854 quia
1133 1819 1242 1853 peccavi
1255 1819 1281 1846 ei
1298 1827 1305 1845 :
1325 1819 1412 1846 donec
1422 1818 1555 1854 justiiicet
1568 1825 1678 1846 causam

889 1873 987 1899 meam,
1003 1870 1031 1893 et
1052 1865 1160 1893 auferat
1180 1865 1312 1900 judicium
1327 1872 1428 1898 meum,
1447 1869 1475 1892 et
1485 1864 1582 1893 educat
1596 1871 1639 1891 me
1652 1865 1679 1891 in

888 1912 1017 1945 lucem,»
1037 1917 1065 1940 et
1076 1912 1135 1947 ,hoc
1155 1911 1237 1939 etiam
1262 1911 1340 1939 Isaia!
1356 1910 1436 1944 xu,i
1459 1919 1466 1938 :
1494 1919 1504 1937 ι
1517 1910 1680 1939 Benedicam

889 1964 926 1993 te,
939 1959 1061 1991 Domine,
1073 1958 1198 1994 quoniam
1209 1959 1294 1986 iratus
1309 1966 1337 1986 es
1345 1957 1409 1985 mihi
1423 1966 1431 1984 :
1447 1957 1567 1985 avertisti
1584 1957 1679 1985 faciem

890 2010 963 2032 tuam
974 2012 989 2032 a
1005 2011 1058 2038 me,
1071 2009 1098 2032 et
1114 2004 1242 2032 misertus
1261 2012 1290 2032 es
1305 2003 1373 2038 mei;
1397 2013 1407 2030 ι
1420 2011 1524 2031 necnon
1539 2007 1567 2030 et
1579 2003 1631 2031 isto
1641 2002 1680 2030 0-

890 2058 943 2079 sea:
954 2058 1011 2084 xtv,
1026 2051 1043 2077 5
1057 2059 1065 2077 :
1080 2058 1090 2075 ι
1105 2050 1172 2077 Cum
1191 2050 1230 2077 ira
1253 2050 1355 2078 furoris
1378 2050 1431 2077 mei
1446 2048 1594 2082 transierit,
1618 2056 1681 2076 rur-

890 2105 949 2126 sum
977 2098 1114 2130 sanabo,»
1138 2102 1218 2132 atque
1243 2096 1336 2124 itidem
1361 2095 1406 2124 illo
1430 2096 1526 2131 psalm.
1543 2103 1611 2128 xxx,
1633 2094 1680 2127 20,

894 2153 903 2171 ι
916 2144 1002 2178 Quam
1031 2143 1141 2179 grandis
1157 2142 1300 2170 multitudo
1314 2142 1445 2171 bonitatis
1465 2146 1527 2175 tuae,
1555 2141 1679 2174 Domine,

891 2197 972 2225 quam
989 2189 1152 2217 abscondisti
1168 2188 1326 2216 timentibus
1343 2188 1385 2216 te!
1404 2199 1414 2214 ι

49 2242 144 2272 erunt,
165 2246 246 2273 quam
269 2246 341 2267 nunc
364 2243 445 2271 sunt;
464 2238 506 2266 bte
529 2238 562 2265 ad
577 2237 716 2266 meliorem
739 2241 838 2265 statum
854 2239 877 2267 D
927 2237 1026 2265 Verum
1045 2243 1099 2264 non
1119 2235 1205 2263 sacris
1219 2234 1352 2262 duntaxat
1366 2234 1536 2269 auctoribus,
1553 2235 1600 2263 sed
1621 2242 1680 2270 pro-

49 2284 212 2319 pervenient
227 2294 233 2312 :
250 2284 313 2320 quia
327 2284 427 2312 diversi
446 2288 546 2317 motus,
557 2284 676 2312 ctvarite
689 2283 840 2312 voluntates

50 2331 79 2358 in
91 2335 238 2366 utramque
255 2334 359 2366 partem
377 2331 513 2358 diversum
530 2330 663 2365 accipient
686 2334 798 2363 statum,
812 2329 838 2357 id

50 2380 105 2410 est,
118 2381 148 2404 ut
158 2377 259 2412 angeli,
281 2377 404 2405 homines
427 2378 469 2405 vel
482 2377 627 2410 daemones,
645 2381 672 2404 et
684 2384 789 2404 rursum
804 2383 838 2404 ex

51 2423 95 2451 his
119 2423 264 2457 homines;
281 2423 323 2452 vel
353 2423 440 2459 angeli
464 2423 570 2457 ﬁantp
599 2428 626 2450 et
647 2422 692 2451 illa
706 2430 721 2450 e
737 2423 784 2453 lib.
797 2430 839 2456 ιιι,

51 2475 114 2503 cap.
128 2468 156 2500 6,
170 2475 245 2496 num.
261 2468 288 2502 5,
315 2477 325 2494 ‹
337 2468 394 2496 Nec
405 2468 516 2496 dubium
537 2471 579 2495 est
596 2467 660 2502 quin
681 2471 742 2502 post
765 2474 840 2502 qua:-

52 2515 115 2542 dam
133 2515 275 2543 intervalla
289 2519 441 2550 temporum
456 2521 552 2542 rursus
565 2513 677 2541 materia
696 2513 837 2546 subsistat,

51 2566 80 2588 et
100 2567 214 2596 corpora
237 2562 314 2595 ﬁant,
335 2566 363 2589 et
381 2561 474 2589 mundi
494 2561 638 2589 diversitas
655 2563 839 2591 construatur.

53 2611 166 2642 propter
185 2607 277 2634 varias
294 2607 448 2635 voluntates
475 2606 676 2634 rationabiliutn
698 2610 838 2633 creatura-

53 2661 125 2686 rum,
140 2660 199 2688 qute
215 2659 276 2689 post
286 2652 432 2688 perfectam
449 2652 640 2680 beatitudinem
659 2659 744 2687 usque
760 2652 792 2678 ad
807 2651 840 2678 li-

53 2705 116 2725 nem
136 2699 258 2726 omnium
274 2706 364 2726 rerum
386 2697 516 2733 paulatim
531 2698 564 2726 ad
584 2698 712 2726 inferiora
725 2696 841 2732 delapsae

55 2751 157 2772 tantam
169 2745 298 2772 malitiam
309 2749 481 2779 receperunt,
497 2748 526 2771 ut
536 2744 562 2771 in
579 2744 742 2772 contrarium
755 2748 842 2771 verte-

56 2795 163 2825 rentur,
180 2792 245 2819 dum
257 2791 353 2820 nolunt
364 2798 474 2819 servare
487 2790 661 2826 principium,
674 2795 701 2819 et
715 2790 839 2820 incorru-

86 2892 144 2930 (50)
157 2892 225 2922 Vide
239 2892 320 2922 finem
330 2893 376 2922 lib.
390 2899 399 2921 ι
416 2888 454 2921 De
469 2890 582 2928 princip.

890 2283 960 2311 fanis
976 2283 1059 2310 etiam
1082 2282 1230 2317 regendum
1249 2288 1310 2309 sese
1332 2281 1439 2308 videtur
1452 2280 1584 2317 Origenes
1600 2281 1682 2309 tradi-

889 2330 961 2357 disse
976 2338 984 2357 :
998 2328 1101 2355 Platoni
1118 2328 1260 2363 imprimis,
1275 2327 1320 2362 qui
1342 2327 1369 2354 in
1388 2326 1523 2354 Phaedone
1536 2326 1676 2355 Socratem

890 2375 992 2403 inducit
1004 2375 1041 2402 ita
1056 2374 1237 2402 disserentem
1256 2383 1262 2400 :
1279 2373 1418 2401 hominum
1429 2373 1476 2407 qui
1491 2379 1551 2401 sese
1565 2374 1680 2401 terrenis

893 2421 1087 2456 cupiditatibus
1098 2419 1262 2453 dediderint,
1288 2420 1394 2446 animas
1405 2418 1478 2446 circa
1495 2419 1620 2454 sepulcra
1633 2427 1680 2445 va-

894 2472 988 2502 gantes
1002 2466 1121 2501 pendere
1132 2473 1236 2501 poenas,
1250 2465 1337 2501 quoad
1352 2466 1611 2500 rursuscorporibus
1622 2466 1681 2493 alli-

893 2517 1002 2548 gentur.
1016 2511 1099 2554 Docet
1119 2512 1220 2539 ibidem
1241 2511 1382 2542 Socrates,
1396 2516 1519 2538 mortuos
1538 2511 1573 2538 ab
1583 2519 1616 2539 co
1627 2512 1680 2539 dae-

893 2565 987 2591 mone,
1003 2559 1049 2592 qui
1071 2558 1223 2586 viventibus
1237 2558 1302 2593 ipsis
1321 2557 1466 2593 obtigerat,
1482 2557 1577 2585 deduci
1591 2558 1626 2585 ad
1638 2558 1680 2584 in-

894 2604 976 2636 feros,
989 2609 1016 2631 et
1028 2608 1088 2638 post
1109 2603 1188 2639 longa
1203 2603 1301 2631 deinde
1319 2603 1446 2638 temporis
1471 2602 1558 2637 spatia
1580 2602 1614 2630 ab
1628 2601 1681 2629 alio

894 2649 961 2677 duce
975 2650 1106 2677 revocari.
1120 2649 1165 2677 Ait
1176 2650 1346 2685 postmodum
1361 2649 1395 2677 ad
1406 2649 1619 2677 Acherusiadem
1633 2657 1680 2683 pa-

895 2695 984 2722 ludem
1002 2695 1146 2723 convenire
1173 2696 1271 2724 multas
1283 2700 1450 2724 mortuorum
1474 2695 1590 2729 animas,
1620 2702 1680 2729 qua;

895 2746 956 2777 post
969 2742 1107 2770 breviores
1123 2742 1164 2769 vel
1177 2743 1361 2770 diuturniores
1377 2747 1528 2777 temporum
1551 2742 1679 2772 ambitus.

895 2795 1005 2817 rursum
1032 2789 1067 2818 ad
1089 2788 1245 2817 animalium
1274 2789 1474 2824 generationem
1506 2788 1678 2820 emittantur;
