1912 3079
254 120 317 147 1651

887 125 916 153 Ρ.
937 126 1092 155 DANIELIS
1112 127 1227 156 llUETlI

1803 140 1864 169 1052

251 182 418 210 sanabilibus
434 182 514 209 modo
528 183 605 210 noxis
622 184 767 219 inquinatas
788 186 843 213 sint
859 195 865 213 :
889 194 949 222 quas
967 195 1032 215 vero
1049 191 1071 218 Α
1086 188 1142 216 bttit
1156 190 1351 223 paenitentiam,
1367 191 1433 226 quid
1447 193 1480 220 ad
1496 194 1567 221 nos?
1582 204 1591 221 ι
1607 200 1634 224 et
1651 196 1700 226 lib.
1712 205 1738 225 vt
1755 198 1781 225 in
1794 198 1863 226 Isaia:

249 229 347 256 ἀνίατα
370 228 482 255 crimina
508 229 676 263 admiserim,
704 233 809 259 detrudi
828 233 854 260 in
878 233 1033 267 Tartarum,

249 275 320 302 unde
339 275 410 302 nulla
427 282 488 309 spes
507 277 622 303 cxcuudi
643 279 770 312 supersit.
789 279 896 314 Repetit
916 281 1031 315 idipsum

247 322 275 348 in
289 321 398 355 Gorgia,
411 329 560 357 poenasque
576 319 752 357 temporarias
767 326 915 353 levioribus
938 326 1026 361 culpis

247 367 443 394 insanabilibus
456 375 522 394 vero
541 375 665 403 :eternas,
680 374 707 396 et
727 370 778 398 ﬁne
789 372 923 400 carituras
937 374 1030 401 decer-

247 412 297 439 nit.
309 412 380 439 ldem
396 413 445 440 lib.
458 422 473 440 x
487 413 523 440 De
542 415 641 449 republ.
659 423 691 442 ex
706 416 769 443 lleri
786 417 924 450 cuiusdam
937 420 1031 447 Arme-

246 459 283 485 nii
308 467 424 493 persona
445 461 548 488 animas
563 467 655 488 narrat
676 470 708 489 ex
727 464 796 491 cmlo
817 465 867 492 sub
883 469 979 498 terras,
999 474 1030 494 ac

245 505 377 536 vicissim,
392 506 462 533 ultro
483 506 606 541 citroque
621 515 760 542 remeare;
781 517 840 543 qum
854 510 921 538 coelo
935 511 1030 538 fruun-

246 556 299 582 tur,
317 551 420 578 deliciis
433 551 484 579 illic
498 556 525 579 et
541 553 639 587 gaudio
663 553 800 587 perfundi;
815 563 875 590 qute
888 557 938 583 sub
950 558 1029 585 terris

244 598 356 633 agitant,
370 597 424 624 illic
435 598 537 634 χιλιετῆ
552 599 664 635 πορείαν
679 607 831 634 capessere.
848 609 880 629 ac
896 602 956 630 inde
969 607 1029 630 tan-

243 644 302 671 dem
320 645 406 671 exirc.
421 644 455 671 Et
476 645 503 671 in
520 645 628 679 Τὶηιωο,
643 646 759 672 animam
779 654 838 682 qua:
850 652 924 676 recte
942 649 985 676 hic
997 657 1028 677 se

242 690 367 723 gesserit,
386 689 482 717 sideris
502 689 529 717 in
544 698 684 718 numerum
707 691 802 719 referri
825 694 938 725 asserit;
967 701 1027 728 quae

242 734 319 766 male,
332 735 357 762 in
371 735 502 762 muliebre
516 743 613 771 corpus
626 737 729 764 demitti
743 746 749 770 ;
767 738 874 773 utrique
890 746 954 766 vero
967 744 1026 774 post

244 781 315 808 mille
332 789 463 808 annorum
480 783 642 809 curriculum
656 791 732 810 novze
748 784 809 811 vita:
822 785 958 819 optionem
980 786 1025 812 da-

242 827 280 859 ri;
295 833 322 854 et
336 835 395 862 quas
410 828 486 855 novis
506 835 566 855 sese
588 829 778 856 contaminarit
791 830 874 862 vitiis,
894 831 919 857 in
944 838 1024 864 pecu-

240 875 302 901 dum
320 882 432 909 corpora
456 874 606 910 relegatum
627 875 680 908 iri;
696 883 781 911 neque
799 877 929 904 malorum
945 878 1025 904 linem

239 925 301 948 ante
324 921 487 952 habituram,
509 929 590 955 quam
612 922 829 950 adhmrescentes
847 924 898 950 sibi
916 931 948 950 cx
965 924 1027 951 ele-

238 971 390 993 mentorum
413 967 526 993 colhtvie
553 967 648 994 sordes
673 967 777 995 ratione
797 968 938 1003 depulerit.
960 968 1025 1002 Quae

238 1013 264 1040 in
278 1013 346 1040 libro
363 1013 400 1040 De
418 1013 588 1040 universitate
606 1021 620 1040 a
639 1013 727 1040 Tullio
750 1014 845 1042 Latine
863 1015 977 1047 reddita,
997 1020 1025 1043 et

237 1060 271 1087 ab
287 1060 401 1087 Alcinoo
415 1067 475 1093 cap.
490 1060 524 1086 16
537 1060 649 1094 repetita
665 1064 783 1087 exstant.

271 1106 411 1133 Postremo
433 1105 545 1131 nimium
562 1105 717 1132 obterendtc
731 1104 925 1132 Valentinianm
938 1106 1023 1134 haere-

235 1160 297 1180 seos
311 1151 474 1179 desiderium
498 1150 608 1184 Origeni
637 1151 744 1177 errandi
771 1158 882 1178 causam
908 1151 1016 1183 obtulit,

235 1206 296 1225 nam
311 1206 372 1225 cum
387 1197 424 1224 illi
447 1197 567 1224 damnari
582 1204 633 1223 non
645 1204 725 1230 posse
741 1197 894 1230 crederent,
911 1198 957 1232 qui
975 1204 1019 1224 es-

233 1249 293 1272 sent
307 1244 437 1278 spiritalis
454 1246 575 1276 naturae:
596 1244 711 1277 servari,
729 1244 773 1278 qui
790 1248 921 1278 terrenae;
935 1249 962 1271 et
977 1244 1020 1271 in-

233 1295 274 1317 ter
303 1290 351 1317 hos
368 1289 503 1316 diabolum
529 1294 682 1322 censerent,
708 1289 819 1324 angelos
844 1289 913 1316 inter
936 1289 1017 1316 illos:

232 1335 361 1369 Origenes
377 1336 403 1362 in
421 1336 525 1362 diversa
544 1336 640 1363 abiens
657 1335 810 1370 cespitavit,
828 1342 953 1362 asserens
968 1342 1018 1362 an-

232 1380 305 1416 gelos
322 1381 444 1408 damnari
469 1388 557 1416 posse.
585 1385 612 1408 et
628 1380 733 1415 aliquos
751 1381 843 1415 reipsa
854 1381 1017 1415 quandoque

231 1427 351 1453 damnari
364 1435 371 1458 ;
393 1426 530 1453 diabolum
546 1425 649 1454 servari
664 1433 755 1461 posse,
772 1430 800 1453 et
815 1432 1017 1461 revera_serva-

230 1477 287 1499 tum
303 1472 447 1506 aliquando
461 1472 506 1499 iri.

1086 241 1141 267 xtv,
1156 234 1202 266 20,
1221 244 1229 259 ι
1244 234 1292 262 Ubi
1304 242 1368 263 sunt
1385 245 1451 272 ergo
1466 239 1512 272 qui
1524 239 1589 266 dant
1614 241 1725 270 diabolo
1741 244 1863 277 pteuilcn-

1085 280 1159 311 tiam,
1173 284 1201 306 et
1218 281 1313 308 dicunt
1328 282 1402 309 illum
1426 291 1506 318 posse
1527 287 1671 315 mundari?
1683 298 1692 314 ι
1719 294 1747 316 cl
1765 290 1809 317 lib.
1823 299 1863 318 vtu

1083 325 1110 352 in
1127 324 1208 352 Isaia:
1235 333 1294 360 cap.
1311 334 1394 361 xxvu,
1408 336 1479 356 vers.
1493 330 1520 362 i‘,
1538 340 1548 356 ι
1562 331 1613 364 Qui
1630 333 1726 361 dicunt
1738 336 1864 363 diabolum

1082 375 1207 397 acturum
1238 372 1438 405 paenitentiam,
1470 379 1498 401 et
1519 377 1625 403 veniam
1653 385 1859 407 consecuturum

1082 414 1292 450 interpretentur
1311 417 1390 444 nobis
1402 419 1538 452 quomodo
1554 420 1606 448 hoc
1623 423 1772 457 accipiant,
1798 426 1864 459 quod

1081 461 1212 495 scriptum
1234 467 1277 488 est
1301 462 1358 489 :Et
1382 463 1525 491 iuterticiet
1549 466 1694 494 draconem
1712 468 1759 502 qui
1779 474 1818 496 est
1840 470 1863 496 in

1081 506 1149 533 mari
1163 514 1170 537 ;
1182 516 1191 532 ι
1214 511 1242 533 et
1253 507 1300 534 lib.
1317 515 1326 534 ι
1347 508 1373 534 in
1391 508 1457 535 Dan.
1475 517 1515 541 ιιι,
1529 510 1563 538 96
1576 519 1583 537 :
1595 521 1604 536 ι
1619 511 1735 545 Quidam
1756 515 1864 548 pessime

1080 552 1112 578 ad
1136 552 1271 580 diabolum
1293 553 1423 587 referunt,
1448 555 1520 589 quod
1538 557 1564 582 in
1586 560 1818 588 consummatione
1839 567 1863 589 ct

1079 596 1132 624 line
1147 598 1238 624 mundi
1251 598 1333 625 etiam
1348 599 1405 634 ipse
1419 600 1531 635 recipiat
1545 602 1667 629 notitiam
1684 603 1744 636 Dei,
1765 609 1793 632 et
1811 614 1862 633 om-

1078 650 1126 670 nes
1140 643 1172 670 ad
1187 644 1372 678 paenitentiam
1384 645 1553 674 cohortetur.
1569 657 1578 673 I
1605 648 1748 678 Acerrime
1760 658 1822 679 vero
1838 654 1863 680 is

1076 687 1152 715 Jomr
1166 696 1205 720 ιιι,
1221 689 1249 721 6,
1270 690 1402 718 adversus
1430 690 1581 718 doctrinam
1606 692 1676 721 hanc
1706 694 1860 724 invehitur:

1079 733 1238 768 «Alioquin,
1262 735 1361 769 inquit,
1378 736 1401 763 si
1426 743 1520 763 omnes
1543 737 1719 767 rationabiles
1735 746 1862 769 creaturae

1075 779 1194 813 mquales
1218 784 1291 812 sunt,
1316 785 1343 808 et
1370 781 1410 808 vel
1429 788 1463 808 ex
1487 782 1643 816 virtutibus,
1662 785 1704 812 vel
1728 793 1763 813 ex
1794 787 1861 814 vitiis

1077 829 1172 859 sponte
1188 826 1296 860 propria
1320 830 1368 853 aut
1397 833 1503 854 sursum
1522 828 1674 862 eriguntur,
1699 835 1745 857 aut
1770 831 1797 858 in
1813 832 1862 859 ima

1078 873 1249 904 merguntur,
1270 874 1294 896 ct
1314 870 1395 905 longo
1417 875 1477 905 post
1501 872 1615 899 circuitu
1647 878 1728 909 atque
1751 875 1861 904 inﬁnitis

1078 914 1193 947 sacculis,
1210 916 1330 941 omnium
1355 923 1445 942 rermn
1473 916 1607 944 restitutio
1627 917 1685 950 ﬁct,
1708 924 1736 946 et
1754 928 1808 947 una
1822 921 1860 948 di-

1076 960 1166 994 gnitas
1182 960 1378 993 militantium;
1401 969 1461 996 quae
1473 961 1600 989 distantia
1620 965 1671 991 erit
1693 965 1767 993 inter
1784 967 1861 1001 virgi-

1077 1013 1137 1032 nem
1154 1011 1179 1032 et
1201 1007 1377 1039 prostibulum
1389 1007 1401 1034 ἱ)
1412 1015 1471 1041 qua:
1488 1008 1639 1037 diﬂerentia
1650 1011 1700 1037 erit
1718 1012 1792 1039 inter
1807 1013 1860 1039 Ma-

1075 1056 1143 1078 trem
1159 1052 1275 1084 Domini,
1293 1057 1319 1079 et
1333 1053 1415 1087 (quod
1431 1054 1502 1082 dictu
1521 1061 1627 1091 quoque
1645 1057 1734 1084 scelus
1757 1059 1810 1093 est)
1826 1060 1861 1086 vi-

1073 1097 1170 1124 ctimas
1186 1097 1325 1124 libidinum
1338 1099 1525 1133 publicarum?
1544 1101 1651 1128 idemne
1673 1103 1727 1129 erit
1739 1102 1859 1136 Gabriel,

1072 1147 1100 1169 et
1112 1143 1254 1171 diabolus?
1274 1144 1379 1171 idemne
1391 1146 1513 1179 apostoli,
1538 1151 1565 1174 ct
1579 1147 1738 1174 dzemones?
1753 1148 1861 1177 idemne

1072 1189 1219 1222 prophetae,
1239 1193 1267 1216 et
1288 1190 1546 1226 pseudoprophetaa?
1571 1192 1642 1220 idem
1661 1198 1810 1229 martyres,
1834 1201 1860 1223 et

1071 1234 1282 1268 persecutores?
1305 1234 1390 1271 Finge
1411 1237 1549 1271 qualibet,
1575 1246 1660 1266 annos
1689 1243 1716 1267 et
1738 1245 1858 1276 tempora

1069 1278 1185 1314 duplica,
1202 1286 1230 1307 et
1253 1280 1372 1308 inﬁnitas
1387 1287 1479 1310 :etates
1497 1291 1613 1318 congere
1633 1284 1821 1319 cruciatibus;
1837 1287 1859 1314 si

1070 1324 1131 1352 ﬁnis
1144 1326 1263 1352 omnium
1283 1326 1380 1354 similis
1399 1332 1450 1360 est,
1468 1329 1631 1363 pratteritum
1648 1337 1730 1358 omne
1754 1338 1806 1366 pro
1818 1333 1857 1359 ni-

1068 1369 1123 1397 hilo
1133 1375 1182 1404 est,
1200 1371 1262 1403 quia
1288 1379 1340 1399 non
1358 1373 1505 1407 quarrimus
1522 1374 1593 1408 quod
1610 1374 1758 1409 aliquando
1777 1376 1858 1404 fueri-

1068 1423 1138 1449 mus,
1161 1417 1207 1444 scd
1223 1417 1286 1451 quid
1307 1425 1416 1452 semper
1430 1420 1512 1446 futuri
1531 1427 1634 1448 sumus.
1647 1429 1657 1447 ι
1681 1421 1751 1449 Aliis
1766 1421 1857 1456 hujus-

1067 1462 1138 1489 modi
1154 1462 1290 1498 plerisque
1304 1463 1454 1492 referendis
1475 1466 1646 1500 supersedeo.
1665 1466 1752 1494 Miror
1766 1468 1858 1504 itaque

266 1517 336 1545 XXI.
352 1517 462 1544 Minime
474 1525 539 1553 ergo
550 1518 648 1545 mirum
667 1522 707 1546 est
721 1517 849 1550 Platonis,
860 1517 1013 1546 Platonico-

1075 1507 1130 1542 ]uid
1146 1508 1172 1535 in
1188 1513 1305 1536 mentem
1321 1510 1424 1537 venerit
1440 1509 1570 1543 Halloxio,
1586 1519 1635 1539 cur
1647 1518 1761 1547 negaret
1774 1513 1822 1541 lib.
1832 1521 1856 1540 tv

229 1572 343 1598 rumque
365 1565 466 1591 dictata
488 1565 641 1592 audientem
666 1564 870 1598 Adamanlinm,
888 1569 916 1592 et
935 1564 1015 1592 Cbri-

228 1610 323 1638 stianis
334 1610 427 1636 cadem
449 1617 501 1636 non
516 1610 582 1637 satis
599 1614 678 1637 caule
697 1615 904 1645 proponentetn,
922 1610 1014 1644 explo-

227 1663 287 1682 sum
304 1663 318 1682 a
336 1655 464 1683 Patribns
485 1663 517 1683 ac
532 1656 661 1690 relectum
685 1656 776 1683 fuisse.
796 1655 925 1682 Fuluram
939 1656 1012 1682 illam

226 1700 325 1727 diaboli
340 1701 544 1728 conversionem
560 1707 588 1728 et
609 1700 723 1728 salutem
736 1708 828 1728 amare
840 1701 902 1728 huic
916 1708 1013 1736 expro-

225 1746 286 1774 brat
299 1747 464 1780 Epipbanins
481 1747 507 1774 in
529 1747 606 1781 epist.
621 1747 653 1774 ad
666 1746 743 1773 Joau.
757 1746 891 1779 Jerosol.,
907 1754 966 1782 cap.
982 1747 1010 1779 '6,

224 1793 293 1819 etin
321 1793 429 1828 synopsi
448 1793 512 1820 tomi
527 1793 536 1819 l
561 1792 682 1825 I'anarii,
707 1792 753 1819 lib.
769 1800 799 1826 ιι,
821 1799 879 1827 cap.
897 1792 940 1821 18.
957 1792 1011 1819 Ex-

224 1838 336 1872 prohrat
352 1843 379 1865 et
392 1838 556 1873 Theophilus
566 1837 692 1866 Paschal.
708 1845 727 1865 ιι
744 1838 786 1865 his
802 1838 892 1865 verbis
907 1846 915 1865 :
935 1848 944 1864 ι
959 1838 1011 1865 Ta—

224 1882 258 1909 lis
270 1887 362 1917 pastor
375 1883 464 1918 gregis
489 1883 603 1910 morbidi
619 1882 755 1910 Christum
774 1883 873 1918 ubique
886 1883 1011 1918 suggillat

184 1948 188 1951 .
223 1927 340 1962 iniuriis,
360 1932 388 1955 et
408 1928 541 1955 diabolum
558 1928 660 1955 honore
694 1927 821 1959 sustollit.
850 1929 913 1956 dum
935 1929 1008 1956 illum

223 1973 318 2000 asserit
332 1977 474 2008 purgatum
487 1973 560 2000 vitiis
571 1978 650 2007 atque
665 1973 785 2008 peccatis
800 1973 943 2008 pristinam
960 1974 1009 2001 ali-
1027 1997 1030 2000 ί

222 2019 329 2052 quando
344 2018 455 2052 gloriam
471 2023 650 2053 recepturum,
672 2023 700 2046 et
715 2019 788 2046 lmnc
801 2027 915 2054 regnare
933 2019 1007 2047 desi-

220 2070 302 2096 stere,
319 2065 451 2099 simulque
462 2072 523 2092 cum
540 2064 645 2092 diabolo
660 2065 709 2092 sub
725 2065 816 2093 Patris
832 2065 945 2099 imperio
961 2073 1006 2093 re-

220 2110 375 2145 digendum.
388 2120 397 2136 ι
410 2110 586 2145 Hieronymus
601 2111 680 2145 epist.
693 2110 740 2149 59,
754 2111 787 2137 ad
803 2111 888 2143 Avit..
901 2119 961 2146 cap.
978 2113 1004 2144 l,

220 2157 320 2184 dixisse
342 2164 403 2184 eum
423 2156 556 2191 queritur,
584 2163 711 2183 «omnem
729 2161 881 2184 creaturam
908 2164 1004 2185 secun-

219 2203 281 2230 dum
296 2202 464 2238 Apostolum,
478 2203 589 2229 vanitati
603 2210 663 2230 esse
677 2201 837 2236 subiectam,
852 2207 879 2230 ct
893 2203 1003 2231 liberari

219 2251 244 2277 in
263 2249 452 2277 revelationem
472 2250 586 2277 ﬁliorum
600 2249 659 2282 Dei,
675 2259 684 2275 ι
703 2254 731 2277 ct
750 2250 776 2277 in
799 2251 878 2284 epist.
895 2249 940 2283 61,
970 2251 1004 2278 ad

217 2295 386 2328 Pammacb.,
414 2303 472 2330 cap.
484 2296 511 2328 3,
530 2297 622 2331 «quod
647 2296 720 2323 dicat
743 2301 770 2323 et
798 2295 950 2328 diabolum,
976 2301 1004 2324 et

216 2343 350 2369 dxcmoncs
375 2347 483 2369 acturos
507 2341 690 2376 pmnitentiam
715 2341 870 2376 aliquando,
888 2345 916 2369 et
941 2349 1001 2368 cum

215 2388 316 2415 sanctis
329 2387 423 2414 ultimo
437 2391 557 2421 tempore
571 2391 746 2422 regnaturos;
760 2396 769 2412 ι
788 2387 858 2421 quod
873 2391 900 2414 et
915 2386 1001 2415 fusius

214 2433 330 2468 explicat
344 2440 403 2467 cap.
416 2432 433 2460 5
445 2438 472 2460 et
492 2433 518 2459 in
541 2433 622 2466 epist.
637 2432 682 2465 65,
703 2433 736 2459 ad
749 2432 909 2459 Pammach.
923 2437 951 2460 et
963 2432 1001 2460 0-

212 2484 302 2509 cean.,
324 2484 382 2512 cap.
394 2477 421 2509 2,
437 2477 553 2504 sensisse
575 2476 647 2503 illum
663 2477 701 2504 ait
717 2484 724 2504 :
741 2486 750 2503 ι
764 2477 830 2504 Post
844 2477 928 2504 multa
948 2484 1000 2504 sa:-

213 2523 283 2556 cula,
313 2519 393 2558 atqu‘e
414 2515 494 2550 uuam
511 2523 631 2550 omnium
647 2523 858 2554 restitutionem,
883 2523 998 2558 idipsum

212 2568 270 2596 fore
284 2568 447 2600 Gabrielem,
459 2568 530 2603 quod
544 2567 698 2600 diabolum;
711 2567 838 2599 Paulum,
850 2568 920 2602 quod
938 2568 999 2595 Cai-

211 2615 310 2650 pham;
326 2614 539 2649 virgines,quod
553 2613 714 2648 prostibulas
727 2621 735 2646 ;
748 2623 757 2639 ι
773 2618 801 2640 et
817 2613 843 2640 in
859 2613 936 2648 epist.
951 2613 995 2646 75,

210 2662 243 2688 ad
263 2661 449 2697 Vigilantium,
462 2660 556 2687 scribit
573 2659 680 2686 veniam
694 2663 758 2686 tunc
769 2659 924 2687 hominibus
935 2667 995 2686 con-

210 2706 360 2734 donandam
383 2706 551 2734 existimasse
574 2705 729 2741 Origenem,
754 2706 864 2740 quando
888 2706 994 2734 diabolo

209 2751 406 2778 condonabitur
421 2759 429 2780 :
444 2755 472 2778 et
493 2751 540 2778 lib.
555 2758 563 2777 ι
583 2751 686 2787 advers.
706 2749 874 2784 Pelagianos,
891 2757 951 2784 cap.
964 2750 991 2782 9,

213 2794 266 2820 «Si
294 2800 393 2828 autem,
422 2795 518 2829 inquit,
540 2794 670 2828 Origenes
699 2801 794 2821 omnes
819 2795 991 2822 rationabiles

210 2845 350 2868 creaturas
362 2841 428 2868 dicit
444 2848 497 2868 non
519 2847 578 2868 esse
594 2839 755 2874 perdendas,
773 2844 798 2867 et
819 2841 926 2868 diabolo
942 2840 989 2867 tri-

1067 1553 1173 1589 Origen.
1204 1555 1317 1588 derum,
1336 1559 1430 1590 qumst.
1451 1555 1478 1589 5,
1500 1557 1689 1591 Epiphanium,
1717 1557 1857 1594 Theophi-

1065 1600 1131 1633 lum,
1145 1605 1171 1628 et
1186 1600 1377 1636 Hieronymum
1391 1602 1535 1637 quidquam
1552 1603 1585 1630 de
1597 1610 1629 1630 ea
1643 1611 1672 1630 re
1686 1604 1866 1639 prodidisse.

1063 1646 1130 1674 Cum
1143 1651 1240 1674 cratera
1254 1652 1343 1674 autem
1354 1647 1478 1682 Origcnis
1489 1655 1641 1676 commenta
1651 1649 1763 1677 defendi
1779 1658 1857 1685 posse

1063 1691 1136 1719 dicat
1165 1692 1333 1728 Augustinus
1359 1694 1426 1721 inter.
1455 1702 1532 1726 mn,
1562 1696 1594 1722 ad
1620 1695 1854 1729 Quodvultdeum,

1063 1738 1133 1765 istud
1158 1738 1258 1766 frustra
1280 1740 1314 1767 ab
1341 1739 1399 1774 ejus
1422 1741 1608 1768 defensoribus
1629 1742 1757 1769 excusari
1784 1742 1855 1770 fate-

1063 1787 1107 1810 tur
1124 1791 1131 1810 :
1146 1793 1155 1809 ι
1172 1784 1237 1817 Quis
1248 1785 1319 1812 enim
1331 1784 1486 1813 Catholicus
1496 1786 1668 1813 Christianus
1681 1787 1780 1820 (verba
1792 1793 1858 1815 sunt

1061 1829 1214 1864 Augustini)
1228 1829 1271 1857 vel
1285 1829 1390 1862 doctus,
1405 1830 1446 1857 vel
1460 1831 1583 1858 indoctus
1597 1838 1650 1858 non
1672 1831 1856 1859 vehementer

1060 1874 1204 1902 exhorreat
1216 1883 1275 1902 eam
1285 1884 1366 1910 quam
1381 1875 1447 1903 dicit
1457 1877 1642 1911 purgationem
1656 1877 1796 1905 malorum
1807 1898 1815 1910 ,
1829 1879 1855 1906 id

1059 1924 1110 1953 est,
1120 1921 1199 1948 etiam
1206 1928 1254 1948 eos
1261 1922 1306 1957 qui
1314 1922 1383 1949 hanc
1392 1922 1473 1949 vitam
1482 1922 1507 1949 in
1516 1922 1624 1958 flagitiis
1635 1927 1661 1949 et
1671 1922 1855 1955 facinoribus,

1059 1969 1086 1992 et
1101 1965 1261 2000 sacrilegiis,
1274 1971 1355 2001 atque
1371 1967 1553 2001 impietatibus
1563 1967 1712 2002 quamlibet
1723 1969 1855 1997 maximis

1059 2011 1185 2038 finierunt
1204 2021 1211 2039 :
1228 2012 1316 2046 ipsum
1337 2012 1418 2040 etiam
1445 2017 1582 2046 postremo
1607 2012 1745 2039 diabolum
1769 2018 1854 2049 atque

1057 2057 1167 2092 angelos
1179 2058 1247 2092 ejus,
1263 2058 1388 2092 quamvis
1401 2063 1460 2093 post
1473 2058 1628 2093 longissima
1646 2063 1772 2094 tempora
1786 2067 1853 2095 pur-

1056 2106 1133 2136 gatos
1147 2107 1228 2137 atque
1242 2103 1369 2130 liberatos
1380 2123 1388 2136 ,
1406 2111 1487 2138 regno
1503 2103 1567 2137 Dei,
1590 2104 1698 2138 lucique
1720 2105 1852 2138 restitui;

1057 2151 1084 2174 et
1104 2155 1198 2174 rursus
1220 2152 1280 2182 post
1306 2147 1462 2183 longissima
1487 2153 1607 2183 tempora
1630 2157 1727 2177 omnes
1741 2150 1791 2184 qui
1823 2151 1853 2178 li-

1019 2191 1140 2224 Dbcrati
1170 2197 1242 2225 sunt,
1271 2193 1304 2220 ad
1335 2193 1393 2221 haec
1422 2193 1491 2220 mala
1515 2195 1601 2221 denuo
1630 2194 1726 2226 relabi,
1750 2200 1780 2222 et
1804 2203 1851 2222 re—

1055 2238 1141 2270 verti,
1161 2242 1189 2266 et
1220 2239 1269 2266 bas
1295 2238 1367 2266 vices
1401 2238 1566 2266 alternantes
1589 2238 1790 2266 beatitudinum
1824 2245 1852 2267 et

1056 2285 1225 2312 miseriarum
1257 2285 1431 2312 rationabiles
1459 2290 1594 2312 creatura:
1618 2292 1727 2319 semper
1750 2284 1852 2319 fuisse,

1055 2338 1161 2366 semper
1175 2331 1251 2359 fore?
1267 2331 1303 2358 De
1315 2339 1367 2366 qua
1387 2331 1532 2358 vanissima
1557 2331 1694 2366 impietate
1712 2332 1852 2359 adversus

1056 2377 1238 2412 philosophos,
1255 2385 1270 2404 ει
1286 2378 1384 2412 quibus
1401 2378 1452 2404 ista
1464 2377 1557 2404 didicit
1576 2377 1707 2412 Origenes
1724 2378 1752 2405 in
1776 2378 1851 2406 lihro

1055 2424 1094 2452 De
1116 2425 1220 2451 civitate
1248 2424 1296 2451 Dei
1321 2423 1524 2459 diligentissime
1547 2423 1695 2458 disputavi;
1722 2432 1732 2449 ι
1763 2423 1849 2456 libro,

1054 2471 1160 2506 opinor,
1185 2469 1312 2503 secundo,
1342 2476 1400 2503 cap.
1420 2469 1454 2496 17
1474 2469 1559 2500 et23,
1582 2469 1626 2496 ubi
1648 2468 1746 2504 dogma
1774 2469 1849 2497 idem

1054 2516 1168 2548 excutit,
1183 2521 1210 2543 et
1221 2516 1279 2549 ejus
1295 2522 1375 2542 causa
1396 2514 1494 2542 merito
1512 2514 1684 2549 rcprobatum
1694 2515 1730 2542 ab
1744 2514 1849 2542 Eccle-

1051 2562 1089 2589 sia
1105 2562 1248 2596 Origenem
1273 2559 1356 2587 fuisse
1381 2563 1496 2592 narrat;
1519 2563 1550 2586 ut
1569 2563 1596 2586 et
1620 2558 1689 2586 libro
1706 2558 1745 2586 De
1763 2560 1848 2593 gestis

1049 2607 1162 2642 Pelagii,
1176 2614 1237 2641 cap.
1253 2606 1281 2633 3.
1302 2606 1350 2632 Adi
1365 2609 1392 2632 et
1406 2605 1502 2632 librum
1521 2605 1605 2639 ipsius
1620 2608 1712 2631 contra
1730 2604 1847 2632 Priscil-

1047 2653 1168 2679 Iianistas
1190 2658 1213 2679 et
1235 2652 1411 2687 Origenistas,
1435 2659 1494 2686 Cap.
1513 2651 1530 2678 5
1544 2655 1570 2678 et
1585 2650 1612 2683 6,
1635 2655 1664 2680 et
1686 2650 1760 2678 libro
1780 2650 1847 2678 huic

1046 2699 1184 2734 praeﬁxum
1206 2698 1295 2726 Orosii
1316 2696 1554 2725 Commonitorium
1583 2696 1616 2722 ad
1642 2695 1844 2729 Augustinum.

1046 2745 1177 2779 Suggillat
1197 2745 1321 2772 eumdem
1341 2744 1397 2778 ipsa
1423 2744 1474 2770 hac
1489 2743 1521 2769 de
1541 2749 1622 2769 causa
1652 2747 1751 2768 auctor
1778 2741 1845 2768 libri

1044 2793 1082 2819 De
1099 2792 1229 2818 communi
1242 2791 1369 2824 essentia,
1386 2789 1432 2817 lih.
1444 2798 1485 2821 ιιι,
1503 2796 1562 2824 cap.
1576 2789 1603 2820 6,
1618 2793 1646 2815 et
1663 2793 1762 2815 auctor
1776 2789 1838 2815 Dia-

1043 2838 1160 2873 logorum
1184 2837 1229 2871 qui
1257 2836 1375 2864 Ctesario
1404 2835 1526 2871 Gregorii
1563 2833 1727 2862 Naziauzeni
1757 2834 1840 2861 fratri
