1912 3079
77 128 149 157 {055

485 127 771 159 ORIGENIANORUM
791 129 854 157 LlB.
874 128 904 161 ll,
923 128 998 157 CAP.
1019 128 1051 159 ll,
1072 127 1209 162 QUAEST.
1232 127 1280 156 XI.

1626 127 1693 155 l05l

75 186 252 222 assignantur
265 185 333 223 (5i),
347 187 470 222 quamvis
482 187 601 221 Maximi,
618 188 661 222 qui
679 187 795 216 Caesario
818 196 862 215 re-
877 192 900 219 Α
914 187 1067 223 stinguatur
1076 187 1183 222 quidem
1196 186 1279 221 ignis,
1302 185 1427 214 sordibus
1445 185 1610 221 absumptis;
1633 193 1695 214 ver-

75 232 187 260 centior
202 231 267 265 fuit,
288 231 465 267 fragmentum
482 233 635 261 exhibeant.
658 232 729 261 Inter
747 233 860 261 anathe-

74 278 221 306 matismos
232 277 379 306 Iustiniani
392 278 512 313 epistola:
532 279 565 306 ad
584 278 688 306 Menam
711 279 859 312 subnexos,

73 329 230 360 postremus
245 324 289 352 ille
299 329 341 352 est
358 333 366 352 :
385 325 419 351 Εἴ
431 333 472 357 τις
492 325 565 360 λέγει
581 325 597 362 ἢ
619 326 675 362 ἔχει
697 326 861 363 πρόσκαιρον

71 365 147 394 εἶναι
161 366 211 403 τ’ὴν
224 367 279 395 τῶν
291 368 424 403 δαιμόνων
437 369 484 395 καὶ
495 369 599 397 ἀσεϐῶν
617 370 767 407 ἀνθρώπων
783 371 862 398 κόλα-

71 422 129 446 σιν,
145 413 191 440 καὶ
206 413 282 445 τέλος
293 414 365 441 κατά
377 422 438 441 τινα
454 415 548 451 χρόνον
560 416 644 452 αὐτὴν
662 416 732 450 ἕξειν
742 436 749 449 ,
778 416 861 451 ὴγοῦν

71 459 297 487 ἀποκατάστασιν
311 461 436 495 γενέσθαι
452 461 595 497 δαιμόνων,
610 462 625 498 ῆ
637 463 742 489 ἀσεϐῶν
757 463 862 499 ἀνθρώ-

70 513 147 537 πων,
163 505 286 540 ἀνάθεμα
304 505 384 533 ἔστω.
405 515 414 532 ι
432 506 460 534 Si
477 507 537 542 quis
550 508 614 535 dicit
632 513 678 536 aut
696 509 778 536 sentit
795 515 862 536 tern-

70 552 211 586 porariam
232 559 292 579 esse
312 553 463 581 daemonum
489 554 532 581 vel
555 555 698 590 impiorum
722 556 860 584 hominum

70 597 256 632 punitionetn,
277 598 412 634 ﬁnemque
435 599 525 634 aliquo
544 606 664 635 tempore
689 602 758 630 hanc
787 602 863 630 habi—

71 648 184 677 turam,
202 645 329 671 nimirum
346 645 542 673 restitutionem
563 646 681 674 futuram
699 647 859 679 daemonum,

69 689 116 716 νυΙ
134 689 278 723 impiorum
292 689 444 723 humiuum,
458 691 601 719 anathema
623 693 667 720 sit.
689 702 699 719 ι
718 692 751 719 Et
767 694 792 720 in
812 693 863 721 hac

70 734 133 769 ipsa
151 742 258 769 quoque
272 735 396 770 epistola,
414 738 639 771 quemadmodum
655 743 682 765 et
696 738 721 765 in
734 738 817 765 altera
829 738 863 765 ad

69 781 207 815 synodum
236 781 371 815 quintam,
389 783 513 809 eumdem
531 790 654 810 errorem
680 788 773 816 notat,
788 788 815 810 et
829 783 863 810 ad

70 827 180 854 calcem
194 827 251 854 loca
266 827 394 854 nonnulla
406 826 533 863 Origenis
547 835 580 855 eo
598 828 760 862 pertinentia
779 829 862 856 addu-

914 233 966 259 mis
979 236 1069 259 autem
1081 233 1141 259 sine
1157 231 1210 258 line
1221 230 1402 266 permaneat?
1417 230 1480 264 quid
1499 230 1614 265 denique
1622 231 1695 258 Gen-

913 278 1022 306 nadium
1031 277 1069 304 De
1079 277 1277 312 dogmat.,cap.
1291 276 1322 309 9;
1340 275 1481 303 Leontium
1494 276 1552 303 Act.
1563 284 1597 310 x;
1612 275 1697 304 Joan-

914 332 974 352 nem
983 323 1189 356 Scholasticum,
1199 326 1375 356 cognomento
1382 321 1541 354 Climacum,
1550 322 1621 348 Scal.
1635 329 1695 356 par.

913 377 973 406 cap.
987 370 1017 403 5;
1036 376 1199 405 auonymum
1211 367 1297 395 Photii
1314 368 1375 396 cod.
1392 375 1476 400 cxvn,
1496 367 1574 396 toties
1593 367 1649 402 jam
1668 368 1696 395 in

913 422 1006 451 partes
1033 421 1174 449 vocatum;
1198 414 1378 449 Sopltronium
1397 415 1424 442 in
1447 414 1528 449 epist.
1548 414 1581 441 ad
1605 413 1696 449 δεῖς..

913 466 967 490 act.
995 463 1023 489 li
1056 469 1116 496 syn.
1138 468 1180 494 vt;
1208 459 1439 494 Theophylactum
1459 461 1487 486 in
1510 459 1604 486 Matth.
1622 466 1653 486 ιιι
1670 462 1698 487 et

915 515 977 541 xxv,
993 512 1020 534 et
1030 506 1117 533 Marc.
1132 513 1196 538 Vlll',
1213 504 1392 538 Freculphum
1405 503 1610 536 Lexoviensem,
1625 504 1699 530 Ana-

915 553 1028 580 stasium
1047 551 1287 579 Bibliothecarium
1303 549 1389 582 Hist.,
1404 557 1469 577 ann.
1495 549 1587 576 mundi
1608 549 1698 582 5715;

914 598 1064 626 Cedrenum
1078 598 1104 624 in
1118 597 1209 631 Comp.
1224 597 1305 629 him;
1319 595 1452 622 Zonaram
1466 595 1512 623 lib.
1528 603 1547 621 ιι
1560 603 1567 627 ;
1588 594 1698 629 Glycam

914 644 983 670 Ann.
999 648 1069 677 part.
1082 650 1113 669 ιιι
1128 647 1155 670 et
1174 650 1216 674 tv;
1233 641 1444 669 Constantinum
1470 639 1698 674 Hartnenopulum

914 690 952 717 De
968 690 1064 720 sectis;
1081 688 1261 723 Nicephorum
1286 688 1332 715 lib.
1349 695 1418 719 xvn,
1436 693 1496 721 cap.
1511 685 1563 718 Τίς
1587 684 1701 712 Vincen-

916 729 980 763 tium
992 735 1208 763 Bellovacensem
1224 733 1299 769 Spec.
1313 735 1398 760 doctr.
1414 732 1463 760 lib.
1478 739 1544 759 xvnt
1556 751 1563 764 ,
1577 738 1638 766 cap.
1654 729 1700 763 45.

915 794 942 816 et
954 788 1105 816 Guidonem
1122 786 1297 814 Carmelitam
1321 786 1348 813 in
1366 784 1431 813 Ιιωτ.
1451 784 1558 820 Origen.
1577 783 1701 811 eamdem

917 836 1041 863 haeresim
1057 835 1238 862 insectantes?

72 871 122 899 cit.
137 871 206 905 Quin
219 872 301 900 etiam
318 874 435 908 synodus
456 874 552 908 quinta
565 874 644 902 .hanc
669 874 792 902 haeresim
818 875 864 902 de-

952 882 1032 910 XXll.
1059 881 1105 909 llis
1132 881 1323 916 przetermissis
1351 881 1378 908 in
1404 881 1509 908 Joanne
1535 880 1702 906 Damasceno

72 923 153 945 creto
175 918 376 953 suojugulavil,
398 919 421 946 si
446 919 511 954 quid
530 919 665 952 Cedreno,
679 925 705 947 et
722 920 817 953 Photio
835 921 861 948 in

73 963 167 992 libello
183 964 221 991 De
235 965 351 1000 synodis,
364 969 391 993 et
405 973 540 1001 anonymo
556 966 660 993 auctori
673 966 733 993 libri
752 966 790 993 De
801 975 863 993 con-

73 1010 149 1037 ciliis
160 1012 336 1044 wcumenicis,
349 1017 377 1039 et
390 1011 542 1047 Nicepltoro
565 1012 713 1040 credimus.
738 1012 806 1046 Quid
817 1021 864 1048 ap-

73 1055 173 1090 pellem
197 1057 356 1093 Gregorium
385 1057 517 1094 Magnum,
536 1059 582 1094 qui
596 1058 641 1085 lib.
665 1066 747 1086 xxxtv
765 1058 862 1086 Μοναί-

74 1108 138 1136 cap.
156 1101 201 1134 19,
227 1108 252 1130 et
268 1102 315 1130 lib.
335 1111 365 1130 ιιι
389 1103 508 1138 Emposit.
532 1105 559 1131 in
580 1103 596 1130 I
611 1104 673 1140 Reg.
694 1113 752 1139 cap.
768 1113 798 1138 tt,
814 1105 865 1133 hoc

74 1145 295 1181 Origenistarum
317 1148 523 1176 deliramentnm
546 1149 651 1184 prolixe
674 1150 780 1184 arguit?
800 1151 865 1186 quid

75 1192 236 1225 Maximum,
257 1194 301 1228 qui
330 1195 358 1222 in
386 1195 497 1222 scholiis
516 1195 549 1222 ad
569 1195 690 1230 Dionysii
712 1196 812 1223 librum
827 1196 864 1224 De

76 1238 176 1265 ειείεδιὶ
205 1240 354 1272 Ιιὶενοτι’1ι,,
379 1247 440 1275 cap.
465 1241 491 1273 6,
522 1241 604 1268 verba
632 1242 689 1268 haec
703 1240 828 1275 Origenis
850 1249 866 1269 e

79 1284 129 1311 lib.
148 1292 156 1311 l
172 1284 241 1319 Περὶ
251 1285 352 1320 ἀρχῶν
365 1286 460 1314 recitat
476 1296 482 1314 :
499 1286 576 1313 Μετὰ
590 1287 619 1314 δὲ
633 1287 664 1314 τὸ
681 1287 727 1314 ἐπὶ
740 1288 807 1314 πᾶσι
821 1287 866 1314 τέ-

75 1330 122 1362 λος
134 1331 216 1358 πάλιν
227 1331 392 1368 ἀπύρῥευσις
401 1332 447 1359 καὶ
464 1333 639 1365 κατάπτωσις
663 1333 766 1368 γίνεται
778 1343 785 1367 ;
802 1334 866 1368 quid

75 1375 272 1412 Theophanem
282 1378 450 1411 Cerameum,
466 1380 511 1414 qui
527 1379 619 1406 homil.
634 1379 725 1414 ‘2,h:ec
739 1381 864 1407 disserit:

76 1422 116 1449 Τὸ
127 1422 229 1458 μέντοι,
243 1423 296 1455 ἕως
308 1424 399 1460 ἀποδῷ
413 1426 466 1452 πᾶν
479 1425 509 1452 τὸ
527 1425 700 1461 ὀφειλόμενον
712 1446 719 1458 ,
735 1426 765 1451 οὐ
778 1434 867 1461 χρονι-

76 1468 130 1505 κὴν
155 1470 292 1505 σημασίαν
312 1471 395 1506 δηλοῖ,
419 1471 489 1498 κατὰ
508 1472 558 1507 τὴν
579 1471 685 1507 μυθώδη
714 1472 866 1508 Ὠριγένους

76 1515 309 1549 ἀποκατάστασιν,
329 1516 397 1543 ἀλλὰ
417 1517 449 1543 τὸ
471 1517 596 1552 ἀόριστον
618 1518 665 1544 καὶ
691 1517 866 1552 ἀτελεύτητον

77 1562 131 1597 τῆς
151 1561 288 1594 κολάσεως
304 1568 314 1577 ·
341 1571 350 1588 ι
373 1562 429 1590 Hoc
450 1567 524 1591 certe
551 1572 558 1590 :
586 1564 675 1591 Donec
704 1564 866 1598 persolverit

77 1614 163 1635 omne
184 1607 321 1640 debitum,
341 1615 395 1635 non
422 1608 614 1644 temporarium
636 1609 700 1644 quid
722 1610 866 1645 signiﬁcat,

76 1652 157 1687 juxta
175 1652 325 1681 fabulosam
342 1653 467 1689 Origenis
483 1654 695 1688 restitutionem,
711 1656 757 1683 sed
771 1662 867 1691 pmnas

78 1699 136 1727 line
152 1699 293 1727 carentes?
312 1709 322 1725 ›
338 1700 402 1734 quid
419 1699 519 1728 Bedam
534 1701 580 1736 qui
594 1701 642 1729 lib.
659 1708 666 1728 ι
687 1701 867 1736 Εσροιὶιὲοιιίε

80 1746 108 1772 in
124 1745 264 1779 Proverb.,
283 1753 342 1781 quze
356 1746 518 1782 Hieronymo
532 1746 600 1774 falso
611 1746 748 1779 tribuitur,
757 1748 790 1774 ad
806 1755 866 1782 cap.

79 1798 112 1825 ιι,
128 1792 172 1823 l9,
186 1797 213 1820 et
227 1792 274 1820 lib.
293 1801 322 1825 ιι,
337 1793 369 1821 ad
384 1800 443 1828 cap.
463 1801 501 1826 xt,
519 1793 545 1827 7,
560 1793 624 1821 etin
638 1793 830 1821 lletraclatiane
840 1794 868 1820 in

79 1840 147 1866 Acta
158 1845 254 1873 αρσει..
269 1839 300 1867 ad
316 1847 377 1874 cap.
391 1847 433 1873 ιιι,
444 1840 514 1867 hanc
523 1840 695 1874 reprehendit
705 1840 868 1872 doctrinam,

80 1891 196 1918 eamque
208 1884 246 1911 ait
258 1883 438 1920 Origenianos
449 1885 499 1912 hoc
513 1884 588 1912 lsaiae
601 1884 756 1912 testimonio
777 1885 869 1911 delen-

81 1930 167 1958 dere:
184 1939 194 1956 ι
214 1930 247 1958 Et
259 1931 417 1958 claudentur
428 1931 464 1958 ibi
479 1932 506 1959 in
522 1938 642 1963 carcere,
654 1935 680 1958 et
694 1935 753 1965 post
769 1930 868 1958 tnultos

81 1977 143 2005 dies
151 1977 379 2005 visitabuntur"?
392 1986 401 2004 ι
410 1978 474 2013 quid
482 1977 648 2012 Stephanum
657 1976 868 2012 Gobarum.(52),

82 2024 129 2058 qui
139 2023 165 2051 in
174 2024 366 2058 questionibus
373 2026 399 2051 In
410 2029 551 2058 utramque
561 2023 681 2050 excussis
689 2028 802 2058 partem,
811 2030 871 2057 qme

82 2069 142 2097 fere
153 2070 303 2097 Adamantii
313 2069 417 2104 placitis
427 2073 563 2101 constant,
571 2069 610 2096 sic
622 2068 718 2096 habet:
731 2068 792 2094 ’Ότι
803 2068 827 2094 oi
841 2068 870 2094 ἐν

81 2116 115 2151 τῇ
129 2115 238 2142 κολάσει
251 2114 457 2152 παραδιδόμενοι
468 2114 522 2141 τῶν
539 2113 708 2150 ἁμαρτωλῶν
731 2113 872 2149 καθαίρον-

81 2169 129 2188 ται
139 2161 188 2197 τῆς
198 2161 296 2193 κακίας
309 2162 338 2187 ὲν
350 2161 429 2196 αὐτῇ,
444 2160 492 2186 καὶ
508 2159 577 2195 μετὰ
595 2159 642 2195 τὴν
654 2159 788 2196 κάθαρσιν
802 2160 871 2185 ἀπο-

914 927 994 954 iinem
1009 927 1089 960 iacio,
1107 927 1152 962 qni
1168 926 1197 954 in
1215 927 1283 954 libro
1304 926 1342 953 De
1369 926 1511 953 Iliensibus
1534 925 1702 960 Origenistas

914 981 1027 1001 censere
1037 973 1075 1000 ait
1089 982 1099 998 ι
1117 972 1219 1000 Christi
1235 980 1347 1008 regnum
1363 972 1468 999 laudent
1489 971 1634 1006 aliquando
1655 970 1702 996 de‘

914 1020 1045 1052 siturum,
1057 1023 1084 1046 et
1100 1018 1182 1046 simul
1203 1018 1312 1052 angelos
1327 1017 1478 1049 desituros,
1498 1026 1507 1042 ι
1531 1023 1626 1050 nempe
1640 1023 1702 1042 cum

914 1064 1003 1091 omnia
1016 1072 1097 1091 unum
1113 1071 1173 1092 cum
1190 1063 1243 1091 Deo
1261 1062 1341 1096 lient;
1360 1068 1387 1090 et
1404 1063 1451 1089 lib.
1481 1070 1500 1089 ιι
1529 1061 1567 1088 De
1585 1061 1637 1095 ﬁde
1659 1069 1702 1087 or-

914 1110 1000 1143 thod.,
1015 1117 1076 1144 cap.
1094 1110 1122 1142 l,
1136 1109 1326 1145 Origenianam
1345 1109 1413 1136 hanc
1431 1109 1457 1135 in
1471 1109 1604 1142 integrum
1623 1107 1703 1134 resti-

916 1155 1045 1182 tutionem
1060 1155 1157 1190 arguit,
1176 1162 1256 1189 quant
1272 1159 1332 1189 post
1347 1153 1419 1181 mille
1431 1160 1562 1180 annorum
1584 1152 1702 1187 spatium

917 1201 1033 1228 futuram
1056 1200 1205 1228 credidisse
1227 1200 1419 1227 Adamantium
1446 1199 1553 1227 asserit.
1580 1197 1703 1225 Gobarus

916 1253 1023 1280 quoque
1043 1245 1175 1273 Tritheita
1203 1246 1274 1280 apud
1305 1245 1382 1273 l’hot.
1407 1245 1468 1272 cod.
1489 1251 1609 1276 ccxxx",
1632 1244 1703 1271 inter

916 1291 1066 1326 disputatas
1091 1291 1254 1325 qtnestiones
1282 1291 1354 1318 hanc
1390 1291 1471 1318 etiam
1503 1290 1593 1324 posuit
1615 1299 1621 1316 :
1640 1290 1703 1316 Ὅτι

916 1337 1046 1373 πρότερον
1066 1338 1090 1363 οἱ
1117 1337 1216 1363 δίκαιοι
1245 1337 1451 1373 ἀναστήσονται,
1474 1336 1519 1363 καὶ
1546 1336 1595 1362 σὺν
1612 1336 1704 1366 αὐτοῖς

916 1382 1006 1409 πάντα
1019 1381 1055 1408 τὰ
1068 1381 1135 1414 ζῶα,
1149 1382 1195 1408 καὶ
1215 1381 1261 1408 ἐπὶ
1277 1381 1349 1417 χίλια
1372 1381 1420 1416 ἐτη
1441 1380 1609 1416 τρυφήσουσι
1622 1398 1629 1410 ,
1657 1379 1704 1405 καὶ

917 1426 1059 1459 ἐσθίοντες,
1074 1427 1121 1453 καὶ
1132 1426 1303 1458 τεκνοῦντες,
1324 1426 1371 1452 καὶ
1388 1425 1457 1461 μετὰ
1472 1425 1552 1452 τοῦτο
1568 1426 1584 1461 ἡ
1599 1423 1705 1452 καθολι-

917 1475 953 1510 κὴ
967 1475 1143 1511 ἐπιστήσεται
1160 1474 1320 1506 ἀνάστασις.
1348 1482 1357 1499 ι
1379 1472 1470 1501 Justos
1483 1473 1599 1507 primum
1616 1479 1706 1499 resur~

919 1526 1051 1552 recturos,
1064 1525 1091 1547 et
1105 1527 1166 1547 cum
1185 1519 1251 1555 ipsis
1266 1519 1356 1547 omnia
1370 1518 1497 1546 animalia
1508 1537 1516 1548 ,
1533 1521 1560 1545 et
1572 1524 1620 1552 per
1633 1516 1706 1544 mille

919 1574 1005 1593 annos
1022 1565 1126 1593 deliciis
1139 1565 1268 1593 lruituros
1279 1585 1286 1598 ,
1303 1570 1330 1593 et
1343 1565 1467 1597 edentes,
1482 1569 1509 1591 et
1522 1564 1645 1591 bibentes
1658 1583 1666 1595 ,
1679 1567 1707 1589 et

917 1612 1076 1648 gignentes,
1096 1616 1242 1647 posteaque
1272 1610 1390 1638 futuram
1414 1610 1595 1638 universalem
1616 1616 1707 1636 resur-

918 1658 1076 1686 rectionem.
1094 1667 1104 1684 ι
1121 1658 1149 1685 Si
1168 1658 1193 1685 in
1217 1658 1266 1685 hac
1293 1658 1344 1684 l'uit
1357 1656 1488 1692 Origenes
1505 1657 1639 1685 sententia
1650 1676 1658 1690 ,
1674 1656 1707 1683 il-

917 1704 971 1731 lam
986 1703 1104 1730 Platonis
1120 1703 1223 1738 χιλιετῆ
1251 1703 1378 1738 πορείαν,
1407 1710 1489 1737 quam
1519 1702 1655 1734 diximus,
1678 1701 1707 1729 in

919 1749 1102 1777 Christianam
1120 1748 1199 1776 tidem
1219 1748 1368 1775 transferre
1382 1753 1495 1775 conatus
1511 1747 1609 1780 fuerit,
1625 1752 1708 1782 atque

918 1796 954 1822 ita
970 1795 1098 1822 Chiliasta
1116 1795 1168 1822 dici
1188 1794 1284 1828 possit.
1301 1794 1461 1827 Quanquam
1487 1793 1539 1820 alia
1567 1793 1619 1820 fuit
1643 1793 1708 1821 Chi-

919 1842 1059 1868 liaslarum
1073 1841 1180 1876 proprie
1192 1840 1324 1868 dictorum
1333 1840 1453 1872 haeresis,
1465 1847 1480 1866 ιι
1494 1839 1635 1871 Cerintho,
1650 1835 1706 1871 vel,

920 1893 950 1914 ut
963 1887 1020 1921 alii,
1037 1895 1051 1914 a
1067 1886 1148 1921 Papia
1158 1885 1361 1920 llicrapolitano
1376 1886 1503 1920 episcopo
1516 1891 1588 1913 orta.
1598 1884 1709 1920 iAuctor

920 1934 1018 1968 quippe
1028 1938 1069 1960 est
1081 1932 1213 1960 Eusebius
1224 1932 1271 1960 lib.
1284 1939 1315 1959 ιιι
1329 1931 1398 1959 Hist.
1411 1932 1491 1959 ποίει
1507 1951 1515 1964 ,
1526 1938 1588 1966 cap.
1601 1931 1707 1964 ultimo,

921 1978 1031 2014 Papiam
1045 1978 1129 2010 illum,
1145 1977 1274 2006 mediocri
1295 1982 1324 2004 ut
1347 1982 1407 2004 erat
1429 1977 1559 2012 praeditus
1585 1976 1705 2012 ingenio,

920 2033 1016 2060 parum
1032 2030 1109 2052 acute
1125 2024 1270 2052 intellectis
1287 2025 1469 2059 apostolorum
1492 2023 1602 2058 scriptis
1621 2023 1707 2058 (vice—

922 2072 992 2099 simo
1012 2078 1108 2106 nempe
1124 2069 1325 2106 Apoealypseos
1337 2068 1450 2104 capite),
1473 2076 1587 2104 regnum
1603 2067 1707 2096 Christi

922 2122 984 2153 post
999 2116 1224 2144 resurrectionem
1241 2121 1292 2150 per
1307 2115 1379 2142 mille
1394 2121 1479 2142 annos
1499 2115 1569 2141 inter
1588 2120 1708 2140 summas

922 2171 1067 2198 corporum
1086 2162 1238 2196 voluptates
1256 2161 1283 2188 in
1297 2161 1378 2188 terris
1400 2165 1636 2195 perseveraturum
1659 2166 1708 2193 pu-

83 2207 190 2234 λύονται
203 2207 252 2243 τῆς
262 2206 397 2238 κολάσεως
408 2214 415 2221 ·
433 2205 521 2232 καίτοι
537 2206 567 2232 οὐ
586 2205 684 2237 πάντες
708 2205 732 2231 οἱ
747 2204 865 2240 παραδο-

921 2213 1006 2242 tasse,
1020 2216 1052 2236 ac
1069 2208 1155 2243 ipsius
1171 2207 1268 2234 deinde
1295 2206 1484 2234 auctoritatem
1510 2205 1582 2233 idem
1606 2205 1708 2232 [remeo

83 2255 177 2286 θέντες
192 2255 224 2289 τῇ
241 2253 349 2280 κολάσει
362 2252 536 2287 καθαίρονται
547 2252 593 2278 καὶ
604 2251 776 2283 ἀπολύονται,
801 2251 869 2278 ἀλλά

81 2310 164 2333 τινες,
173 2301 222 2329 καὶ
234 2302 285 2333 ᾶτι,
298 2301 365 2336 ὅπερ
379 2301 451 2327 ἐστὶν
464 2299 562 2335 ἀληθὲς
574 2299 623 2334 τῆς
635 2298 870 2334 Ἐκκλησίαςφρό-

81 2356 158 2383 νημα
171 2367 178 2380 ,
190 2347 276 2379 οὐδεὶς
289 2347 435 2374 ἀπολύεται
453 2347 503 2382 τῆς
521 2346 666 2378 κολάσεως.
684 2354 694 2372 ‹
711 2346 870 2373 Peccatores

82 2394 173 2429 pmnis
187 2394 301 2421 traditos
313 2400 327 2420 a
342 2393 462 2428 nequitia
476 2393 619 2427 expurgari
633 2392 659 2419 in
672 2392 754 2426 ipsis;
769 2395 797 2418 et
809 2395 870 2425 post

81 2440 308 2475 expurgationcm
329 2440 416 2474 poenis
437 2438 514 2466 solvi.
530 2437 585 2465 Nec
595 2438 705 2473 purgari
730 2442 821 2465 tamen
842 2441 871 2464 et

83 2487 188 2515 absolvi
200 2494 294 2514 omnes
307 2486 352 2520 qui
369 2485 509 2520 suppliciis
521 2484 620 2512 addicti
640 2487 722 2516 sunt,
738 2484 785 2511 sed
801 2490 871 2510 non-

82 2532 184 2560 nullos.
211 2532 244 2559 Et
271 2532 404 2559 neminem
429 2531 560 2566 supplicio
580 2530 705 2562 liberari,
722 2536 782 2564 quae
805 2534 869 2556 vera

82 2584 126 2605 est
140 2577 266 2605 Ecclesize
282 2576 439 2605 sententia?
458 2586 467 2603 I
494 2576 558 2612 quid
583 2575 703 2603 Nicetam
726 2574 871 2602 Acontina-

84 2629 152 2656 ιιιιιι,
175 2624 220 2659 qui
245 2623 292 2651 lib.
310 2631 335 2651 tv
351 2623 479 2651 Thesauri
504 2623 606 2650 ori/md.
627 2622 688 2658 ﬁd.,
712 2622 778 2649 hter.
794 2628 868 2652 xxxi,

82 2671 227 2706 Origenem
252 2671 321 2698 male
347 2670 466 2698 sensisse
480 2670 608 2705 praedicat
623 2669 658 2697 de
679 2674 819 2704 ptenarum
835 2673 867 2694 ac

82 2717 258 2752 praemiorum
270 2717 449 2752 perennitate,
465 2716 638 2750 futurumque
656 2715 756 2742 dixisse
774 2717 801 2742 ut
822 2721 868 2741 ex-

118 2786 144 2804 ”
159 2786 212 2814 lsa.
229 2794 304 2819 xxrv,
322 2787 368 2814 2‘2.

120 2858 176 2895 (5|)
195 2857 297 2892 Dialog.
312 2866 352 2892 Ill,
371 2866 442 2893 resp.
455 2856 517 2885 140.

244 2906 379 2938 ῩΑτιιοι..
402 2906 460 2935 Cn.
483 2903 582 2934 XVll.

922 2255 1099 2291 persuasisse.
1127 2253 1236 2281 Sectam
1261 2259 1368 2287 quoque
1394 2252 1466 2278 illam
1489 2250 1624 2286 persecuti
1645 2254 1709 2278 sunt

921 2300 966 2326 alii
982 2299 1131 2326 eruditione
1147 2299 1250 2326 nobiles
1268 2298 1320 2325 viri
1335 2297 1519 2324 Tertullianus
1530 2317 1538 2329 ,
1554 2296 1708 2324 Victorinus

921 2344 1140 2376 Petabionensis,
1163 2349 1192 2371 et
1217 2344 1396 2376 Lactantius,
1422 2343 1509 2371 donec
1535 2343 1562 2370 in
1585 2346 1708 2378 apertam

922 2391 1010 2425 erupit
1030 2390 1166 2422 haeresim,
1191 2390 1219 2417 in
1243 2388 1409 2424 Apollinario
1429 2389 1585 2416 damnatam
1615 2395 1631 2414 a
1655 2387 1709 2414 Da-

922 2444 999 2464 maso
1027 2444 1106 2472 papa.
1132 2437 1260 2463 Attamen
1280 2435 1324 2462 vix
1352 2434 1403 2462 sibi
1428 2435 1594 2469 persuadere
1621 2437 1710 2468 potest

921 2483 1090 2519 Epiphanius
1104 2487 1268 2510 assertorem
1287 2481 1370 2508 fuisse
1382 2481 1579 2515 Apollinarium
1596 2479 1708 2514 dogma-

922 2529 957 2555 tis
971 2527 1133 2562 lmjusmodi,
1152 2527 1229 2562 cujus
1252 2534 1303 2554 nec
1327 2525 1433 2553 aﬂinem
1457 2525 1542 2552 fuisse
1563 2523 1708 2559 Origenem

921 2575 1092 2609 perspicuum
1109 2579 1147 2600 est
1163 2581 1197 2600 ex
1222 2573 1264 2600 his
1290 2572 1379 2599 verbis
1398 2576 1465 2598 tom.
1486 2578 1542 2597 xvn
1556 2570 1582 2596 in
1599 2568 1706 2598 Mallh..

921 2627 995 2646 nunt.
1010 2619 1061 2650 55,
1078 2627 1139 2654 pug.
1159 2618 1212 2646 8‘27
1228 2629 1234 2646 :
1250 2618 1306 2645 Καὶ
1326 2617 1420 2653 ὥσπερ
1444 2615 1597 2644 πλανῶνται
1617 2616 1641 2641 οἱ
1663 2615 1708 2642 διὰ

921 2666 951 2694 τὺ
968 2666 1004 2702 μὴ
1018 2666 1191 2702 τροπολογεῖν
1215 2665 1250 2692 τὰ
1270 2663 1427 2701 προφητικὰ
1453 2663 1571 2699 οἰόμενοι
1601 2662 1707 2698 μέλλειν

921 2713 993 2749 ἡμᾶς
1009 2711 1077 2748 μετὰ
1092 2712 1142 2748 τὴν
1161 2712 1308 2739 ἀνάστασιν
1327 2709 1425 2738 ἐσθίειν
1439 2711 1486 2738 καὶ
1505 2709 1592 2737 πίνειν
1613 2716 1705 2744 σωμα-

959 2852 1015 2887 (52)
1031 2852 1107 2887 Apud
1123 2851 1212 2886 Pltot.,
1229 2853 1289 2880 cod.
1307 2860 1425 2880 ccxxx".
