1912 3079
193 82 205 109 Ι
211 81 262 109 055

820 77 849 105 l’.
868 75 1022 104 DANlELlS
1042 75 1156 105 HUETll

1740 76 1815 106 1055

192 140 255 168 τικὰ
270 139 414 176 βρώματα,
434 138 493 165 ἐπεὶ
510 138 538 166 αἱ
558 137 643 169 λέξεις
660 136 714 169 τῶν
735 136 847 172 γραφῶν
863 136 973 163 τοιαῦτα

1026 137 1066 171 (ιιι
1079 140 1167 164 tamen
1190 135 1356 164 concedatur
1374 135 1437 171 quia
1460 136 1548 170 aliqua
1565 135 1698 171 videmus)
1717 136 1813 163 media

193 187 364 222 περιέχουσιν
373 193 381 201 ·
404 184 473 211 οὕτω
494 184 540 211 καὶ
554 183 589 209 τὰ
603 183 665 219 περὶ
674 183 770 218 γάμων
783 182 972 218 γεγραμμένα,

194 234 241 261 καὶ
252 232 355 268 ἀνδρῶν
368 231 414 258 καὶ
431 230 567 264 γυναικῶν
586 229 731 265 τηροῦντες
750 229 796 256 ἐπὶ
816 229 862 256 τοῦ
880 228 973 264 ῥητοῦ,

194 280 241 308 καὶ
254 279 369 314 οἰόμενοι
383 276 535 307 συνουσίαις
547 276 617 311 ἡμᾶς
632 275 679 302 καὶ
693 275 752 301 τότε
769 274 927 310 χρήσεσθαι,
941 274 974 300 δι’

194 325 226 357 ἃς
239 324 299 351 οὐδὲ
312 322 450 358 σχολάζειν
461 321 518 348 ἐστὶ
534 322 566 356 τῇ
589 321 724 356 προσευχῇ
745 320 854 347 δυνατόν
863 328 870 336 ο
887 320 916 346 ἐν
928 328 975 355 μο-

195 368 288 404 λυσμῷ
305 377 362 399 πως
375 367 458 394 ὄντων
472 366 518 394 καὶ
541 366 697 401 ἀκαθαρσίᾳ
718 366 772 392 ’τινὶ⁹
793 365 847 392 τῶν
867 365 976 401 χρωμέ-

194 424 247 442 νων
262 414 436 450 ἀφροδισίοις.
457 412 592 440 Adversus
616 412 739 439 eamdem
766 411 890 438 haeresim
916 410 975 446 pari

193 462 273 489 modo
301 459 473 487 excandescit
496 458 540 485 lib.
576 465 596 484 ιι
624 457 693 491 Περὶ
714 456 832 491 ἀρχῶν,
856 463 915 490 cap.
931 456 973 488 Η,

192 515 267 534 num.
282 506 311 538 2,
334 510 361 533 et
377 504 487 540 prologo
508 504 536 531 in
555 502 668 536 Cnnlic.,
685 510 748 538 pag.
770 502 804 530 28
820 511 826 528 :
846 511 856 528 ι
870 502 976 530 Accidit

192 557 222 580 ut
232 552 410 587 simpliciores
423 551 532 585 quidam
543 550 695 577 nescientes
706 549 872 583 distinguere
886 555 918 575 ac
930 555 974 575 se-

192 606 304 626 cernere
315 605 377 631 qua=t
390 596 442 624 sint
459 603 518 630 qua-
532 595 558 623 in
574 594 721 630 Scripturis
736 595 837 623 divinis
851 594 974 622 interiori

192 643 305 676 homini,
323 649 384 676 qua:
405 648 469 668 vero
488 639 615 667 exteriori
635 639 786 674 deputanda
804 639 875 672 sint,
895 646 975 666 voca-

191 689 316 717 bulorum
332 686 552 715 similitudinibus
574 685 634 712 l'alsi
658 685 692 712 ad
714 685 828 720 ineptas
841 684 973 720 quasdam

192 735 298 762 fabulas
311 738 338 761 et
355 734 480 768 ﬁgmenta
497 732 585 759 inania
601 738 631 759 se
643 731 824 763 contulerint;
847 735 875 757 ut
893 731 973 757 etiam

192 784 255 814 post
277 778 503 806 resurrectionem
530 778 599 805 cibis
630 776 818 811 corporalibus
846 776 972 803 utendum

192 826 342 856 crederent,
360 829 505 859 potumque
518 823 676 850 sumendum
693 830 746 850 non
775 822 859 850 solum
882 829 915 849 ex
930 821 973 849 illa

192 872 246 899 vlte
261 879 323 898 vera
339 875 364 897 et
377 870 483 897 vivente
496 870 523 896 in
535 869 648 901 saecula,
663 876 758 896 verum
770 874 798 896 et
819 876 852 896 ex
870 869 912 896 his
932 868 973 895 vi-

192 917 264 944 tibus
277 916 352 952 ligni.
369 925 379 941 ι
399 915 435 942 Ea
451 919 583 950 praetcrea
606 914 639 942 de
654 914 872 946 resurrectione,
888 913 974 948 deque

191 961 279 996 pomis
292 960 477 987 damnatorum
491 959 618 994 opinatus
641 963 698 992 est,
712 966 772 993 qua:
784 958 974 986 Chilionetita-

192 1014 252 1033 rum
272 1006 387 1033 vesania:
406 998 440 1033 ex,
468 1007 582 1033 adverso
605 1009 764 1040 repugnant.
791 1004 856 1031 lude
878 1003 974 1030 Hiero-

192 1060 288 1089 nymus
301 1053 328 1080 in
346 1053 449 1088 praefat.
466 1052 526 1079 libri
545 1059 610 1078 lell
626 1051 802 1078 Commentar.
819 1051 846 1077 in
862 1050 975 1082 Isaiam,

193 1103 305 1133 quaeest
319 1099 352 1125 ad
365 1098 552 1130 Eustochium,
565 1098 694 1125 adversus
709 1095 872 1124 Millenarios
884 1096 975 1130 dispu-

193 1150 263 1178 tans,
278 1150 399 1172 errorem
412 1143 517 1170 illorum
531 1150 623 1170 eorum
636 1141 722 1170 errori
737 1142 783 1177 qui
799 1141 976 1169 resurrectio-

192 1199 254 1218 nem
270 1191 367 1218 tollunt
379 1190 545 1218 contrarium
557 1193 584 1216 et
594 1189 746 1223 oppositum
758 1196 817 1215 esse
831 1187 953 1223 agnoscit
966 1195 973 1214 :

191 1241 219 1264 et
228 1235 396 1264 Justinianus
408 1235 434 1262 in
450 1234 563 1270 epistola
578 1234 610 1261 ad
621 1234 738 1268 quintam
752 1234 881 1269 synodum
895 1240 975 1267 quam

191 1283 301 1310 exhibet
312 1281 460 1314 Cedrenus,
471 1281 620 1308 doctrinam
632 1279 789 1315 Pythagora:
801 1284 829 1307 et
845 1279 975 1311 Platonis,

192 1328 326 1362 huiusque
339 1326 406 1353 adeo
420 1326 500 1353 verba
520 1333 600 1360 super
624 1325 667 1353 his
685 1325 757 1351 mille
783 1332 915 1351 annorum
931 1330 977 1359 pe-

191 1374 276 1401 riodis
292 1379 438 1407 exponens,
451 1379 510 1399 eam
528 1371 635 1406 Origeni
655 1378 786 1405 nusquam
802 1369 907 1396 tribuit.

226 1416 320 1444 X-Xlll.
339 1416 469 1450 Quamvis
481 1420 569 1442 autem
585 1414 755 1442 manifestum
766 1414 867 1441 erroris
886 1418 975 1440 tenea-

192 1471 252 1490 mus
266 1463 407 1497 Origenent
429 1462 456 1488 in
473 1461 621 1495 qumstione
635 1460 668 1487 de
680 1467 818 1495 ptenarutn
841 1465 867 1486 et
889 1460 976 1487 beati-

189 1510 256 1537 tatis
271 1507 451 1543 pcrennitate,
468 1506 551 1534 ntulta
567 1511 656 1533 tamen
673 1506 699 1533 in
711 1506 769 1541 ejus
792 1505 974 1533 defensiOnem

190 1554 285 1582 adduci
302 1558 431 1589 possunt,
456 1560 516 1580 cum
538 1560 571 1580 ex
596 1553 655 1587 ejus
681 1552 837 1587 deprompta
855 1552 975 1587 scriptis,

191 1604 249 1628 tum
276 1600 345 1635 apud
379 1599 501 1627 laudatos
536 1599 680 1633 scriptores
716 1598 877 1633 conquisita.
910 1598 976 1631 Quae.

190 1647 348 1682 priusquam
361 1647 536 1681 attingamus,
546 1646 656 1680 dignum
670 1644 733 1672 illud
742 1645 977 1672 animadversione

191 1698 233 1721 est
246 1693 316 1728 quod
337 1697 530 1719 commentorat
556 1696 650 1718 auctor
671 1690 873 1722 Prwdestinati,
894 1693 976 1725 quem

190 1739 274 1767 edidit
290 1737 407 1765 Jacohus
418 1737 589 1769 Sirmondus,
606 1737 671 1764 haar.
683 1744 760 1769 xutt,
775 1736 975 1770 Ampullianum

191 1785 333 1820 quemdam
353 1784 511 1812 haereticutn
530 1783 675 1818 Bithynum
696 1783 722 1810 in
744 1790 803 1810 eam
829 1782 975 1810 incurrisse

191 1831 326 1863 haeresim,
342 1840 351 1856 t
367 1835 396 1858 ut
412 1831 513 1858 diceret
532 1838 626 1858 omnes
648 1828 808 1856 criminosas
832 1835 893 1855 cum
915 1828 975 1855 dia-

186 1877 252 1906 bolo
266 1882 294 1905 et
305 1876 445 1905 daemoniis
459 1884 492 1904 eo
505 1883 590 1910 usque
612 1875 639 1902 in
656 1875 777 1909 gehenna
792 1873 916 1908 decoqui,
930 1881 976 1902 us-

190 1932 297 1960 quequo
311 1924 370 1958 puri
390 1922 486 1950 redditi
500 1922 604 1956 possint
621 1920 683 1947 inde
695 1921 786 1947 mundi
803 1924 829 1947 et
845 1921 975 1946 immacu-

190 1970 235 1997 lati
251 1969 361 2005 egredi;
376 1978 386 1994 ι
403 1971 568 2003 quapropter
584 1974 645 1994 cum
659 1966 810 1993 universam
825 1964 974 1992 Ecelesiant

189 2016 331 2043 adversum
347 2022 376 2042 se
396 2015 598 2046 commovisset,
609 2013 719 2040 vitiatus
735 2020 750 2039 a
767 2019 796 2039 se
810 2011 892 2038 libros
911 2010 975 2039 Ori-

189 2061 275 2096 genis,
299 2064 328 2088 et
352 2068 399 2087 eos
421 2060 555 2094 praecipue
578 2059 623 2093 qui
648 2063 710 2085 sunt
732 2057 802 2091 Περὶ
822 2056 922 2091 ἀρχῶν
947 2057 973 2082 in

188 2107 330 2134 sententia:
345 2114 401 2134 suae
423 2105 574 2140 praesidium
595 2104 749 2138 protulisse.
770 2103 850 2130 Addit
878 2102 974 2129 deinde

1024 188 1087 211 sunt
1101 191 1108 209 :
1129 189 1188 218 quae
1200 187 1262 210 ante
1278 182 1406 210 mundum
1426 181 1542 215 l‘uerint,
1559 182 1733 216 ignoramus;
1752 181 1814 209 iue-

1024 233 1088 256 runt
1101 235 1182 263 porro
1202 227 1320 262 quadam
1343 231 1407 254 ante
1423 226 1560 254 mundum.
1573 226 1639 260 Qua:
1653 231 1716 261 post
1731 234 1814 253 mun-

1024 276 1087 303 dum
1102 279 1226 302 secutura
1242 277 1315 307 sunt,
1330 274 1362 301 ad
1374 278 1479 300 certum
1490 280 1542 300 non
1556 273 1790 307 apprehendimus
1806 282 1814 300 :

1024 325 1104 347 erunt
1129 323 1220 347 autem
1245 318 1296 346 alia
1319 322 1378 353 post
1401 318 1540 345 mundum.
1559 327 1569 344 ι
1594 317 1663 345 Tum
1688 323 1813 353 postea:

1029 375 1038 392 ι
1055 366 1092 392 Ea
1107 373 1167 400 qua:
1180 369 1244 400 post
1258 369 1408 392 extremum
1434 363 1562 392 saeculum
1581 363 1671 391 futura
1692 367 1759 391 sunt
1785 363 1816 390 in

1025 411 1120 439 saecula
1140 410 1314 443 saeculorum,
1339 410 1400 445 quis
1425 414 1514 444 potest
1532 409 1690 444 exponere?
1704 408 1816 436 Garru-

1024 457 1110 484 lorttm
1119 461 1160 485 est
1169 457 1308 484 hominum
1316 455 1409 483 borum
1418 456 1539 483 notitiam
1548 456 1678 490 polliceri,
1687 455 1817 483 nescien-

1025 504 1090 532 titttn
1108 503 1169 537 quia
1185 502 1266 530 homo
1278 509 1309 528 ea
1326 505 1429 528 tantum
1443 506 1532 536 potest
1547 508 1644 536 capere
1654 520 1662 533 ,
1676 508 1740 536 qua:
1753 507 1815 527 me-

1024 549 1067 576 dia
1083 553 1154 580 sunt,
1167 553 1194 576 et
1208 555 1239 574 ea
1252 555 1311 582 quae
1325 552 1385 581 post
1396 547 1524 574 mundum
1536 554 1621 581 usque
1631 546 1666 574 ad
1676 553 1813 574 consum-

1025 595 1168 622 mationem
1183 595 1208 621 itt
1220 594 1322 628 judicio
1337 599 1400 622 sunt
1414 595 1503 620 futura
1517 594 1550 620 de
1561 593 1662 627 poenis,
1678 592 1712 620 de
1727 591 1815 619 retri-

1024 641 1142 668 butione.
1170 640 1203 667 Et
1223 641 1319 668 horum
1344 646 1452 675 quoque
1472 639 1556 666 multa
1581 638 1715 666 abscousa
1749 641 1817 665 sunt

1025 687 1114 719 nobis,
1127 691 1156 713 ut
1170 690 1280 721 propter
1294 687 1346 714 hoc
1356 686 1465 720 quidem
1479 686 1608 719 scriptum
1624 684 1660 712 sit
1675 693 1683 711 :
1696 683 1816 711 Duabus

1024 731 1143 759 vetabant
1163 732 1256 766 l'act'em
1274 732 1308 759 δ’.
1329 741 1338 758 ι
1362 730 1438 758 Unde
1462 738 1505 758 res
1526 738 1573 757 cas
1593 734 1816 764 pertractaturus

1025 777 1071 805 lib.
1084 785 1092 804 ι
1108 778 1177 812 Περὶ
1194 777 1306 812 ἀρχῶν,
1322 784 1381 812 cap.
1394 778 1420 809 ϐ,
1436 784 1510 804 num.
1524 776 1551 808 1,
1565 776 1616 802 hac
1628 775 1817 803 obtestatione

1024 823 1132 851 lectoris
1148 828 1264 851 mentem
1287 827 1403 858 occupat
1421 831 1428 849 :
1448 832 1458 848 ι
1475 822 1540 856 Quae
1564 822 1673 857 quidem
1695 828 1710 848 a
1734 820 1815 848 nobis

1024 871 1107 898 etiam
1121 877 1182 897 cum
1199 877 1296 905 magno
1309 873 1383 897 metu
1399 872 1426 896 et
1441 868 1545 896 cautela
1560 868 1706 899 dicuntur;
1722 867 1816 894 discu-

1025 916 1155 944 tientihus
1169 915 1256 949 magis
1269 919 1296 942 et
1312 914 1541 949 pertractantibus
1553 933 1560 946 ,
1575 921 1656 948 quam
1669 921 1720 948 pro
1737 919 1815 940 certo

1024 969 1057 990 ac
1075 961 1184 989 deﬁnito
1195 961 1388 988 statuentibus.
1402 960 1551 988 lndicatum
1566 966 1683 994 namque
1700 966 1714 985 a
1733 958 1814 985 nobis

1026 1008 1052 1036 in
1066 1007 1253 1042 superioribus
1265 1011 1315 1039 est,
1329 1014 1390 1042 quae
1414 1007 1469 1034 sint
1488 1007 1522 1034 de
1533 1005 1645 1044 .quibus
1666 1003 1814 1032 manifesto

1024 1057 1150 1090 dogmate
1163 1055 1361 1084 terminandum
1379 1055 1432 1086 sit,
1449 1054 1522 1089 quod
1534 1043 1561 1081 et
1572 1060 1621 1089 pro
1639 1043 1814 1079 viribus‘noe

1025 1101 1122 1129 fecisse
1145 1105 1209 1136 puto
1233 1109 1295 1129 cum
1315 1101 1349 1128 de
1368 1100 1503 1128 Trinitate
1527 1100 1710 1134 loqueremur.
1734 1097 1815 1125 Nunc

1028 1146 1283 1182 autemdisputandi
1307 1145 1398 1181 specie
1424 1146 1527 1182 magis.
1550 1152 1629 1179 quam
1654 1144 1813 1176 deﬁniendi,

1025 1197 1106 1228 prout
1119 1200 1279 1228 possumus,
1296 1199 1467 1220 exercemur.
1486 1200 1495 1216 I
1514 1191 1601 1225 Atque
1616 1191 1666 1217 hac
1687 1189 1813 1216 admoni-

1027 1240 1099 1267 tione
1110 1238 1299 1273 praemunitam
1321 1237 1539 1265 dissertationem
1559 1236 1644 1263 altera
1665 1237 1716 1263 hac
1739 1235 1813 1262 exci-

1025 1284 1075 1319 pit,
1102 1284 1179 1310 initio
1201 1283 1296 1317 capitis
1318 1282 1456 1317 sequentis
1477 1290 1484 1308 :
1511 1291 1521 1308 ι
1542 1281 1604 1309 Haec
1621 1280 1730 1316 quidem
1750 1287 1812 1315 qua:

1027 1329 1153 1365 superius
1172 1328 1359 1361 disseruimus,
1380 1326 1499 1363 generali
1522 1326 1601 1354 nobis
1620 1332 1748 1354 sermone
1770 1325 1814 1352 di-

1028 1379 1104 1410 gesta
1116 1375 1180 1407 sint,
1198 1381 1246 1409 per
1263 1373 1488 1407 consequentiam
1509 1372 1594 1407 magis
1614 1371 1811 1402 intellectuum,

1027 1429 1107 1457 quam
1132 1420 1244 1448 deﬁnito
1263 1421 1387 1456 dogmate
1407 1425 1569 1455 pertractata
1592 1425 1672 1454 atque
1688 1419 1811 1447 discussa

1028 1468 1061 1495 de
1086 1467 1289 1494 rationabilibtts
1308 1467 1426 1496 naturis.
1453 1470 1514 1501 post
1539 1473 1601 1494 eum
1624 1466 1715 1493 locum
1730 1472 1811 1498 quem

1027 1513 1061 1541 de
1075 1512 1165 1544 Patre,
1193 1517 1221 1539 et
1237 1512 1324 1545 Filio,
1340 1517 1367 1539 et
1387 1513 1490 1548 Spiritu
1518 1515 1612 1539 sancto
1634 1518 1684 1546 pro
1711 1510 1814 1538 nostris

1026 1558 1131 1586 viribus
1144 1558 1327 1593 exposuimus.
1348 1557 1423 1586 Nunc
1443 1565 1507 1593 ergo
1528 1557 1669 1584 videamus
1682 1563 1744 1591 qua
1757 1557 1813 1583 sint

1027 1604 1061 1632 de
1071 1604 1169 1639 quibus
1189 1604 1323 1632 disserere
1342 1604 1368 1631 ln
1383 1603 1610 1638 consequentibus
1628 1602 1756 1630 convenit
1772 1609 1814 1629 se-

1027 1649 1144 1677 cundum
1167 1648 1262 1683 dogma
1285 1653 1420 1680 nostrum.
1438 1647 1464 1676 i'd
1486 1653 1538 1682 est,
1558 1649 1705 1676 secundum
1722 1648 1813 1675 Eccle-

1025 1694 1073 1721 siae
1082 1694 1173 1723 ﬁdem.
1185 1703 1195 1721 ι
1206 1694 1290 1729 Magis
1300 1695 1381 1722 etiam
1391 1694 1500 1722 ﬂuctuat
1510 1699 1574 1722 tom.
1583 1701 1668 1721 xxvut
1677 1695 1704 1720 in
1712 1692 1811 1726 Ιοωι..

1026 1748 1101 1768 num.
1118 1740 1143 1774 7,
1156 1747 1278 1775 quaerens
1298 1748 1332 1768 an
1355 1740 1499 1776 aliquando
1526 1740 1641 1768 vinculis
1664 1739 1813 1768 solvendus

1025 1786 1076 1818 sit,
1090 1793 1189 1818 necne,
1205 1786 1286 1814 homo
1306 1786 1350 1814 ille
1376 1786 1528 1821 impudens,
1557 1787 1603 1822 qui
1629 1793 1690 1814 cum
1711 1785 1813 1820 absque

1025 1831 1138 1866 nuptiali
1157 1837 1233 1860 veste
1247 1833 1280 1859 ad
1297 1832 1450 1860 convivium
1467 1833 1646 1865 accessisset,
1669 1832 1742 1860 mitti
1755 1831 1813 1865 jus-

1025 1884 1072 1904 sus
1085 1881 1127 1905 est
1149 1877 1176 1904 in
1199 1877 1326 1905 tenebras
1345 1877 1505 1910 exteriores,
1530 1877 1621 1911 ligatis
1642 1877 1811 1911 pedibusque

1026 1923 1201 1958 manibusque
1223 1932 1231 1950 :
1256 1923 1293 1950 οὐ
1307 1923 1361 1958 γὰρ
1382 1923 1552 1959 ἐμφαίνεται,
1571 1922 1674 1957 inquit,
1689 1921 1725 1948 τὰ
1748 1921 1810 1958 περὶ

1025 1969 1179 2000 ἀπολύσεως
1209 1970 1339 2005 ἐσομένης
1362 1969 1541 2005 γεγραμμένα
1567 1969 1631 2004 περὶ
1653 1968 1754 1996 αὐτοῦ·
1778 1968 1810 1995 οὐ

1024 2016 1097 2042 δοκεῖ
1116 2015 1144 2041 δέ
1170 2023 1215 2050 μοι
1238 2015 1356 2050 ἀσφαλὲς
1371 2013 1440 2042 εἶναι
1462 2015 1498 2051 μὴ
1512 2015 1699 2042 καταλαϐόντα
1719 2016 1811 2042 etmo-

1024 2060 1097 2093 τοῦν,
1114 2061 1230 2096 μάλιστα
1243 2061 1283 2096 τῷ
1296 2061 1333 2097 μὴ
1347 2061 1501 2098 γεγράφθαι
1517 2061 1581 2097 περὶ
1598 2061 1690 2093 αὑτοῦ,
1704 2061 1811 2096 ἀποφή-

1025 2106 1136 2133 νσισοειιι⁸
1160 2112 1188 2134 et
1205 2107 1252 2135 lib.
1270 2115 1330 2140 vnt,
1347 2108 1374 2134 in
1394 2107 1480 2142 Epist.
1497 2109 1531 2134 ad
1551 2106 1641 2140 Ralm,
1665 2115 1740 2134 num.
1766 2108 1811 2139 12,

189 2151 272 2180 libelli
290 2157 406 2179 auctor:
427 2161 436 2177 ι
454 2150 507 2178 Sed
522 2151 566 2185 qni
590 2150 649 2177 sani
671 2156 766 2177 sensus
779 2154 834 2180 est,
854 2153 879 2175 ct
894 2148 975 2175 habet
991 2147 1012 2174 D
1026 2160 1087 2188 pag.
1106 2152 1157 2180 6m
1176 2160 1183 2178 ε
1208 2162 1216 2178 ι
1235 2153 1332 2180 Verum
1350 2152 1378 2180 in
1402 2153 1453 2180 hac
1477 2153 1533 2188 ipsa
1557 2154 1729 2188 pumumne’
1751 2162 1812 2189 qua,

189 2197 343 2232 splendidus
357 2198 459 2229 oculos,
479 2198 519 2224 sic
531 2195 604 2223 videt
618 2195 707 2222 addita
721 2195 746 2222 in
760 2194 883 2228 Origcnis
906 2201 974 2228 opn—

189 2244 272 2271 sculis
286 2244 355 2270 mala
368 2244 429 2276 ista,
443 2238 521 2277 atque
535 2242 681 2277 cognoscit,
692 2241 761 2268 sicut
776 2240 798 2268 si
816 2241 841 2266 in
857 2239 974 2274 stragulo

190 2286 320 2317 coccineo
336 2296 440 2323 pannos
456 2289 548 2320 albos,
565 2292 611 2315 aut
630 2287 759 2322 cujusque
771 2286 884 2313 alterius
898 2285 973 2312 colo-

189 2335 229 2363 ris
246 2339 340 2362 cernat
354 2335 473 2362 adsutos.
492 2344 502 2361 ι
528 2334 606 2362 Nunc
629 2341 688 2369 quae
705 2340 754 2368 pro
772 2339 802 2360 se
829 2332 885 2367 ipse
905 2331 974 2358 Ada-

189 2382 310 2409 mantius
333 2382 502 2417 suppeditat,
516 2381 683 2415 colligamus.
709 2379 830 2407 Primum
846 2377 938 2405 homil.
957 2377 973 2404 8

189 2429 218 2456 in
232 2428 325 2460 Leuit.,
343 2435 417 2454 num.
430 2428 457 2460 5,
475 2434 534 2455 esse
548 2427 585 2454 ait
599 2431 707 2462 peccata
725 2425 848 2462 quaedam
860 2444 868 2457 ,
888 2433 896 2449 ι
914 2430 973 2459 qua:

191 2479 253 2509 post
266 2474 337 2501 hanc
359 2474 441 2500 vitam
465 2474 605 2501 nobiscum
628 2476 784 2504 transeunt,
810 2476 838 2498 et
862 2477 922 2497 esse
945 2470 973 2497 in

192 2520 257 2554 ipsis
270 2519 391 2553 quaedam
407 2519 442 2545 ita
455 2519 597 2546 animabus
610 2518 702 2550 inﬁxa,
716 2521 747 2544 ut
763 2514 974 2551 nequeantabo-

191 2565 250 2593 leri.
267 2574 277 2591 ι
295 2564 409 2592 Homilia
422 2564 440 2591 ι
454 2565 481 2591 in
491 2563 602 2595 Isaiam,
618 2571 691 2590 num.
707 2563 734 2595 1,
745 2562 842 2590 nesciri
856 2568 974 2595 pronun-

190 2610 250 2643 tiat,
266 2618 325 2645 quae
336 2614 395 2645 post
409 2610 535 2637 mundum
548 2614 677 2637 eventura
689 2608 742 2636 sint
759 2617 765 2635 :
782 2616 791 2633 ι
805 2606 972 2638 Novissima,

190 2655 289 2689 inquit.
302 2660 331 2682 ut
347 2660 420 2688 sunt,
443 2663 496 2682 non
515 2655 606 2681 valent
625 2654 758 2680 enarrari.
780 2652 971 2684 Quis.annutt-

189 2700 264 2726 tinuit
279 2700 310 2726 de
327 2698 492 2727 novissimis?
505 2700 543 2727 ait
553 2700 694 2734 Scriptura
711 2699 745 2726 “.
762 2698 826 2731 Qua:
847 2698 971 2725 videmus

1027 2206 1074 2233 per
1100 2206 1208 2233 ptenatn
1237 2199 1307 2232 ignis
1322 2199 1605 2234 adhibetur,quantis
1630 2200 1809 2232 tetnporibus,

1026 2244 1188 2279 quantisque
1210 2244 1316 2272 sarculis
1333 2245 1366 2272 de
1386 2246 1574 2279 peccatoribus
1597 2245 1723 2279 exigatur
1747 2253 1810 2273 cru-

1026 2291 1127 2323 ciatus,
1146 2290 1217 2318 solus
1233 2291 1302 2318 scire
1314 2295 1401 2326 potest
1415 2291 1458 2319 ille
1477 2291 1520 2318 cui
1540 2291 1620 2319 Pater
1638 2299 1721 2319 omne
1738 2291 1810 2326 judi-

1025 2337 1096 2363 cium
1108 2337 1216 2363 tradidit
1229 2336 1262 2365 ⁵³.
1280 2346 1289 2362 ι

1061 2381 1137 2410 Facit
1149 2387 1176 2410 et
1189 2382 1254 2410 illud
1275 2390 1323 2417 pro
1338 2383 1456 2418 Origene
1470 2384 1540 2418 quod
1557 2383 1602 2411 lib.
1622 2392 1649 2411 ιιι
1668 2384 1740 2419 Περὶ
1761 2385 1811 2418 ἀρ-

1026 2427 1098 2464 χῶν,
1113 2436 1172 2463 cap.
1183 2429 1210 2460 6.
1227 2429 1324 2464 legitur
1338 2439 1345 2457 :
1366 2437 1427 2457 cutn
1438 2431 1510 2457 enim
1523 2430 1612 2457 tanditt
1628 2430 1713 2458 Deutn
1726 2431 1809 2458 dixis-

1026 2479 1068 2501 set
1093 2474 1212 2501 l'uturum
1233 2476 1327 2502 omnia
1354 2476 1380 2502 in
1404 2475 1546 2508 omnibus,
1571 2477 1691 2510 quandiu
1714 2477 1810 2503 anitnze

1026 2519 1128 2554 absque
1141 2519 1193 2546 ulla
1211 2521 1329 2548 materia:
1340 2521 1489 2555 corporalis
1509 2521 1670 2548 admistione
1682 2528 1807 2555 perseve-

1027 2568 1141 2596 rassent,
1158 2564 1231 2597 addit
1242 2564 1348 2592 tletnunt
1363 2573 1436 2592 num.
1448 2565 1483 2592 ϐε
1507 2574 1516 2591 t
1531 2565 1557 2592 ltt
1571 2573 1625 2601 quo
1637 2570 1709 2593 statu
1727 2567 1806 2593 etiam

1023 2616 1180 2643 permanere
1200 2617 1307 2644 semper
1323 2615 1350 2638 et
1375 2611 1578 2639 itnmutabiliter
1602 2611 1742 2639 Creatoris
1762 2619 1805 2638 ve-

1023 2653 1126 2681 luntate
1140 2658 1180 2681 est
1193 2655 1368 2689 credendum,
1393 2656 1471 2684 ﬁdem
1496 2657 1534 2684 rei
1557 2656 1673 2684 faciente
1698 2663 1804 2684 scnten-

1024 2699 1062 2726 tia
1075 2699 1195 2734 Apostoli
1208 2700 1326 2729 dicentis
1338 2701 1361 2718 “
1379 2713 1386 2730 -.
1407 2702 1519 2730 Domum
1533 2703 1658 2730 habemus
1681 2711 1734 2729 non
1751 2710 1801 2729 ma»

223 2790 246 2806 "
266 2790 316 2817 lsa.
333 2798 388 2824 nt,
403 2792 449 2819 26.
487 2792 508 2808 ⁸¹
532 2791 580 2819 lsa.
599 2799 637 2826 v1,
656 2791 682 2820 2.
722 2792 744 2809 ⁸³
760 2791 837 2820 Joan.
861 2799 885 2825 v,
901 2791 945 2821 ῃ.

1026 2790 1045 2818 ll
1063 2789 1126 2819 Cor.
1139 2798 1165 2825 v,
1184 2790 1208 2819 l.
