1912 3079
84 120 95 147 Ι
102 119 157 147 03"

498 117 785 146 ORIGENIANORUM
803 115 869 145 LIB.
890 115 922 148 ll,
941 114 1018 142 CAP.
1040 113 1074 148 ll,
1091 113 1233 147 QUIEST.
1257 114 1304 142 X-l.

1644 116 1714 144 1058

81 179 231 213 undarum,
247 184 372 205 cier-nant
382 177 410 204 in
422 176 503 204 catis.
522 186 532 203 ι
548 175 605 204 Nisi
617 177 678 204 'haec
692 176 760 204 forte
775 176 810 203 de
824 183 873 203 suo
888 177 911 205 Α
926 173 980 201 lum
998 173 1123 209 pessimae
1137 179 1197 200 esse
1211 176 1327 205 natum,
1344 176 1372 200 et
1385 180 1445 208 quae
1458 172 1558 202 salvari
1575 181 1712 210 nunquam

80 224 198 252 Ruﬁnus
211 224 345 259 interpres
359 223 486 252 attexuit.
501 223 535 250 Et
549 222 575 250 id
596 223 746 251 subsidium
760 230 868 258 quoque

81 275 193 304 praestat
207 270 377 301 Adamantio,
392 270 465 305 quod
480 269 610 304 scriptum
629 273 671 296 est
685 273 764 297 tract.
786 275 869 296 xnIv

80 318 111 344 in
128 316 238 348 Μαιιίι..
255 323 328 343 num.
352 315 395 349 7‘2,
410 323 437 350 p.
452 315 504 343 889
527 324 533 342 :
557 324 567 341 ε
584 314 679 342 Nullus
702 315 773 342 enim
799 314 869 349 ignis

81 363 155 393 inter
166 362 288 392 homines
300 366 341 390 est
352 366 479 394 aeternus,
494 362 540 389 sed
561 368 611 388 nec
631 361 706 388 midti
723 361 868 395 temporis;

81 408 264 443 exstinguitur
292 408 364 435 enim
386 408 452 435 cito.
474 407 602 436 Amemus
625 412 715 434 autem
740 407 810 442 ignis
829 412 871 434 est

83 454 139 486 ille,
157 453 190 481 de
201 461 254 489 quo
267 457 294 481 et
303 453 387 480 Isaias
401 453 465 481 dicit
488 454 515 481 in
535 453 588 480 flue
611 453 760 487 prophetiae
783 460 840 479 sua:
860 459 869 478 :

87 497 189 526 Ventri:
200 506 291 525 eorum
312 506 364 526 non
379 499 517 530 morietur,
534 504 557 525 et
569 498 638 533 ignis
649 506 738 525 eorum
760 505 811 524 non
825 505 872 525 e1-

82 545 231 579 alinguetur
242 544 285 577 ";
303 553 312 570 ι
332 548 360 570 et
372 543 444 578 quod
458 543 552 571 bomil.
569 543 604 570 35
615 543 643 570 in
657 542 721 570 Luc.
736 551 746 571 :
764 551 775 568 ι
793 542 872 576 Quod

84 591 106 620 si
125 598 248 626 magnam
275 590 419 626 pecuniam
446 589 630 622 debuerimus,
653 589 724 617 sicut
760 588 805 616 ille
826 589 871 624 qui

84 636 217 664 scribitur
247 635 340 663 decem
362 635 445 662 millia
467 635 567 662 talenta
597 634 740 668 debuisse,
772 639 873 669 quanto

86 687 206 716 tempore
221 682 381 710 claudamur
389 681 415 708 in
427 687 548 712 carcere,
560 680 646 708 donec
670 679 814 707 reddamus
826 679 874 707 de-

83 728 246 760 bitum,non
262 734 373 761 possum
389 725 534 753 manifeste
555 725 740 760 pronuntiare.
756 724 784 752 Si
802 725 874 752 enim

82 773 129 807 qui
146 780 244 808 parum
257 773 347 804 debet,
361 779 416 799 non
427 771 583 807 egredietur
608 771 659 798 nisi
685 770 806 799 exsolvat
822 771 875 797 Ini-

80 825 179 848 nutum
193 820 389 854 quadrantem;
406 819 502 854 utique
521 818 568 854 qui
595 823 670 846 tanto
687 818 778 846 debito
793 818 876 845 fuerit

921 219 1022 254 possit;
1050 223 1145 246 contra
1168 219 1219 246 hoc
1244 223 1319 246 recte
1342 218 1474 253 Origenes
1498 220 1638 254 respondit
1661 229 1714 248 nor

921 273 982 293 cum
1004 265 1132 300 periturae
1157 271 1217 292 esse
1243 264 1420 297 substantiae,
1436 266 1482 292 sed
1504 265 1642 293 voluntate
1655 274 1718 301 pro.

921 311 980 346 pria
993 310 1140 342 corruisse,
1151 315 1178 337 et
1191 317 1273 345 posse
1291 309 1402 338 salvari.
1426 310 1484 338 Hoc
1495 311 1633 340 Candidus
1652 321 1715 340 ver-

924 356 956 383 tit
975 356 1002 383 in
1026 356 1205 389 calumniam,
1234 356 1313 391 quasi
1336 357 1465 392 Origenes
1498 358 1597 386 dixerit
1616 359 1714 387 diaboli

923 406 1049 429 naturam
1068 409 1128 430 esse
1143 402 1313 431 salvaudam.
1330 402 1407 437 Quod
1423 403 1468 431 ille
1480 403 1550 432 falso
1564 404 1715 439 obiecerat,

924 448 968 476 hic
984 447 1093 476 refutat.
1117 458 1127 475 ι

961 504 1045 533 XXV.
1068 505 1170 541 Nempe
1191 505 1272 534 rebus
1301 507 1336 535 ab
1370 506 1492 536 Ecclesia
1519 509 1636 536 nondum
1663 509 1716 537 hoc

926 555 1055 586 tempore.
1072 551 1192 580 deﬁnitis
1215 552 1291 580 varia
1314 554 1406 581 animo
1430 554 1545 589 agitavit
1569 554 1718 590 Origenes,

924 597 999 632 quod
1015 600 1043 624 et
1059 598 1094 625 ab
1107 597 1168 625 aliis
1185 598 1299 627 subinde
1319 598 1447 627 Patribus
1470 600 1572 628 factum
1586 600 1718 628 observa-

928 651 999 670 mus.
1013 643 1136 671 Justinus
1149 643 1252 680 Martyr
1270 645 1296 672 in
1318 644 1430 681 Dialogo
1444 654 1502 673 cum
1515 645 1655 682 Tryphon:
1669 648 1718 675 de-

930 689 1050 717 crevisse
1072 690 1179 717 videtur
1195 697 1291 724 pinnas
1317 691 1506 719 damnatorum
1532 700 1581 727 per
1604 697 1719 720 mortem

929 735 1081 775 animarum
1104 743 1164 764 esse
1176 736 1311 765 ﬁniendas
1326 747 1333 765 :
1356 737 1435 765 Ἀλλὰ
1453 739 1502 774 μὲν
1518 738 1579 766 οὐδὲ
1600 738 1720 775 ἀποθνή-

929 789 1004 808 σκειν
1020 782 1091 818 φημὶ
1104 782 1194 814 πάσας
1206 782 1254 814 τὰς
1272 782 1360 818 ψυχὰς
1376 783 1444 818 ἐγώ·
1471 784 1587 820 ἕρμαιον
1605 784 1660 820 γὰρ
1686 782 1722 820 ἦν

929 827 967 858 ὡς
982 826 1089 862 ἀληθῶς
1099 828 1155 859 τοῖς
1169 828 1274 859 κακοῖς.
1292 827 1372 856 una.
1386 829 1413 856 τί
1425 837 1432 862 ;
1445 829 1495 862 τὰς
1512 831 1561 865 μὲν
1577 830 1632 856 τῶν
1647 830 1722 856 εὐσε-

81 866 232 899 obnoxius,
249 865 354 893 inﬁnita
368 865 395 893 ei
408 865 442 892 ad
459 865 624 892 reddendum
640 864 760 893 debitum
778 864 876 892 szecnla

935 872 982 898 ϐῶν
999 873 1028 899 ὲν
1047 873 1181 908 κρείττονί
1198 882 1244 900 ποι
1261 874 1342 910 χώρῳ
1367 875 1468 910 μένειν,
1488 863 1539 908 τὰς
1562 876 1590 903 δὲ
1612 875 1722 908 ἀδίκους

84 913 315 941 numerabunlur.
333 921 343 938 ι
363 911 433 945 Quin
458 911 541 938 etiam
568 916 670 938 certam
683 910 829 945 aliquando
851 914 879 937 et

82 957 284 985 immutabilem
305 956 462 984 felicitatem
488 955 608 983 futuram
630 956 757 983 concedit
779 955 825 982 lib.
852 963 879 982 ιν

83 1005 156 1038 Περὶ
174 1003 287 1038 ἀρχῶν,
312 1010 386 1030 num.
404 1002 440 1029 24
457 1009 464 1028 :
496 1011 506 1027 r
526 1001 578 1029 Sed
607 1007 634 1029 et
657 1001 879 1029 comminationes

84 1051 183 1086 positae
194 1055 258 1078 sunt
271 1050 314 1078 his
329 1049 375 1084 qui
393 1048 564 1084 praevaricati
582 1049 681 1076 fuerint
694 1049 797 1083 legem;
817 1055 880 1075 nec-

85 1105 141 1125 non
162 1102 190 1124 et
217 1097 260 1124 his
285 1096 332 1132 qui
361 1095 554 1131 puriﬁcatione
576 1095 752 1130 indigebant,
773 1095 879 1122 diversa

84 1143 308 1178 puriﬁcationum
324 1149 436 1177 genera,
455 1140 531 1168 velut
545 1140 592 1176 qui
611 1140 777 1176 frequentius
789 1145 881 1168 essent

85 1189 223 1225 polluendi
240 1189 404 1221 traduntur;
421 1191 451 1214 ut
467 1194 515 1222 per
535 1186 592 1214 haec
608 1186 717 1214 tandem
745 1187 778 1214 ad
807 1186 879 1214 illam

86 1243 169 1262 unam
197 1235 414 1270 puriﬁcationem
441 1234 567 1266 veniant,
599 1237 661 1267 post
692 1240 773 1267 quam
797 1233 881 1268 pollui

85 1281 160 1308 ultra
187 1289 240 1308 non
267 1281 340 1308 licet.
359 1290 369 1306 ι
397 1280 430 1308 Et
455 1278 549 1307 homil.
572 1278 607 1305 18
630 1279 657 1305 in
681 1278 780 1305 Je‘rem.
803 1286 881 1311 xvm,

86 1335 164 1354 Illm.
183 1327 210 1360 Ι,
226 1334 288 1362 pag.
307 1326 371 1358 241,
394 1327 426 1353 ad
446 1325 664 1353 emendationem
685 1328 744 1359 post
768 1329 881 1350 mortem

87 1372 247 1408 neutiquam
270 1372 406 1406 suscipere
426 1371 548 1398 homines
574 1370 695 1398 decernit
719 1378 725 1396 :
755 1369 837 1396 Ἐπὰν
851 1368 882 1394 δὲ

88 1417 221 1454 pssist
234 1418 370 1444 ἐνεστῶτα
380 1416 466 1444 αἰῶνα
481 1416 593 1451 ἥκωμεν
605 1415 673 1451 πρὸς
693 1415 733 1450 τῷ
748 1415 820 1441 τέλει
837 1423 883 1440 γε·

87 1464 197 1499 νόμενοι
209 1463 259 1498 τῆς
275 1462 360 1498 ζωῆς,
374 1462 469 1488 ἔπειτα
483 1461 653 1497 πυρωθέντες
665 1481 673 1493 ,
691 1461 749 1496 ἦτοι
771 1459 823 1486 ὑπὸ
834 1458 882 1486 τοῦ

87 1510 176 1545 πυρὸς
190 1509 244 1536 τῶν
255 1508 460 1545 πεπυρωμένων
473 1507 520 1535 τοῦ
533 1500 652 1544 πονήροῦ
663 1502 747 1542 βελῶν
756 1506 882 1541 γενέσθαι

87 1555 232 1584 ὁτιποτοῦν
250 1555 399 1592 γινώμεθα.
427 1555 462 1581 Ἢ
482 1554 535 1581 ὑπὸ
548 1554 594 1581 τοῦ
618 1553 691 1580 θείου
706 1553 803 1589 πυρὸς,
821 1553 883 1579 ἐπεὶ

89 1603 139 1630 καὶ
152 1603 167 1629 ὀ
179 1602 245 1634 Θεὸς
258 1601 336 1638 ήμῶν
350 1601 406 1637 πῦρ
418 1600 615 1628 καταναλίσκον
630 1601 705 1627 ἐστὶν
714 1620 722 1632 ,
740 1600 788 1626 ἐὰν
797 1598 884 1633 γενώ-

90 1649 181 1686 μεθα,
197 1649 286 1686 φημὶ,
309 1648 361 1676 ὑπὸ
384 1648 486 1675 τοιοῦδε
499 1648 516 1683 ἢ
531 1647 632 1675 τοιοῦδε
658 1647 761 1683 πυρὸς,
781 1639 883 1674 ὃτιποτ’

89 1697 124 1724 ἂν
145 1695 288 1732 γενώμεθα
304 1695 352 1722 ἐὰν
375 1694 573 1730 συντριωμεν,
591 1693 645 1720 εἴτε
667 1693 723 1720 ἀπὸ
739 1693 787 1720 τοῦ
814 1692 885 1720 καλὰ

90 1743 177 1780 σκεύη
192 1742 332 1777 γεγονέναι
349 1742 390 1773 εἰς
404 1741 551 1776 σωτηρίαν,
566 1739 622 1767 εἴτε
645 1740 699 1767 ἀπὸ
714 1739 761 1766 τοῦ
784 1740 885 1776 μοχθη-

90 1790 128 1826 ρὰ
140 1789 226 1824 σκεύη
241 1788 381 1823 γεγονέναι
395 1788 435 1819 είς
450 1786 599 1818 ἀπώλειαν,
609 1786 659 1813 οὐκ
671 1785 884 1821 ἁνακτιζόμεθα,

89 1837 152 1864 οὐδὲ
169 1835 321 1870 ἐπιδέχεται
334 1834 412 1870 ἡμῶν
424 1835 441 1870 ἡ
452 1833 608 1868 κατασκευὴ
629 1832 778 1868 βελτίωσιν.

128 1881 227 1911 XXIV.
242 1875 289 1910 Uti
307 1888 453 1916 possumus
476 1884 607 1915 praeterea
632 1878 665 1906 ad
689 1878 817 1905 tuendum
839 1877 887 1905 ali-

90 1936 146 1964 qua
166 1936 198 1955 ex
222 1932 299 1963 parte
317 1926 462 1960 Origenem
491 1925 646 1953 testimonio
666 1925 782 1960 quodam
798 1944 806 1955 ,
832 1931 887 1958 quo

91 1974 230 2003 damnatis
242 1973 351 2009 quidem
368 1973 470 2000 aditum
491 1972 524 1998 ad
536 1970 692 1998 beatitatem
717 1969 881 2004 patefactum

91 2021 239 2056 aliquando
257 2019 289 2046 iri
307 2018 418 2050 statuit,
440 2016 548 2045 diabolo
565 2020 653 2044 autem
674 2016 780 2051 penitus
800 2015 886 2042 inter-

91 2067 207 2095 clusum.
233 2065 355 2092 llabetur
371 2063 439 2091 illud
455 2062 502 2090 lib.
518 2069 565 2089 νιιι
583 2061 612 2088 in
634 2060 719 2095 Epist.
736 2060 771 2086 ad
795 2059 884 2092 Rom.,

92 2119 169 2140 num.
181 2111 210 2142 9.
226 2118 287 2145 pag.
312 2109 376 2142 654,
402 2109 494 2144 ibique
514 2107 633 2136 Luciferi
657 2115 748 2135 casum
775 2114 789 2134 a
810 2107 886 2143 lapsu

91 2157 278 2186 lsraelitarum
307 2155 419 2184 diﬂ'erre
445 2158 584 2183 asseverat
605 2161 613 2181 :
640 2161 649 2179 α
670 2153 780 2181 Illorum
801 2153 886 2186 enim,

930 919 976 945 καὶ
990 918 1111 954 πονηρὰς
1127 919 1156 945 ὲν
1172 918 1284 955 χείρονι,
1304 920 1351 946 τὸν
1368 918 1418 955 τῆς
1437 921 1554 957 κρίσεως
1573 921 1721 957 ἐκδεχομέ-

933 973 982 996 νας
991 965 1086 1000 χρόνον
1102 964 1163 991 τότε
1173 973 1180 980 ·
1198 964 1285 997 οὕτως
1301 966 1329 992 αἱ
1354 967 1404 1002 μὲν
1419 966 1493 1000 ἄξιαι
1515 966 1562 993 τοῦ
1577 967 1644 994 Θεοῦ
1668 976 1721 1003 φα-

930 1012 1027 1042 νεῖσαι,
1042 1011 1093 1037 οὐκ
1114 1010 1333 1046 ἀποθνήσκουσιν
1354 1012 1404 1044 ἔτι,
1419 1012 1447 1038 αἱ
1468 1013 1496 1039 δὲ
1518 1012 1676 1046 κολάζονται
1693 1013 1723 1045 ἐς

930 1056 953 1082 τ*
968 1055 1001 1082 ἂν
1022 1055 1107 1087 αὐτὰς
1121 1055 1168 1082 καὶ
1190 1054 1258 1082 εἶναι
1281 1057 1328 1083 καὶ
1349 1056 1512 1089 κολάζεσθαι
1531 1059 1545 1084 ὁ
1564 1058 1629 1090 Θεὸς
1644 1058 1720 1096 θέλῃ.

934 1111 943 1127 ι
959 1102 1056 1128 Verum
1073 1101 1210 1129 enimvero
1222 1109 1310 1137 neque
1322 1104 1392 1131 mori
1407 1104 1469 1131 dico
1480 1105 1587 1132 animas
1601 1113 1697 1133 omnes
1712 1113 1722 1133 :

932 1154 1026 1174 revera
1055 1148 1126 1174 enim
1154 1149 1234 1176 malis
1255 1149 1404 1183 optandum
1427 1150 1452 1177 id
1480 1154 1508 1177 et
1537 1155 1721 1185 opportunum

931 1197 1014 1220 esset.
1040 1193 1109 1226 Quid
1124 1194 1207 1229 ergo?
1221 1195 1327 1228 piorum
1346 1195 1455 1230 quidem
1481 1195 1507 1223 in
1531 1196 1636 1223 meliori
1663 1195 1723 1223 loro

933 1247 1053 1272 monere,
1080 1240 1189 1275 iniquas
1202 1246 1292 1268 autem
1307 1245 1336 1269 et
1359 1241 1445 1270 malas
1469 1243 1495 1270 in
1510 1241 1609 1278 pejori.
1623 1241 1720 1275 judicii

934 1289 1040 1320 tempus
1060 1291 1260 1321 exspectantes.
1285 1288 1375 1320 Atque
1403 1288 1439 1315 ita
1466 1296 1526 1323 quae
1550 1288 1638 1323 digna:
1666 1287 1722 1315 Dco

933 1332 1117 1366 apparuerint,
1136 1340 1188 1360 non
1206 1333 1361 1360 moriuntur
1375 1334 1501 1369 amplius,
1516 1334 1569 1362 illa:
1590 1342 1655 1362 vero
1670 1342 1722 1369 pu-

933 1375 1055 1407 niuntur,
1080 1376 1199 1410 quandiu
1223 1384 1270 1404 eas
1288 1381 1316 1404 et
1337 1384 1399 1405 esse
1424 1383 1451 1405 et
1470 1379 1558 1413 puniri
1587 1378 1660 1406 Deus
1674 1387 1724 1407 vo-

933 1421 1022 1448 luerit.
1040 1431 1050 1447 »
1069 1422 1198 1450 Eamdem
1214 1423 1312 1458 arripit
1326 1423 1477 1451 doctrinam
1490 1423 1608 1452 lrenaeus
1625 1424 1673 1452 lib.
1690 1431 1722 1458 tr,

933 1475 994 1501 cap.
1008 1467 1053 1500 64,
1071 1469 1116 1495 ubi
1132 1469 1238 1497 animas
1262 1477 1316 1496 non
1342 1476 1421 1497 secus
1438 1477 1470 1497 ac
1497 1470 1550 1497 alia
1572 1470 1618 1498 Dei
1641 1478 1725 1505 opera

897 1533 919 1563 α
936 1514 1028 1540 tandiu
1052 1521 1195 1548 superesse
1219 1520 1247 1543 et
1272 1523 1450 1551 perseverare
1471 1515 1579 1549 asserit,
1604 1524 1614 1542 ι
1634 1517 1724 1552 quoad

936 1566 1021 1593 usque
1041 1566 1071 1586 ea
1097 1561 1166 1588 Deus
1181 1565 1208 1588 et
1232 1568 1292 1589 esse
1318 1566 1346 1590 et
1362 1569 1539 1597 perseverare
1563 1562 1693 1594 voluerit;
1712 1572 1722 1589 ι

936 1613 984 1632 nec
1001 1605 1087 1633 multo
1102 1611 1181 1641 post:
1200 1615 1209 1632 ι
1227 1607 1285 1634 Non
1309 1608 1382 1635 enim
1401 1615 1434 1635 ex
1452 1609 1540 1642 nobis,
1563 1609 1663 1643 inquit,
1678 1616 1726 1636 ne-

935 1658 988 1686 que
1003 1659 1035 1678 ex
1051 1658 1144 1679 nostra
1166 1657 1262 1680 natura
1277 1654 1330 1681 vita
1349 1660 1402 1687 est,
1418 1654 1466 1682 sed
1492 1656 1643 1683 secundum
1659 1662 1725 1690 gra—

937 1696 1001 1724 tiam
1018 1697 1065 1725 Dei
1080 1698 1159 1725 datur
1174 1707 1182 1726 :
1198 1704 1227 1726 et
1240 1699 1300 1727 ideo
1315 1700 1362 1735 qui
1378 1701 1530 1728 servaverit
1542 1694 1635 1729 datum
1651 1702 1724 1734 vitae,

936 1747 963 1771 et
976 1744 1078 1778 gratias
1093 1744 1180 1779 egerit
1191 1745 1216 1772 ei
1232 1745 1277 1779 qui
1292 1745 1431 1780 praestitit,
1456 1745 1573 1780 accipiet
1589 1751 1616 1774 et
1629 1747 1657 1774 in
1675 1754 1726 1774 ste-

936 1789 1026 1817 culum
1059 1789 1150 1817 seculi
1184 1789 1381 1825 longitudinem
1414 1790 1539 1823 die‘rum;
1567 1791 1612 1825 qui
1634 1795 1725 1818 autem

936 1835 1066 1870 abiecerit
1080 1843 1153 1870 eam,
1169 1841 1197 1864 et
1210 1837 1334 1872 ingratus
1351 1836 1490 1864 exstiterit
1507 1836 1604 1864 factori
1623 1837 1659 1865 ob
1673 1838 1726 1865 hoc

936 1882 1008 1917 quod
1023 1881 1109 1910 factus
1132 1887 1184 1915 est,
1210 1888 1237 1910 et
1252 1890 1305 1910 non
1321 1883 1480 1918 cognoverit
1503 1873 1565 1911 eum
1590 1884 1635 1919 qui
1656 1891 1727 1919 prae-

937 1933 1001 1962 stat,
1019 1930 1077 1964 ipse
1089 1936 1120 1957 se
1131 1930 1219 1964 privat
1240 1930 1266 1956 in
1292 1929 1421 1957 saeculum
1438 1928 1530 1956 saeculi
1544 1921 1726 1964 perseveran-

939 1974 988 2002 tia.
1008 1983 1018 2000 ι
1037 1975 1171 2002 Arnobius
1194 1974 1299 2002 animas
1325 1978 1522 2002 tormentorum
1546 1975 1726 2002 diuturnitate

938 2025 966 2048 et
981 2020 1083 2047 saevitia
1101 2025 1291 2055 consumptum
1309 2020 1343 2047 iri
1358 2024 1385 2047 et
1399 2020 1563 2048 exstinctum
1578 2021 1727 2048 arbitratus

939 2071 997 2100 est;
1026 2070 1107 2101 atque
1123 2066 1194 2094 hanc
1211 2072 1271 2093 esse
1294 2071 1409 2093 mortem
1424 2069 1554 2093 aeternam
1578 2065 1667 2101 impiis
1683 2066 1726 2094 ho-

939 2112 1057 2140 minibus
1073 2117 1127 2139 tam
1147 2119 1218 2147 saepe
1234 2111 1262 2139 in
1287 2112 1429 2147 Scriptura
1453 2112 1615 2139 intentatam
1632 2120 1639 2138 :
1667 2113 1727 2146 pio-

939 2165 998 2184 rum
1011 2164 1077 2184 vero
1089 2162 1117 2185 et
1132 2162 1287 2186 sanctorum
1304 2157 1444 2185 hominum
1463 2157 1568 2185 animas
1589 2157 1660 2185 felici
1676 2157 1727 2185 im-

91 2204 195 2239 inquit,
211 2203 254 2231 vel
271 2203 297 2231 in
314 2203 367 2231 ﬁne
380 2202 472 2231 saeculi
496 2201 639 2229 conversio
651 2200 714 2232 erit,
738 2203 802 2228 tunc
822 2207 884 2227 cum
901 2207 923 2236 υ
938 2202 1104 2230 mortalitate
1129 2211 1162 2232 ac
1188 2204 1242 2232 νίιε
1274 2209 1376 2232 averna
1398 2203 1516 2239 pem-ui,
1546 2204 1727 2238 Quamobrem

90 2252 233 2288 plenitudo
257 2251 376 2286 gentium
397 2249 609 2281 subintraverit,
634 2252 661 2275 et
686 2247 774 2275 omnis
801 2246 886 2274 Israel

92 2299 188 2326 salvus
205 2297 250 2331 ﬁet
269 2305 276 2324 :
298 2297 377 2323 istius
394 2300 484 2323 autem
498 2295 543 2329 qui
555 2294 588 2321 de
607 2294 677 2321 coelo
694 2293 825 2321 cecidisse
845 2292 884 2320 di-

93 2345 177 2376 citur,
190 2351 240 2371 nec
258 2343 285 2370 in
300 2342 354 2370 ﬁne
370 2341 462 2370 saeculi
478 2341 531 2368 erit
550 2340 610 2367 ulla
622 2339 773 2368 conversio.
792 2347 802 2364 ι
821 2337 886 2366 inde

92 2394 135 2418 est
145 2389 218 2425 quod
233 2389 406 2415 vehementer
419 2390 561 2414 succenset
587 2385 613 2412 in
630 2384 742 2419 epistola
771 2383 804 2411 ad
817 2384 886 2411 ami-

94 2444 142 2464 cos
157 2442 221 2464 suos
236 2434 433 2461 Alexandrinos
453 2432 581 2468 iactatum
597 2431 684 2458 fuisse
707 2431 733 2459 in
749 2430 843 2467 vulgus
857 2438 887 2459 se

94 2484 197 2514 dicere,
213 2491 223 2508 ‹
239 2481 345 2508 Patrem
358 2480 468 2507 malitia:
493 2487 525 2506 ac
539 2478 698 2513 perditionis
709 2499 716 2510 ,
741 2482 769 2504 et
781 2484 886 2504 eorum

94 2528 140 2564 qui
157 2528 190 2554 de
207 2533 289 2562 regno
304 2526 351 2553 Dei
365 2525 526 2560 ejiciuntur,
545 2525 570 2551 id
593 2528 633 2550 est
654 2522 790 2550 diabolum
802 2543 809 2555 ,
827 2529 887 2549 esse

95 2573 256 2603 salvandum
271 2581 279 2600 :
296 2571 378 2607 quod,
393 2571 496 2605 inquit,
512 2578 545 2597 ne
561 2569 658 2604 aliquis
674 2568 783 2603 quidem
796 2572 887 2595 mente

93 2625 187 2652 motus
212 2623 240 2646 et
274 2617 417 2645 manifeste
448 2617 584 2644 insaniens
621 2615 711 2643 dicere
747 2618 844 2649 potest.
873 2622 883 2639 ι

94 2655 244 2699 propterea
259 2664 441 2699 Hieronymus
460 2662 570 2697 Apolog.
589 2669 607 2688 ιι
623 2661 650 2687 in
665 2659 766 2693 Ruﬁn.,
781 2666 840 2695 cap.
857 2659 887 2690 5,

96 2712 186 2747 palam
209 2718 270 2737 eum
290 2710 342 2737 hoc
366 2709 482 2736 crimine
501 2706 635 2738 exsolvit,
656 2705 728 2740 quod
750 2704 820 2732 alias
835 2704 886 2739 ipsi

91 2759 219 2796 persaepe
234 2757 349 2793 objicit:
373 2766 383 2784 ι
394 2757 497 2786 Asserit
508 2755 656 2788 Candidus,
672 2754 776 2790 inquit,
795 2753 888 2782 diabo-

133 2852 157 2868 "
177 2850 228 2879 lsa.
243 2857 315 2883 txvi,
328 2849 374 2877 24.

930 2249 1045 2276 animas
1069 2249 1203 2278 humanas
1226 2250 1353 2286 ancipitis
1371 2257 1442 2283 esse.
1466 2249 1616 2285 mediisque
1641 2252 1726 2278 vitam

940 2294 1012 2322 inter
1026 2299 1054 2322 et
1070 2299 1185 2323 mortem
1203 2303 1236 2323 ac
1251 2296 1383 2329 ambigua:
1402 2302 1507 2324 naturae
1521 2294 1592 2324 libro
1608 2297 1728 2324 secundo

939 2340 1037 2367 iterum
1053 2339 1207 2375 iterumque
1235 2342 1341 2376 repetit.
1374 2342 1521 2377 Gregorius
1539 2340 1732 2370 Nazianzenus

939 2390 1009 2414 orat.
1026 2385 1069 2414 '39
1095 2386 1236 2414 hereticos
1261 2387 1397 2415 difﬁcilem
1424 2393 1451 2416 et
1476 2389 1632 2417 diuturnum
1658 2389 1728 2423 ignis

939 2432 1103 2467 baptismum
1130 2437 1307 2468 suscepturos
1330 2434 1462 2466 minatur,
1488 2435 1541 2462 nisi
1568 2435 1602 2462 ab
1630 2435 1727 2462 hzeresi

940 2479 1092 2511 discedant,
1107 2486 1161 2514 quo
1176 2479 1238 2514 igne
1251 2480 1340 2507 omnis
1365 2479 1467 2506 malitia
1493 2480 1533 2507 sic
1548 2485 1677 2515 tanquam
1691 2481 1729 2507 fc-

940 2532 1005 2551 num
1029 2524 1168 2552 exurenda
1184 2525 1230 2552 sit.
1247 2523 1376 2553 Oratione
1402 2532 1467 2552 vero
1486 2527 1609 2560 sequenti
1625 2526 1730 2554 dubitat

940 2575 1031 2598 utrum
1050 2570 1221 2605 sempiterna:
1234 2571 1423 2599 damnatorum
1438 2577 1525 2605 paena:
1553 2571 1649 2598 futura:
1662 2572 1728 2603 sint,

941 2625 975 2645 an
1004 2624 1069 2644 vero
1096 2625 1110 2643 a
1136 2617 1191 2644 Deo
1218 2625 1267 2652 pro
1291 2625 1338 2645 sua
1368 2616 1540 2644 humanitate
1561 2618 1727 2644 breviaudaa.

941 2662 1039 2690 Narrat
1051 2661 1174 2697 profecto
1200 2662 1308 2691 Simeon
1325 2662 1530 2697 llielaphrasles,
1554 2663 1582 2689 in
1616 2662 1675 2689 Vita
1695 2664 1727 2690 S.

942 2708 1057 2743 Cyriaci,
1073 2715 1133 2743 cap.
1151 2707 1192 2740 10,
1207 2715 1268 2736 cum
1285 2716 1299 2734 a
1321 2707 1422 2741 Cyrillo
1442 2707 1575 2735 monacho
1594 2713 1728 2742 quaereret

941 2754 1082 2789 Cyriacus,
1110 2761 1233 2789 quamam
1267 2753 1403 2789 pracipue
1435 2753 1562 2788 dogmata
1588 2758 1730 2781 tuerentur
