1927 3076
205 105 274 134 1059

833 99 863 126 Ρ.
884 97 1041 126 DANlELlS
1057 97 1173 126 HUETIl

1760 98 1834 124 illm

205 163 328 195 Nonnus,
339 160 482 192 Leontius,
496 159 597 193 aliique
609 157 691 185 Novae
705 157 800 185 Laurm
815 156 985 192 Oi-igenisue,
1003 157 1025 185 A
1039 156 1220 191 abstergeret,
1233 155 1329 183 librum
1354 155 1474 190 scripsit,
1503 154 1579 189 cujus
1602 159 1734 189 excerpta
1747 155 1833 182 habet

205 209 380 244 respondisse
394 205 522 241 Cyrillum
543 204 676 232 allirmare
703 203 763 231 illos
780 212 789 229 ‹
814 203 941 237 dogmata
956 203 989 229 de

206 253 418 291 przexsistentia
447 256 474 279 et
497 251 667 279 restitutione
693 250 718 277 in
739 249 861 276 eumdem
889 253 988 276 statum

205 308 266 328 esse
287 299 374 327 media
397 303 424 325 et
445 298 480 325 ab
502 297 574 324 omni
599 296 720 331 periculo
743 295 847 327 aliena;
868 295 989 322 dicentes

207 346 250 374 i'iln
264 346 304 373 eis
327 344 359 371 ad
382 344 433 371 hoc
450 343 521 370 ferre
543 342 741 374 testimonium,
764 348 824 376 quae
839 339 939 368 alicubi
962 340 988 367 in

206 392 262 419 suis
289 389 462 424 Apologeticis
493 395 605 423 magnus
627 387 772 422 Gregorius
809 386 845 413 ita
874 386 986 420 reliquit

205 436 306 471 scripta
324 443 331 460 :
347 434 413 460 Mihi
433 433 537 460 videtur
554 440 595 459 res
617 440 669 459 non
683 431 742 459 silis
756 439 802 458 nec
821 434 988 458 contemnen-

204 481 250 513 da,
264 481 328 508 dare
340 481 368 507 in
384 485 499 514 tempore
520 479 662 513 unicuique
676 477 822 504 dimensum
849 476 987 508 orationis,

204 533 229 555 et
249 527 400 560 dispensare
412 526 439 552 in
451 525 554 560 judicio
567 524 702 551 veritatem
718 528 865 550 nostrorum
880 522 990 556 dogma-

203 577 270 604 twu,
289 579 347 606 (μιαν
363 572 394 598 de
407 573 514 602 mundo,
533 574 578 596 aut
592 569 624 596 de
640 568 746 595 mundis
759 567 988 602 philosophamnr,

204 620 236 645 de
250 617 371 648 materia,
394 616 426 642 de
448 607 548 647 anima,
571 614 603 641 de
624 613 807 647 intelligentia,
834 616 857 639 et
886 612 988 638 naturis

203 663 418 696 iutelligeutibut,
432 667 484 687 tam
498 659 736 695 prwstautioribus,
758 665 837 693 quant
853 657 989 684 deteriori-

205 709 270 740 bus;
285 708 316 734 de
329 706 492 741 prouidentia
506 713 564 740 qum
576 705 664 731 omnia
678 704 784 739 colligat
802 711 859 738 qum
871 703 990 729 ridemur

204 754 304 782 euenire
321 753 431 785 ratione,
445 757 468 778 et
485 759 645 787 quotcunque
657 756 752 784 pra’ter
772 750 899 776 rationem
923 748 990 783 infe-

204 800 300 827 fierem
318 804 341 826 et
363 799 504 825 humanam
520 805 529 824 :
543 802 567 823 et
582 804 640 832 qua:
655 801 782 831 praetcrea
800 797 831 822 de
843 795 926 830 prium
940 803 988 821 no-

205 851 259 874 stra
273 845 468 875 constitutione,
495 843 649 877 ﬁgurisque,
672 847 695 869 et
720 842 839 873 veritate,
857 846 881 867 et
910 845 988 867 testa-
1005 832 1027 859 Β

203 891 307 921 mentis,
327 894 351 916 et
376 888 473 915 Christi
498 889 582 920 primo
603 887 727 919 aduentu,
754 891 778 913 et
807 886 942 913 secundo:
962 886 989 913 in

204 937 244 964 his
265 937 332 963 enim
347 941 370 962 et
386 935 487 969 assequi
510 939 546 961 est
570 941 622 960 non
649 932 751 964 inutile,
769 936 794 958 et
817 940 867 958 non
887 931 991 967 assequi

204 988 276 1011 uacat
291 982 417 1016 periculo.
434 990 443 1007 ι
461 981 517 1008 lloc
529 979 689 1015 Origenislis
711 978 866 1014 praesidium
881 978 987 1012 eripere

204 1033 316 1058 conatur
342 1027 467 1063 Aloysius
494 1027 672 1060 Lipomanus,
696 1024 862 1052 Veronensis
887 1024 990 1058 episco-

204 1084 271 1111 pus;
295 1075 340 1102 sed
362 1073 494 1109 quidquid
520 1077 610 1099 tamen
637 1071 743 1103 allet'at,
766 1070 874 1098 videtur
891 1069 917 1096 id
938 1069 989 1096 sibi

205 1121 319 1148 voluisse
330 1120 476 1155 Gregorius
491 1119 540 1146 has
553 1118 716 1153 qumstiones
740 1117 859 1144 nondum
874 1115 940 1143 satis
958 1115 990 1142 li-

203 1167 312 1202 quidas,
336 1174 386 1193 nec
408 1173 456 1200 per
480 1164 630 1192 Ecclesium
652 1162 737 1191 fuisse
756 1163 988 1197 circumscriptus.

202 1212 272 1245 Quid
286 1212 337 1238 hoc
350 1215 391 1238 est
402 1215 492 1237 autem
506 1209 579 1244 quod
604 1209 703 1236 ibidem
720 1208 832 1242 subjicit
849 1207 989 1243 Cyriucus,

203 1257 373 1285 existimasse
395 1255 564 1290 Origenistas
588 1255 661 1288 illos,
681 1263 691 1280 ι
708 1254 826 1289 quodin
845 1253 989 1288 pristinum

203 1307 304 1331 statum
328 1302 542 1334 resurrectione,
578 1305 705 1336 poterunt
729 1306 899 1335 quaacunque
927 1303 991 1326 sunt

202 1349 307 1376 ratione
318 1347 441 1382 praedita,
455 1347 486 1373 ad
498 1346 633 1374 daemones
649 1353 734 1381 usque
748 1345 876 1373 fabricari
889 1351 989 1376 mortes,

202 1394 230 1422 id
244 1399 286 1421 est
301 1393 421 1421 saecula?
439 1401 449 1419 ι
475 1392 543 1420 Nam
567 1400 668 1424 azones,
691 1392 797 1426 aliaque
827 1390 991 1418 Valentinia-

203 1447 300 1468 norum
329 1439 523 1475 τερατεύματα
549 1438 678 1473 Origenes
704 1438 770 1465 satis
802 1437 988 1464 aversabatur.

203 1482 350 1518 Gregorius
373 1483 441 1509 alter
469 1481 664 1516 Origeniunam
700 1482 862 1508 sententiam
888 1481 989 1515 absque

203 1528 256 1555 ulla
283 1527 452 1555 dubitatione
482 1527 652 1562 amplectitur
685 1527 712 1554 in
746 1527 928 1562 Disputatione
957 1527 989 1554 de

202 1575 292 1601 anima
307 1579 330 1601 et
348 1574 550 1606 resurrectione,
566 1581 620 1609 qua
636 1574 742 1601 animas
765 1577 904 1608 exemptus
927 1580 988 1600 cor-

201 1621 324 1655 poribus,
355 1624 382 1648 et
398 1621 534 1648 damones
551 1627 676 1654 quoque.
699 1619 772 1647 omni
787 1619 849 1647 olim
869 1619 987 1653 deposita

202 1665 352 1694 vitiositate
372 1665 509 1693 Christum
525 1672 587 1692 esse
602 1665 776 1692 confessuros
801 1665 920 1693 declarat
937 1674 944 1691 :
962 1669 990 1693 et

203 1710 257 1738 alio
269 1710 472 1740 Dissertationis
482 1709 601 1744 ejusdem
618 1709 676 1736 loco
690 1709 773 1736 Deum
789 1709 828 1736 ait
843 1716 895 1736 non
911 1709 990 1736 aliter

201 1764 262 1785 esse
277 1764 357 1791 posse
381 1756 472 1783 omnia
491 1756 517 1783 in
535 1756 672 1788 omnibus,
695 1755 774 1791 juxta
789 1755 908 1789 Apostoli
926 1762 989 1783 seu-

203 1803 324 1834 tentiatn,
341 1810 421 1836 quam
440 1801 532 1829 evulsa
558 1802 679 1828 funditus
700 1806 727 1829 et
751 1802 898 1836 exstirpata
914 1801 986 1829 omni

202 1848 334 1883 nequitia.
348 1847 406 1874 Alia
423 1846 521 1874 deinde
535 1847 669 1882 permulta
687 1846 751 1873 huic
765 1846 913 1873 astruendo
927 1853 989 1873 con-

201 1895 283 1930 gerit,
314 1901 374 1928 quae
400 1893 518 1920 vitandae
542 1900 623 1920 causa
657 1893 822 1928 prolixitatis
846 1897 986 1928 prietereo.

201 1939 380 1968 Catecheticze
395 1944 523 1974 praeterea
540 1940 672 1966 orationis
685 1940 772 1974 capite
786 1938 813 1971 8,
840 1944 900 1974 post
917 1939 988 1966 hanc

200 1985 285 2012 vitam
304 1985 396 2012 curari
410 1992 425 2011 a
443 1985 498 2012 Deo
511 1992 610 2019 pravos
630 1985 712 2012 animi
731 1985 843 2012 atl‘cctus
860 1983 987 2016 aﬂirtnat,

201 2031 245 2065 qui
262 2031 288 2058 in
307 2031 357 2058 hac
369 2031 424 2058 vita
435 2031 526 2058 sanari
546 2038 595 2065 per
608 2031 739 2058 virtutem
751 2038 805 2058 non
819 2036 965 2066 potuerunt
978 2038 985 2063 ;

201 2081 258 2103 tum
278 2083 338 2111 cap.
365 2076 412 2109 26,
435 2085 488 2104 non
514 2077 639 2104 homines
659 2077 792 2104 duntaxat
816 2083 945 2110 nequam,
960 2080 988 2104 et

201 2121 310 2156 impios,
334 2122 382 2149 sed
407 2121 512 2157 peccati
537 2122 617 2148 etiam
645 2126 782 2150 auctorem
806 2121 944 2149 diabolum
970 2129 986 2149 a

1039 201 1151 229 Photius
1175 203 1235 230 cod.
1251 210 1379 230 ecxxxm.
1404 201 1460 229 Hoc
1475 209 1557 236 opere
1579 202 1831 229 demonstrandum

1039 248 1090 275 sibi
1115 248 1239 283 proponit
1272 247 1437 281 Germanus,
1472 248 1506 275 ab
1528 256 1561 276 eo
1586 255 1682 275 errore
1709 248 1832 276 alienum

1039 293 1123 321 fuisse
1137 294 1315 328 Gregorium;
1336 294 1358 321 si
1375 302 1426 328 qua
1445 302 1509 322 vero
1525 296 1550 321 in
1569 295 1626 329 ejus
1639 295 1752 329 srriptis
1767 295 1834 322 illuc

1040 340 1166 366 videntur
1187 340 1335 373 pertinere,
1357 339 1442 366 fuisse
1463 340 1497 367 ab
1522 339 1686 373 Origcuistis
1712 340 1832 371 intexta.

1039 386 1081 413 vel
1095 390 1169 413 certe
1196 385 1353 420 depravata.
1379 383 1497 419 ldipsum
1520 393 1549 413 se
1568 386 1706 413 inandisse
1731 386 1834 413 narrat

1039 429 1204 465 Nicephorus
1218 431 1264 458 lib.
1280 439 1319 464 ιιι,
1336 439 1396 466 cap.
1413 430 1457 458 i9.
1480 431 1518 458 Ne
1545 431 1706 458 Ambrosius
1717 431 1831 466 quidem

1040 477 1073 504 ab
1096 475 1212 512 Origene
1236 477 1375 510 dissonat,
1397 484 1458 504 eum
1483 476 1614 511 psalnnnn
1635 485 1718 505 cxrm
1745 484 1833 511 expo-

1040 530 1118 555 nens,
1134 530 1194 550 reos
1217 523 1358 558 suppliciis
1384 523 1480 558 subjici
1498 528 1602 553 censet.
1625 524 1687 557 quia
1715 524 1750 550 iis
1777 524 1831 550 ali-

1040 569 1147 603 quando
1161 569 1295 596 cximendi
1309 573 1390 602 sunt;
1408 568 1507 597 diaboli
1525 576 1590 596 vero
1609 576 1720 603 penam
1739 569 1834 596 ἀίσσει-

1041 615 1075 647 ri,
1092 619 1120 641 ut
1135 622 1274 649 nunquam
1291 615 1411 642 ﬁniatur.
1425 614 1482 648 Quo
1501 615 1607 642 accedit
1624 615 1834 642 Ambrosiastcr

1039 659 1065 686 in
1081 658 1163 694 Epist.
1186 659 1221 686 ad
1244 658 1338 693 Ephes.
1353 666 1412 694 cap.
1429 666 1458 691 ll,
1474 658 1623 685 Ecclesium
1639 659 1742 686 docens
1753 678 1761 689 ,
1779 659 1832 685 etsi

1040 710 1132 733 sancta
1149 705 1268 738 dicatur,
1283 705 1437 732 hominibus
1455 709 1544 732 tamen
1559 705 1666 732 vitiosis
1691 709 1831 735 constare.

1040 760 1093 779 non
1106 751 1232 786 perituris
1248 751 1367 786 quidem,
1380 752 1426 778 sed
1440 759 1488 786 per
1504 752 1592 786 ignem
1613 751 1765 786 purgandis
1780 758 1788 776 :
1805 755 1832 777 et

1042 797 1067 823 in
1083 803 1145 831 cap.
1164 804 1205 830 ιιι,
1221 797 1439 831 praedicationem
1452 797 1662 829 ecclesiasticam
1675 798 1714 824 ait
1731 798 1832 824 daemo-

1041 842 1120 869 nibus
1141 842 1284 876 proﬁcere,
1313 847 1342 870 ut
1363 843 1515 870 detrectato
1541 843 1639 871 diaboli
1662 844 1778 878 imperio
1797 844 1831 870 ad

1042 889 1124 915 Deum
1150 892 1353 916 convertantur.
1381 889 1466 916 Caute
1491 896 1600 924 quoque
1623 889 1829 916 observandum

1040 938 1082 962 est
1099 934 1303 969 Hieronymum,
1330 936 1374 969 qui
1399 939 1439 962 tot
1463 935 1626 970 Origeniano
1644 935 1748 962 nomini
1763 943 1830 962 con-

1041 979 1165 1006 tumelias
1179 979 1284 1012 inﬁixit,
1302 980 1327 1006 id
1342 979 1398 1007 fere
1414 981 1440 1007 in
1459 981 1576 1015 Origene
1591 988 1674 1015 super
1689 981 1741 1007 hac
1755 988 1829 1015 qua:-

1040 1026 1128 1053 stione
1143 1033 1266 1061 arguere,
1293 1026 1364 1060 quod
1386 1026 1520 1053 diabolum
1543 1027 1631 1061 pinnis
1654 1026 1830 1053 liberandum

1040 1077 1100 1098 esse
1115 1073 1273 1104 asscrucrit,
1297 1073 1421 1106 quamvis
1447 1073 1615 1100 contrarium
1637 1073 1760 1100 fateatur
1778 1073 1832 1100 ali-

1041 1116 1114 1149 cubi,
1132 1122 1160 1144 ut
1174 1118 1345 1151 notavimus;
1375 1118 1407 1145 de
1430 1118 1591 1146 liberatione
1605 1126 1670 1147 vero
1687 1120 1830 1146 hominum

1040 1162 1149 1190 siluisse
1163 1164 1262 1198 ipsum.
1278 1163 1373 1198 Itaque
1395 1164 1534 1191 abnormia
1559 1164 1666 1192 disserit
1691 1165 1830 1199 quadam,

1041 1213 1068 1236 et
1087 1215 1102 1234 a
1123 1207 1175 1235 ﬁde
1198 1209 1283 1236 aliena
1307 1209 1354 1236 lib.
1384 1217 1392 1236 ι
1417 1209 1519 1236 advers.
1545 1209 1697 1244 Pelagium,
1722 1218 1783 1244 cap.
1802 1211 1830 1242 9,

1040 1261 1134 1289 poenas
1149 1255 1259 1282 tradens
1274 1255 1454 1290 sempiternas
1468 1255 1600 1283 destinari
1615 1256 1725 1283 diabolo
1739 1262 1766 1283 et
1780 1257 1830 1283 hoc

1041 1300 1159 1327 minibus
1176 1301 1281 1334 impiis;
1298 1305 1325 1327 at
1344 1301 1445 1336 iniquis
1457 1306 1484 1328 et
1496 1307 1670 1336 peccatorum
1687 1303 1743 1329 reis
1758 1306 1831 1329 tem-

1040 1346 1147 1380 porales
1167 1346 1346 1374 solummodo.
1373 1346 1486 1382 ltupiutn
1510 1353 1600 1375 autem
1622 1348 1656 1375 ab
1681 1348 1776 1382 iniquo
1792 1349 1830 1375 ita

1041 1391 1182 1426 distinguit
1201 1400 1208 1418 :
1227 1400 1237 1417 ‹
1254 1392 1349 1420 Omnis
1378 1392 1476 1427 impius
1499 1393 1608 1427 iniquus
1635 1398 1715 1421 estet
1733 1401 1830 1428 pecca-

1042 1441 1083 1466 tor
1101 1446 1108 1465 :
1126 1446 1176 1465 nec
1199 1439 1383 1472 reciprocatur
1406 1443 1436 1466 ut
1457 1440 1593 1474 possimus
1608 1440 1712 1472 dicere,
1739 1441 1830 1468 omnis

1041 1488 1168 1518 peccator
1193 1490 1220 1510 et
1243 1483 1350 1517 iniquus
1379 1484 1461 1512 etiam
1487 1485 1586 1520 impius
1603 1490 1645 1512 est
1668 1492 1674 1510 :
1702 1486 1830 1519 impietas

1040 1530 1110 1557 cnim
1127 1529 1237 1564 proprie
1251 1531 1284 1557 ad
1297 1538 1345 1557 eos
1358 1531 1484 1565 pertinet,
1503 1530 1548 1565 qui
1563 1530 1685 1558 notitiam
1707 1530 1756 1558 llei
1774 1538 1826 1557 non

1040 1575 1150 1608 habent,
1166 1575 1205 1601 vel
1219 1575 1400 1610 cognitionem
1422 1576 1638 1610 transgressione
1664 1581 1826 1608 mutarunt;

1039 1625 1179 1655 peccatum
1194 1625 1283 1647 autem
1301 1625 1327 1648 et
1345 1621 1472 1655 iniquitas
1485 1628 1534 1655 pro
1549 1621 1680 1654 qualitate
1697 1621 1826 1648 vitiorum

1040 1670 1099 1701 post
1118 1666 1221 1701 peccati
1243 1671 1271 1693 et
1296 1665 1450 1701 iniquitatis
1475 1666 1584 1693 vulnera
1600 1667 1697 1700 recipit
1722 1667 1827 1693 sanita-

1041 1718 1105 1740 tem.
1125 1722 1134 1739 ι
1152 1713 1326 1741 Postmodum
1351 1713 1512 1740 sententiam
1537 1720 1614 1739 suam
1641 1719 1703 1739 cum
1728 1711 1826 1747 Orige-

1038 1759 1118 1786 niana
1139 1759 1175 1786 ita
1199 1759 1338 1793 componit
1353 1767 1360 1785 :
1381 1767 1390 1783 ι
1409 1759 1438 1786 Si
1454 1758 1585 1792 Origenes
1597 1765 1692 1784 omnes
1710 1758 1827 1785 rationa-

1039 1804 1107 1832 biles
1123 1809 1265 1831 creaturus
1280 1803 1348 1830 dicit
1361 1810 1413 1830 non
1426 1810 1487 1830 esse
1502 1803 1664 1837 perdendus,
1680 1806 1709 1829 et
1724 1802 1826 1829 diaboli

1041 1850 1133 1877 tribuit
1148 1849 1347 1885 ptenitentiam,
1363 1849 1427 1883 quid
1444 1848 1476 1876 ad
1495 1856 1554 1881 nos,
1573 1848 1618 1883 qui
1643 1853 1671 1876 et
1684 1848 1825 1876 diabolum

1039 1901 1066 1923 et
1085 1896 1213 1924 satellites
1231 1896 1301 1930 ejus,
1316 1901 1464 1929 omnesque
1478 1894 1575 1929 impios
1589 1899 1617 1921 et
1632 1895 1825 1928 prrevaricatoc

1040 1950 1083 1970 res
1098 1943 1214 1969 dicimus
1228 1942 1319 1976 perire
1344 1945 1473 1975 perpetuo
1489 1948 1497 1966 :
1519 1946 1546 1967 et
1559 1940 1740 1973 Christianos,
1757 1940 1779 1967 si
1799 1940 1824 1967 In

1038 1986 1157 2020 peccatis
1171 1985 1298 2020 praeventi
1311 1984 1423 2017 fuerint,
1446 1984 1590 2012 salvandos
1611 1991 1671 2011 esse
1689 1990 1751 2019 post
1766 1992 1823 2024 pq:-

1039 2031 1109 2058 nos?
1135 2041 1144 2057 ι
1162 2031 1240 2059 Clara
1265 2035 1328 2058 sunt
1347 2035 1376 2057 et
1399 2029 1442 2056 illa
1464 2029 1491 2056 in
1517 2029 1615 2064 quibus
1643 2030 1723 2057 tincm
1749 2030 1825 2064 ponit

1037 2077 1237 2104 Commentariis
1261 2076 1316 2103 suis
1340 2076 1368 2103 in
1392 2075 1513 2108 Isaiam,
1546 2075 1639 2102 dicens
1667 2075 1823 2109 neutiquam

1038 2123 1215 2158 evulgandum
1238 2129 1297 2149 esse
1321 2121 1388 2148 illud
1412 2122 1521 2156 dogma,
1541 2121 1612 2155 quod
1635 2120 1824 2146 damnatorum

200 2165 269 2194 Fiiio
281 2166 328 2193 Dei
342 2166 473 2194 beneﬁcio
489 2165 614 2193 allectum
630 2166 719 2199 docet,
744 2174 822 2201 quem
836 2166 873 2193 ita
889 2174 986 2201 expur-

1043 2169 1168 2196 terminat
1180 2175 1284 2202 poenas,
1304 2174 1350 2199 tte,
1371 2171 1443 2193 metu
1464 2165 1585 2199 supplicii
1606 2164 1700 2192 alterni
1723 2164 1824 2197 ablato,

201 2211 258 2247 gari
269 2211 317 2244 ait,
331 2213 559 2247 quemadmodum
571 2220 666 2239 aurum
681 2213 802 2240 adhibito
815 2212 875 2247 igne
887 2219 987 2248 expur-

201 2262 290 2292 gatur,
312 2263 417 2285 secreta
439 2263 467 2285 et
492 2263 604 2286 excocta
630 2258 757 2292 sequiore
772 2258 905 2291 materia;
928 2263 986 2285 tan-

201 2303 318 2337 demque
342 2303 485 2338 aliquando
508 2311 556 2338 per
580 2305 673 2339 longos
694 2309 842 2339 temporum
870 2305 986 2333 ambitus

202 2355 362 2383 consumpto
385 2351 456 2384 quod
478 2355 581 2378 natura:
598 2351 667 2378 inest
683 2351 755 2378 omni
775 2351 854 2383 malo,
874 2351 985 2378 damna-

202 2399 244 2425 tos
259 2396 286 2423 in
302 2396 436 2431 integrum
459 2396 492 2423 iri
516 2397 682 2429 restitutum,
708 2402 738 2424 ut
752 2404 805 2424 uno
821 2403 869 2424 ore
885 2398 987 2430 gratias

202 2447 302 2469 creata:
319 2449 362 2469 res
373 2443 507 2470 universas
522 2442 576 2470 Deo
592 2442 748 2470 refundunt.
773 2442 875 2469 Aurum
895 2443 987 2470 itidem

202 2487 229 2514 in
248 2487 399 2522 exemplum
424 2488 532 2515 asciscit
553 2495 614 2522 cup.
628 2488 663 2515 '55
679 2487 743 2515 libri
761 2489 895 2524 ejusdem,
909 2493 936 2515 et
954 2495 988 2516 ne

202 2533 299 2561 futurae
318 2534 426 2569 quidem
446 2541 495 2568 spe
508 2534 602 2562 salutis
625 2541 673 2562 eos
688 2534 853 2568 intercludit,
878 2534 924 2569 qui
939 2542 987 2562 ne-

202 2586 254 2613 que
268 2579 403 2613 baptismi,
417 2586 505 2614 neque
530 2580 709 2613 poenitentiae,
735 2586 822 2614 neque
836 2580 889 2607 ulla
911 2580 988 2607 deni-

202 2632 255 2659 que
268 2626 429 2660 purgatione
446 2626 507 2654 vilte
527 2633 611 2653 noxas
623 2625 757 2653 eluerunt.
781 2625 881 2653 Verum
902 2626 988 2653 inter-

203 2670 273 2697 cedit
300 2670 451 2699 Germanus
477 2672 631 2706 patriarcha
658 2672 986 2707 Constantinopolitanus,

203 2716 248 2750 qui
263 2721 292 2743 ut
316 2718 395 2752 hujus
419 2718 552 2752 opinionis
574 2718 659 2746 labem
677 2726 692 2746 a
707 2717 839 2754 Gregorio
865 2717 986 2753 Nysseno

208 2787 209 2790 Ἰ
239 2807 262 2824 ³⁸
281 2807 352 2836 Psal.
365 2816 414 2838 ιιι,
431 2810 454 2836 i.

1039 2214 1125 2249 magis
1139 2221 1197 2241 sese
1214 2212 1321 2240 licentia
1338 2215 1506 2247 prorumpat.
1518 2210 1630 2237 Demum
1645 2210 1684 2236 sic
1701 2210 1799 2236 desiuit
1813 2217 1820 2234 :

1042 2269 1051 2286 ι
1076 2261 1109 2287 Et
1136 2259 1207 2286 sicut
1228 2258 1338 2290 diaboli,
1360 2263 1389 2285 et
1413 2257 1533 2285 omnium
1558 2261 1717 2290 negatorum
1741 2261 1822 2289 atque

1039 2306 1192 2340 impiorum,
1221 2304 1265 2339 qui
1288 2303 1416 2330 dixerunt
1438 2302 1464 2329 in
1486 2301 1569 2329 corde
1589 2309 1639 2328 suo
1661 2309 1668 2326 ε
1692 2300 1754 2327 Non
1785 2303 1823 2326 est

1038 2351 1108 2378 Deus
1120 2351 1155 2384 “,
1173 2351 1308 2378 credimus
1330 2353 1430 2377 attenta
1455 2353 1608 2379 tormenta;
1631 2347 1671 2374 sic
1697 2352 1821 2381 peccato-

1039 2405 1097 2423 rum
1121 2401 1202 2431 atque
1226 2395 1390 2430 impiorum,
1420 2398 1447 2420 et
1476 2397 1565 2420 tamen
1589 2390 1824 2422 Christianorum,

1038 2449 1151 2476 quorum
1176 2448 1259 2475 opera
1277 2441 1302 2466 in
1328 2439 1390 2473 igne
1412 2436 1550 2472 probanda
1573 2440 1637 2463 sunt
1657 2440 1738 2469 atque
1762 2442 1823 2469 pur-

1038 2487 1316 2522 gandavmoderatam
1330 2484 1495 2511 arbitramur
1510 2485 1537 2509 et
1553 2481 1659 2508 inistam
1673 2479 1823 2507 clementia:

1039 2531 1322 2565 sententiamjudicis.
1342 2539 1352 2556 ι
1370 2529 1431 2556 Hinc
1447 2536 1507 2555 cum
1530 2525 1734 2555 Commentariis
1755 2531 1822 2558 quo-

1036 2586 1089 2613 que
1102 2579 1158 2605 suis
1176 2578 1204 2604 in
1217 2577 1364 2611 Epistolam
1379 2576 1413 2602 ad
1438 2574 1564 2609 Ephesios
1586 2571 1759 2606 aspersisset,
1781 2577 1822 2596 re-

1036 2625 1187 2660 prehensus
1202 2628 1244 2651 est
1266 2631 1281 2650 a
1305 2622 1404 2649 Ruﬁno
1418 2621 1516 2648 Iuvect.
1541 2627 1549 2646 ι
1565 2625 1592 2646 et
1606 2626 1643 2653 ιι,
1664 2617 1745 2652 hujus
1762 2616 1822 2643 licet

1038 2670 1266 2706 reprehensiones
1285 2669 1408 2696 devitarc
1428 2672 1542 2695 conetur
1559 2665 1740 2699 Hieronymus
1753 2663 1820 2690 lib.t

1038 2716 1149 2751 Apolog.
1162 2715 1267 2743 advers.
1285 2714 1387 2748 Ruﬁn.,
1405 2721 1464 2748 cap.
1481 2713 1514 2748 6.,
1525 2711 1607 2739 Libro
1623 2717 1687 2738 vero
1702 2708 1820 2743 ejusdem
