1927 3076
83 165 151 194 1041

494 165 780 196 ORIGENIANORL‘M
799 165 863 193 LIB.
885 163 915 198 ll,
934 165 1010 193 CAP.
1027 165 1060 198 ll,
1077 165 1213 199 ρυιΕδΤ.
1233 165 1278 193 .‘il.

1635 166 1704 195 1042

83 221 225 256 Apologirr
237 221 365 255 secundo,
379 229 439 257 cap.
455 223 478 254 l,
492 223 549 250 haec
562 223 661 250 habet:
674 232 683 248 ε
695 223 771 256 Quod
783 227 871 250 autent
888 224 909 252 Α
924 222 1022 249 celabit
1036 229 1083 250 eos
1105 222 1182 256 quasi
1198 229 1305 255 aurum,
1320 226 1347 248 et
1365 222 1442 256 quasi
1471 227 1628 258 argentum;
1651 232 1662 250 ι
1677 230 1705 252 ct

85 267 249 302 imprecaris
273 268 414 301 fratribus,
431 269 482 296 hoc
503 274 545 296 est
569 269 789 297 criminatoribus
809 269 872 302 tuis,

84 319 204 341 mternos
222 314 297 349 ignes
317 322 378 342 cum
402 314 520 346 diabolo,
548 322 600 342 non
617 319 671 342 tam
689 314 787 342 fratres
807 314 873 342 mihi

86 359 189 386 videris
216 366 350 394 proruere;
373 367 455 395 quam
481 359 616 387 diabolum
638 360 792 392 sublevare,
812 367 873 387 cum

84 404 193 435 iisdem.
213 405 310 439 quibus
322 405 447 433 homines
460 405 621 439 Christiani,
637 407 746 442 ignibus
760 407 874 442 punien-

84 450 138 477 dus
166 450 217 483 sit;
237 459 246 476 ι
263 451 340 485 quasi
365 450 418 478 alio
443 451 513 486 ignis
537 460 638 487 genere
665 452 788 481 diabolus
810 461 875 481 crn-

88 496 205 524 eiandus
223 497 270 530 sit,
289 497 342 524 alio
367 497 491 525 homines
516 497 674 527 Christiani.
698 498 792 533 Itaque
810 498 872 525 Sta-

84 542 192 570 nislaus
205 542 363 571 Pannonius
379 543 557 579 Auabaptista
574 544 645 571 hunc
667 543 792 579 Origenis
807 551 872 578 pro-

83 595 214 624 pugnans
228 595 361 622 errorem,
376 589 402 616 in
419 589 488 617 libro
500 589 538 617 De
557 589 646 617 divina
666 590 872 624 pltilantIu-opia,

84 633 245 669 Hieronymi
263 635 450 669 auctoritatem
474 642 525 662 non
551 635 611 662 sine
634 636 740 663 ratione
753 640 873 670 usurpat,

83 678 279 713 imlneritoque
295 686 310 704 a
327 677 403 705 Sixto
420 678 532 706 Senensi
545 679 591 707 lib.
605 688 630 707 vi
640 680 724 712 Bibl.,
736 680 798 708 adn.
810 680 873 714 290,

83 726 122 753 ob
139 732 200 752 eam
213 732 270 752 rem
288 725 494 759 reprehenditur
509 732 516 752 :
535 733 597 753 nam
612 726 737 760 quamvis
762 725 875 754 nefariae.

84 769 198 805 penitus
210 774 237 796 et
251 769 385 797 damnata:
401 770 532 798 doctrina:
546 770 731 798 defensionem
745 764 873 806 suscepe-

84 815 283 842 rithazreticus
301 814 358 847 ille,
378 815 404 842 in
427 822 514 850 eoque
538 815 707 850 impudenter
720 816 807 851 egisse
832 816 874 844 fa-

85 861 202 888 tendum
216 861 263 894 sit,
286 860 444 897 Hieronymi
465 866 554 889 tamen
578 861 757 897 patrocinium
774 862 875 897 absque

84 907 238 941 impostura
262 911 290 935 et
309 907 463 939 mendacio,
486 915 546 943 quae
570 907 620 942 ipsi
643 907 736 942 objicit
761 907 872 941 Sistus,

84 952 139 979 sibi
163 952 286 980 asciscit.
303 951 481 980 Proferantur
501 953 573 981 enim
590 953 652 981 licet
669 958 795 981 sexcenta
813 953 875 981 Hie-

85 998 197 1032 ronymi
225 997 396 1031 testimonia,
432 999 532 1032 quibus
556 999 723 1026 contrarium
747 999 874 1032 tradidit;

86 1050 172 1070 unum
198 1043 259 1070 inde
282 1043 347 1071 illud
363 1043 488 1076 edicitur,
504 1049 624 1072 mutasse
638 1044 713 1071 illtlm
732 1043 875 1079 aliquando

85 1089 264 1121 sententiam,
291 1096 342 1117 nec
369 1090 456 1117 unica:
488 1097 595 1125 semper
621 1090 876 1125 opinationiadhm-

86 1134 169 1165 sisse.
184 1134 220 1161 At
236 1142 284 1170 par
297 1134 356 1170 pari
374 1135 467 1162 retulit
481 1135 670 1171 llieronymus,
681 1142 736 1170 quo
749 1135 874 1162 Ruﬁnum

88 1179 269 1213 remorderet,
283 1180 331 1215 qui
349 1188 410 1208 cum
425 1181 483 1208 haec
497 1181 531 1209 ad
546 1181 721 1209 Anastasium
735 1189 830 1216 papam
849 1182 876 1209 iu

86 1226 219 1260 Apologia
231 1226 292 1260 ﬁdei
304 1234 359 1254 aut:
377 1226 533 1261 scripsisset
548 1235 554 1253 :
574 1235 584 1253 ι
601 1227 629 1254 Si
644 1227 706 1262 quis
721 1231 801 1262 negat
817 1227 876 1254 dia-

89 1270 182 1299 bolum
200 1271 310 1299 aeternis
324 1272 433 1306 ignibus
456 1273 678 1307 mancipandum,
696 1277 799 1308 partem
816 1280 876 1300 clm

89 1317 152 1351 ipso
161 1318 254 1345 κιεπηί
268 1318 338 1353 ignis
351 1318 480 1353 accipiat,
493 1322 521 1345 ut
535 1319 634 1346 sentiat
647 1319 719 1353 quod
731 1319 849 1354 negavit,
864 1329 874 1346 ι

88 1363 118 1391 in
128 1364 311 1398 suspicionem
325 1369 415 1392 tamen
431 1369 543 1392 assertte
557 1365 654 1392 diaboli
669 1365 765 1393 salutis
779 1372 877 1393 vocare

90 1409 205 1436 tentavit
233 1409 412 1444 Hieronymus
435 1409 544 1445 Apolog.
569 1417 599 1442 n,
622 1417 682 1444 cap.
700 1409 724 1442 l,
742 1417 801 1437 eam
819 1417 833 1437 a
849 1417 878 1437 se

89 1453 154 1481 licet
167 1455 349 1490 suspicionem
369 1454 528 1490 propulsare
542 1454 657 1482 Ruﬁnus
676 1454 807 1482 Inuectiva
822 1455 877 1490 pri-

90 1508 136 1527 ma
159 1500 318 1529 laborasset.
345 1500 455 1534 Verum,
481 1501 584 1529 omisso
609 1502 660 1529 hoc
689 1501 779 1529 Rutilii
806 1501 875 1535 loco,

90 1553 172 1580 quem
184 1554 236 1574 non
252 1547 312 1575 sine
323 1546 496 1575 cavillatione
507 1547 534 1574 in
547 1547 701 1582 sequiorem
716 1548 784 1575 trahi
797 1555 877 1583 posse

91 1600 203 1620 sensum
216 1598 354 1628 putamus,
372 1599 467 1628 aperte
485 1593 578 1621 deﬁnit
594 1594 620 1621 in
637 1594 762 1629 Symbolo
779 1595 878 1629 sempi-

92 1638 178 1666 ternis
201 1639 311 1673 quidem
336 1639 480 1666 tormentis
501 1639 678 1666 cruciandum
701 1646 761 1667 esse
785 1639 878 1667 diabo-

90 1684 165 1715 lum;
185 1689 277 1711 sontes
292 1691 357 1711 vero
373 1684 508 1716 homines,
524 1683 697 1719 temporariis
710 1690 738 1712 et
752 1685 877 1719 aliquau-

90 1729 128 1756 do
146 1729 273 1757 liniendis
289 1739 295 1757 :
309 1737 372 1756 nam
388 1729 452 1765 quid
466 1729 538 1757 aliud
551 1730 602 1757 sibi
617 1730 686 1758 velle
701 1735 799 1765 potest,
816 1738 878 1758 cum

90 1774 211 1802 aﬂirmat
227 1775 348 1802 futurum
365 1780 394 1803 ut
408 1780 564 1810 peccatores
582 1785 592 1802 ‹
610 1777 712 1812 absque
724 1777 879 1805 interitione

90 1829 142 1849 sua
159 1821 265 1849 debitas
285 1821 362 1848 luant
375 1823 489 1858 ptenas?
506 1832 516 1848 ι
531 1826 558 1849 et
572 1822 653 1858 justis
667 1823 775 1857 quidem
794 1831 803 1848 ι
819 1829 880 1857 per-

91 1868 253 1902 petuitatem
265 1868 367 1903 glorizr,
381 1869 569 1903 peccatoribus
586 1873 678 1896 autem
694 1869 879 1903 prolixitatem

92 1912 264 1941 confusionis
277 1918 304 1941 et
327 1921 414 1948 poma:
431 1924 440 1940 ι
461 1915 532 1942 Deus
548 1914 706 1942 ministret?
723 1913 807 1942 Recte
822 1914 882 1949 qui-

92 1961 156 1987 dem
171 1964 198 1986 et
212 1967 246 1987 ex
264 1960 391 1988 Ecclesia:
407 1961 566 1996 prmscripto
577 1960 610 1988 de
630 1968 770 1995 pinnarum
786 1967 894 2000 peren-l

92 2006 181 2033 nitate
198 2005 335 2033 disserunt
357 2006 567 2042 Chrysoslomus
586 2011 613 2034 et
638 2007 813 2041 Augustinus,
834 2007 881 2034 sed

94 2056 211 2085 uterque
228 2055 315 2078 tamen
330 2051 465 2086 peculiare
486 2051 552 2079 illud
574 2052 666 2085 habet,
690 2053 762 2087 quod
779 2052 882 2079 crucia-

94 2101 140 2124 tus
155 2097 357 2129 damnatorum,
371 2097 393 2124 si
411 2097 500 2124 minus
517 2097 600 2131 finiri,
626 2103 654 2125 at
670 2098 792 2125 virorum
808 2103 882 2125 certe

94 2142 222 2178 precibus
236 2148 263 2171 et
275 2143 416 2170 sacriﬁciis
438 2143 555 2178 mitigari
575 2144 694 2178 putavit;
721 2144 765 2171 hic
782 2144 807 2170 in
826 2143 881 2171 En-

95 2189 210 2216 clu'ridio
223 2189 258 2215 ad
274 2188 456 2221 Laurentium,
476 2196 536 2224 cap.
554 2189 606 2216 “0
627 2194 655 2217 et
678 2189 739 2222 ΗΞ,
760 2189 806 2216 ille
820 2190 846 2216 in
865 2189 883 2216 5

890 894 911 921 Β

923 275 956 296 ex
986 268 1029 295 illo
1045 267 1169 296 Jeremiaa
1186 268 1284 300 ".22:
1307 278 1316 294 ς
1344 268 1371 296 Si
1394 268 1493 297 laveris
1518 273 1544 296 te
1567 270 1656 302 nitro,
1677 275 1705 299 et

924 314 1144 349 multiplicaveris
1160 314 1206 342 tibi
1223 315 1332 342 herbam
1355 315 1454 346 borith,
1481 315 1613 346 maculata
1633 323 1663 343 es
1677 316 1704 343 in

925 359 1067 395 iniquitate
1089 364 1132 387 tua
1157 367 1248 388 coram
1273 368 1333 393 me,
1356 360 1421 388 dicit
1444 361 1571 388 Dominus
1592 362 1672 390 Dens.
1691 371 1702 388 ι

925 405 1001 435 Prius
1033 405 1097 433 illud
1124 405 1262 433 Malacliiaa
1294 406 1433 440 usurpavit
1452 406 1582 441 Origenes
1611 407 1657 437 lib.
1678 416 1703 436 Vi

925 456 1015 479 contra
1028 451 1110 484 (Ie/3.,
1127 459 1188 480 cum
1204 456 1334 486 quareret
1346 459 1430 486 quare
1446 452 1521 480 vallis
1530 452 1706 489 Ennomqum

925 496 981 531 ipsa
1005 502 1046 525 est
1067 497 1190 532 gehenna
1220 501 1249 525 et
1277 503 1416 532 poenarum
1441 497 1534 530 locus,
1563 499 1588 527 in
1611 501 1704 530 eadem

927 543 1010 576 tribu,
1025 543 1200 577 Benjamitica
1217 543 1354 577 nimirum,
1368 543 1394 571 in
1409 551 1462 578 qua
1477 543 1634 579 Jerusalem,
1647 554 1706 575 cen-

925 594 1044 622 seretur;
1064 590 1261 625 respondetque
1274 589 1360 617 locum
1375 590 1445 618 hunc
1461 597 1601 626 plenarum
1616 593 1702 626 accipi

925 642 974 670 pro
990 635 1154 663 cruciatibus
1175 636 1348 671 purgatoriis,
1367 637 1411 671 qui
1433 644 1448 663 a
1471 637 1589 666 caelestis
1602 637 1707 667 Jeroso-

926 680 1002 717 lymte
1017 680 1090 717 Rege
1102 689 1135 708 ac
1149 681 1262 709 Domino
1275 682 1371 710 animaa-
1383 682 1547 718 inlliguutur,
1559 685 1706 712 secundum

927 727 1006 754 verba
1020 735 1034 754 e
1046 727 1176 754 Malachia
1188 728 1315 755 adducta.
1329 727 1470 756 Suhnectit
1486 729 1593 757 demum
1609 737 1708 765 mysted

925 772 964 799 ria
982 773 1038 800 lucc
1051 773 1158 800 silentio
1173 773 1350 808 obsignanda,
1367 782 1401 802 ne
1415 774 1536 803 homines
1553 782 1666 811 nequam
1680 776 1706 804 in

926 818 1019 845 vitium
1041 818 1156 846 effrenes
1185 824 1282 853 ruant,
1312 819 1410 854 quippe
1432 820 1478 854 qui
1501 828 1536 848 ne
1566 828 1707 855 plenarum

926 864 1033 899 quidem
1054 870 1234 897 aeteruarum,
1250 870 1277 893 et
1296 865 1348 892 [ine
1372 866 1522 903 carentiu‘m
1537 867 1663 901 opinione
1675 876 1707 896 ac

926 914 997 937 metu
1022 917 1037 937 a
1062 911 1208 938 sceleribus
1235 911 1448 939 absterreantur.
1479 911 1555 946 Quod
1575 915 1709 947 expressit

926 954 1106 991 Hieronymus
1124 956 1151 983 in
1173 956 1225 984 line
1249 956 1393 984 Comment.
1414 958 1441 984 in
1464 957 1574 985 Isaiam.
1600 958 1709 994 Perspi-

925 1008 1005 1028 cuum
1032 1006 1074 1029 est
1095 1002 1187 1037 itaque
1205 1003 1366 1030 sententiam
1388 1003 1456 1031 hanc
1477 1005 1509 1031 de
1532 1005 1707 1033 terminamlis

926 1045 1070 1080 aliquando
1092 1047 1278 1074 damnatorqu
1295 1047 1446 1082 suppliciis,
1472 1047 1596 1083 Origcnis
1616 1052 1707 1080 aelate,

926 1091 1072 1127 multisque
1092 1097 1151 1126 post
1178 1093 1269 1125 annis,
1292 1093 1411 1120 nondum
1437 1093 1511 1121 clara
1536 1094 1669 1123 haereseos
1681 1099 1709 1121 ct

926 1144 1053 1172 expressa
1067 1142 1131 1166 nota
1144 1137 1228 1166 fuisse
1241 1137 1411 1171 infamatam,
1427 1143 1456 1166 ut
1469 1144 1530 1174 pote
1547 1147 1627 1174 quam
1640 1148 1708 1168 non-

927 1183 991 1211 nulli
1007 1184 1040 1212 de
1055 1189 1125 1212 cuitu
1140 1184 1259 1217 Patrum,
1280 1184 1351 1219 iique
1368 1192 1420 1212 non
1439 1184 1521 1212 inﬁmi
1542 1190 1641 1220 puncto
1660 1194 1709 1214 suo

927 1229 1138 1264 comprobarint.
1168 1230 1299 1263 Quocirca
1332 1231 1479 1258 Facundus
1507 1230 1709 1262 l-iermianensis

927 1274 976 1302 lib.
998 1282 1036 1307 Iv,
1058 1282 1117 1311 cap.
1141 1275 1170 1308 4,
1193 1276 1287 1304 scribit
1323 1277 1503 1304 Domitianum
1525 1277 1708 1313 Ancyranum,

928 1319 1098 1355 Origenianze
1121 1321 1252 1349 doctrinae
1275 1321 1454 1356 defensorem,
1482 1322 1508 1349 in
1523 1322 1613 1350 libello
1629 1330 1709 1357 quem

928 1365 1035 1400 scripsit
1056 1365 1154 1400 Vigilio
1177 1373 1264 1401 papm,
1287 1376 1296 1393 ι
1316 1372 1527 1403 conquerentem
1545 1368 1578 1396 de
1599 1367 1642 1395 his
1664 1369 1709 1403 qui

928 1411 1149 1439 contradicebant
1187 1411 1362 1447 dogmatibus
1392 1411 1533 1448 Origenis,
1563 1413 1712 1442 asserentis

929 1456 1034 1483 animas
1050 1455 1181 1483 humanas
1197 1460 1260 1483 ante
1276 1464 1388 1490 corpora
1403 1457 1428 1483 in
1439 1457 1554 1490 quadam
1569 1457 1645 1485 beata
1657 1458 1710 1484 vita

931 1501 1134 1534 prarexstitisse,
1151 1505 1179 1528 et
1196 1509 1292 1529 omnes
1306 1509 1365 1536 qua:
1381 1501 1481 1529 iuerint
1495 1506 1597 1530 reterno
1611 1502 1712 1538 suppli-

930 1548 972 1575 cio
985 1548 1134 1580 destinam,
1159 1548 1184 1575 in
1203 1548 1343 1582 pristinam
1360 1547 1555 1575 beatitudinem
1575 1556 1637 1576 cum
1651 1549 1712 1575 dia-

929 1593 990 1621 bolo
1012 1597 1039 1620 ct
1064 1593 1168 1628 angelis
1192 1593 1251 1627 ejus
1274 1593 1391 1624 restitui,
1418 1592 1509 1620 dicere
1526 1592 1607 1620 etiam
1633 1593 1710 1620 hate:

930 1638 1116 1666 Prosiluerunt
1143 1639 1178 1666 ad
1203 1639 1466 1666 anathematizando:
1485 1639 1665 1666 sanctissimos
1688 1645 1713 1666 et

929 1684 1130 1719 gloriosissimos
1146 1685 1276 1715 declares,
1292 1685 1339 1710 sub
1355 1684 1488 1710 occasione
1501 1691 1590 1710 eorum
1607 1692 1664 1718 qua’
1682 1684 1714 1710 de

929 1728 1134 1763 pra'exsislentia
1149 1732 1174 1754 et
1189 1728 1352 1754 restitutione
1374 1733 1444 1754 mota
1465 1733 1535 1761 sunt,
1549 1728 1714 1762 dogmalum,

931 1775 978 1802 sub
990 1775 1074 1807 specie
1093 1774 1196 1808 quidem
1222 1773 1351 1808 Origenis,
1375 1782 1464 1801 omnes
1482 1778 1568 1801 autent
1592 1775 1637 1809 qui
1652 1780 1715 1802 ante

931 1828 989 1847 eum
1007 1824 1031 1846 et
1047 1824 1103 1853 pcst
1119 1827 1177 1846 eum
1191 1819 1296 1853 fuerunt
1307 1824 1413 1846 sanctos
1423 1820 1686 1847 anathematizanles.
1701 1829 1712 1846 3

968 1866 1062 1893 Petrus
1073 1865 1235 1897 llalloixius,
1244 1865 1469 1901 Origenianarum
1477 1873 1507 1900 pa
1514 1865 1592 1892 rtimn
1603 1866 1715 1900 insignis

933 1916 1073 1947 patronus,
1093 1911 1198 1938 duobus
1220 1911 1276 1938 fere
1299 1911 1385 1938 modis
1403 1911 1541 1945 objectmn
1555 1911 1715 1939 Adamantio

932 1959 1034 1985 crimen
1043 1957 1147 1985 amoliri
1159 1957 1247 1984 studet
1258 1956 1366 1991 Origeu.
1376 1957 1480 1991 Defem.
1490 1957 1534 1984 lib.
1545 1961 1678 1991 Iv,qua:st.
1686 1957 1714 1986 ιε

934 2011 995 2030 nam
1015 2002 1056 2030 vel
1079 2009 1140 2030 eum
1161 2007 1276 2029 conatur
1297 2001 1439 2029 ostendere
1462 2009 1515 2028 non
1535 2001 1635 2029 dixisse
1654 2000 1716 2036 qui"

933 2050 994 2077 dem
1018 2049 1159 2076 damnatos
1181 2052 1208 2075 et
1234 2047 1370 2075 daemones
1396 2047 1430 2074 ad
1457 2047 1595 2080 superiora
1611 2054 1717 2081 regres-

933 2103 1023 2127 suros,
1038 2095 1083 2122 sed
1099 2094 1203 2129 regredi
1227 2097 1330 2120 tantum
1353 2099 1442 2127 posse,
1469 2092 1548 2127 idque
1563 2092 1644 2120 certis
1658 2092 1718 2127 qui-

934 2142 1048 2169 busdam
1063 2138 1271 2170 conditionibus,
1286 2145 1347 2173 quae
1363 2145 1424 2165 cum
1438 2137 1594 2172 neutiquam
1613 2137 1718 2172 possint

934 2187 1102 2222 contingere,
1127 2193 1179 2212 nou
1204 2185 1283 2212 aliter
1297 2183 1500 2218 intelligendum
1515 2183 1670 2218 Origencm,
1685 2190 1718 2209 ac

96 2234 193 2262 homil.
211 2235 246 2260 ad
263 2233 362 2268 Philip.
378 2234 492 2262 Prorsus
504 2242 568 2262 vero
584 2235 731 2270 platonizat
747 2235 878 2270 Synesius
897 2241 919 2269 ι)
934 2234 955 2260 si
971 2232 1044 2260 omni
1062 2231 1169 2267 penitus
1183 2229 1343 2258 liberatione
1357 2229 1506 2263 diabolum,
1521 2230 1718 2264 damnatosque

95 2280 177 2314 epist.
193 2279 240 2311 ﬂ,
260 2279 293 2306 ad
319 2279 471 2307 Joannem:
495 2279 632 2306 lemOIles
656 2279 754 2314 quippe
777 2279 814 2305 ait
838 2286 885 2306 ex-

96 2325 207 2361 piandis
219 2324 366 2352 sceleribus
381 2324 521 2359 prmfectos
538 2325 660 2352 eamdem
675 2325 701 2351 in
722 2325 825 2351 animas
841 2331 885 2351 ar-

98 2375 166 2403 tem,
181 2378 262 2406 qnant
289 2371 402 2399 fullones
428 2371 453 2398 in
474 2370 597 2398 sordidas
617 2375 705 2397 vestes
729 2376 859 2397 exercere
876 2377 883 2396 :

97 2417 251 2444 animarum
285 2424 348 2451 ergo
381 2416 560 2451 quarumdam
590 2423 643 2443 non
675 2422 772 2450 magno
794 2415 886 2442 labore

98 2462 222 2497 abstergi
243 2462 381 2495 maculas,
413 2462 613 2497 pristinumque
638 2461 727 2488 induci
749 2461 887 2494 nitorem;

98 2509 162 2536 aliis
177 2515 242 2535 vero
255 2508 293 2534 ita
307 2507 413 2535 inolitas
435 2515 494 2535 esse
508 2507 619 2540 sordes,
645 2510 675 2534 ut
691 2505 760 2533 nulla
776 2506 885 2539 lotione,

100 2555 263 2590 purgatione
289 2554 360 2581 nulla
385 2554 511 2581 mundari
531 2554 637 2588 possint
662 2561 670 2580 :
694 2557 792 2580 czelera
820 2552 887 2588 meri

101 2606 166 2635 sunt
178 2600 348 2628 f'latonismi.
364 2599 537 2634 Comparatio
556 2599 600 2626 illa
618 2599 763 2634 purgandae
779 2598 886 2630 animae,

101 2654 166 2674 cum
185 2654 275 2682 panno
289 2646 399 2674 sordido
418 2645 527 2673 fullonis
549 2650 608 2673 arte
626 2645 790 2677 mundando,
816 2647 887 2672 utet

102 2692 165 2720 alia:
189 2700 204 2719 a
230 2692 355 2720 Patribus
376 2692 411 2719 ad
434 2691 461 2719 id
482 2691 679 2726 explanandum
700 2695 888 2726 argumentum

103 2746 167 2766 cum
188 2737 250 2773 igne
270 2743 298 2766 et
317 2745 383 2766 auro
405 2737 544 2770 institutae,
567 2737 695 2771 profecta:
715 2737 840 2764 videntur
853 2744 886 2763 er

103 2784 152 2812 his
167 2783 306 2811 Malachite
320 2791 363 2816 nt,
378 2783 407 2815 2,
417 2783 434 2810 5
446 2792 453 2810 :
472 2792 481 2808 ε
498 2781 556 2817 Ipse
569 2781 641 2809 enim
656 2781 732 2816 quasi
746 2781 814 2817 ignis
825 2789 909 2822 con-.3

105 2829 189 2863 ﬂans,
203 2834 230 2857 et
243 2830 320 2864 quasi
335 2830 419 2857 herba
438 2828 567 2856 fullonum
581 2835 587 2854 :
603 2833 629 2855 et
641 2828 745 2855 sedebit
757 2827 888 2860 conllans,
904 2829 911 2838 τ

105 2882 133 2904 et
147 2876 298 2905 emundans
319 2864 471 2912 argentum,
495 2880 523 2904 et
547 2873 670 2909 purgabit
687 2873 755 2903 lilios
769 2873 843 2908 Levi,
864 2879 901 2901 et=

934 2279 1055 2307 homines
1068 2277 1211 2312 privasset.
1228 2276 1404 2306 Conditiones
1423 2282 1513 2304 autem
1528 2276 1580 2304 illa':
1592 2281 1655 2303 sunt
1668 2277 1718 2303 hu-

929 2323 1060 2358 jusmodi,
1072 2330 1153 2358 posse
1178 2323 1289 2357 angelos
1310 2328 1338 2351 et
1355 2324 1449 2351 beatos
1464 2323 1497 2350 ad
1520 2323 1572 2349 ima
1587 2321 1719 2357 provolvi,

934 2371 956 2397 si
971 2369 1096 2398 libertate
1112 2373 1218 2396 utentes
1232 2369 1338 2396 arbitrii
1353 2376 1367 2396 a
1385 2369 1484 2396 virtute
1500 2368 1644 2401 deficiant;
1660 2375 1691 2395 ac
1704 2374 1720 2395 θ

935 2414 1071 2442 contrario
1091 2415 1126 2442 ad
1151 2422 1257 2442 summa
1277 2421 1355 2449 posse
1378 2415 1519 2442 damnatos
1543 2419 1571 2441 et
1584 2414 1720 2441 daemones

936 2460 1090 2496 pervenire,
1105 2461 1127 2488 si
1142 2460 1230 2496 gratia
1247 2459 1329 2494 adjuti
1345 2459 1437 2487 divina
1451 2459 1628 2495 resipiscam;
1658 2465 1718 2484 cum

935 2511 1026 2534 autem
1054 2506 1127 2533 nullo
1143 2514 1254 2541 prorsus
1274 2506 1353 2533 modo
1374 2506 1494 2533 futurum
1516 2505 1552 2532 sit
1569 2509 1597 2530 ut
1613 2503 1639 2530 hi
1654 2503 1720 2530 resi-

937 2552 1052 2586 piscant,
1068 2551 1104 2578 illi
1118 2559 1133 2578 a
1146 2552 1245 2579 virtute
1259 2552 1397 2585 deliciam,
1423 2551 1486 2578 hinc
1502 2549 1607 2584 colligit
1620 2548 1721 2576 Halloi-

938 2596 998 2624 xiua
1012 2596 1170 2623 arbitratum
1187 2596 1271 2624 fuisse
1289 2596 1431 2631 Origenem
1445 2603 1494 2622 nec
1507 2602 1522 2621 a
1537 2594 1665 2621 beatitale
1680 2593 1721 2620 di—

937 2642 1063 2677 lapsuros
1078 2641 1148 2674 illos,
1164 2650 1215 2669 nec
1228 2642 1277 2669 hos
1292 2641 1378 2676 pmnis
1389 2641 1421 2668 iri
1435 2640 1588 2668 liberatum.
1601 2639 1720 2673 thare,

939 2690 1036 2725 inquit,
1056 2690 1164 2724 quoties
1181 2688 1248 2716 dicit
1267 2688 1397 2722 Origenes
1421 2687 1556 2715 diabolum
1575 2693 1655 2721 posse
1667 2684 1721 2713 sal-

937 2737 1008 2769 vari,
1023 2734 1213 2770 intelligendus
1227 2738 1269 2762 est
1281 2733 1372 2761 dicere
1385 2741 1417 2761 ex
1434 2738 1510 2767 parte
1527 2737 1648 2762 naturae.
1668 2739 1720 2758 non

938 2789 970 2810 ex
985 2786 1063 2816 parte
1078 2780 1204 2812 malitiae;
1217 2779 1274 2807 sive
1287 2781 1358 2814 quod
1371 2784 1467 2806 natura
1484 2779 1542 2813 ejus
1557 2786 1611 2805 non
1626 2777 1661 2806 sit
1679 2785 1721 2804 re-

939 2834 1062 2862 pugnans
1077 2825 1167 2853 saluti.
1184 2824 1241 2852 lloc
1255 2826 1327 2852 enim
1349 2825 1478 2851 tenebant
1504 2822 1694 2856 Valentiniani.
1710 2831 1720 2848 ι

940 2873 1027 2907 Quam
1046 2872 1112 2900 levis
1124 2871 1159 2900 sit
1174 2872 1231 2900 haec
1243 2871 1393 2904 excusatio,
1409 2870 1485 2902 satis,
1512 2869 1538 2897 ni
1554 2869 1643 2903 fallor,
1661 2876 1723 2904 pre,-
