  <div class='ocr_page' id='page_1' title='image "/cluster/home/n/w/nwhite01/storage/ocr_20150623/17/njp.32101010944583/725.png"; bbox 0 0 1927 3076; ppageno 0'>
   <div class='ocr_carea' id='block_1_1' title="bbox 237 154 307 186">
    <p class='ocr_par' dir='ltr' id='par_1_1' title="bbox 237 154 307 186">
     <span class='ocr_line' id='line_1_1' title="bbox 237 154 307 186; baseline 0.014 -1"><span class='ocrx_word' id='word_1_1' title='bbox 237 154 249 182; x_wconf 76' lang='grc' dir='ltr'><strong>Ι</strong></span> <span class='ocrx_word' id='word_1_2' title='bbox 254 158 307 186; x_wconf 67' lang='grc'><strong>043</strong></span> 
     </span>
    </p>
   </div>
   <div class='ocr_carea' id='block_1_2' title="bbox 872 163 1212 193">
    <p class='ocr_par' dir='ltr' id='par_1_2' title="bbox 872 163 1212 193">
     <span class='ocr_line' id='line_1_2' title="bbox 872 163 1212 193; baseline 0.006 -2"><span class='ocrx_word' id='word_1_3' title='bbox 872 163 902 191; x_wconf 86' lang='lat' dir='ltr'><strong>P.</strong></span> <span class='ocrx_word' id='word_1_4' title='bbox 918 163 1077 192; x_wconf 80' lang='lat' dir='ltr'><strong>DANIELIS</strong></span> <span class='ocrx_word' id='word_1_5' title='bbox 1094 164 1212 193; x_wconf 81' lang='lat' dir='ltr'><strong>HUETII</strong></span> 
     </span>
    </p>
   </div>
   <div class='ocr_carea' id='block_1_3' title="bbox 1796 166 1868 193">
    <p class='ocr_par' dir='ltr' id='par_1_3' title="bbox 1796 166 1868 193">
     <span class='ocr_line' id='line_1_3' title="bbox 1796 166 1868 193; baseline 0 0"><span class='ocrx_word' id='word_1_6' title='bbox 1796 166 1868 193; x_wconf 71' lang='lat'><strong>10-“</strong></span> 
     </span>
    </p>
   </div>
   <div class='ocr_carea' id='block_1_4' title="bbox 237 216 1865 264">
    <p class='ocr_par' dir='ltr' id='par_1_4' title="bbox 237 216 1865 264">
     <span class='ocr_line' id='line_1_4' title="bbox 237 216 1865 264; baseline 0.006 -20"><span class='ocrx_word' id='word_1_7' title='bbox 237 216 330 264; x_wconf 77' lang='lat' dir='ltr'><strong>batum</strong></span> <span class='ocrx_word' id='word_1_8' title='bbox 347 222 389 264; x_wconf 81' lang='lat' dir='ltr'><strong>est</strong></span> <span class='ocrx_word' id='word_1_9' title='bbox 403 218 590 254; x_wconf 81' lang='lat' dir='ltr'><strong>superioribus</strong></span> <span class='ocrx_word' id='word_1_10' title='bbox 603 222 777 255; x_wconf 83' lang='lat' dir='ltr'><strong>testimoniis.</strong></span> <span class='ocrx_word' id='word_1_11' title='bbox 791 231 851 258; x_wconf 69' lang='lat' dir='ltr'><strong>qua:</strong></span> <span class='ocrx_word' id='word_1_12' title='bbox 864 232 917 252; x_wconf 91' lang='lat' dir='ltr'><strong>non</strong></span> <span class='ocrx_word' id='word_1_13' title='bbox 929 224 1022 252; x_wconf 83' lang='grc' dir='ltr'><strong>ὖποθε-</strong></span> <span class='ocrx_word' id='word_1_14' title='bbox 1037 227 1061 257; x_wconf 74' lang='grc' dir='ltr'>Α</span> <span class='ocrx_word' id='word_1_15' title='bbox 1075 225 1192 255; x_wconf 88' lang='lat' dir='ltr'><strong>fortasse</strong></span> <span class='ocrx_word' id='word_1_16' title='bbox 1205 227 1276 262; x_wconf 86' lang='lat' dir='ltr'><strong>quod</strong></span> <span class='ocrx_word' id='word_1_17' title='bbox 1290 232 1395 263; x_wconf 83' lang='lat' dir='ltr'><strong>tempus</strong></span> <span class='ocrx_word' id='word_1_18' title='bbox 1409 235 1452 255; x_wconf 83' lang='lat' dir='ltr'><strong>res</strong></span> <span class='ocrx_word' id='word_1_19' title='bbox 1475 227 1511 255; x_wconf 84' lang='lat' dir='ltr'><strong>sit</strong></span> <span class='ocrx_word' id='word_1_20' title='bbox 1532 227 1612 264; x_wconf 82' lang='lat' dir='ltr'><strong>vulgo</strong></span> <span class='ocrx_word' id='word_1_21' title='bbox 1625 226 1786 263; x_wconf 83' lang='lat' dir='ltr'><strong>ignorabilis</strong></span> <span class='ocrx_word' id='word_1_22' title='bbox 1798 236 1806 260; x_wconf 89' lang='lat'><strong>;</strong></span> <span class='ocrx_word' id='word_1_23' title='bbox 1824 227 1865 254; x_wconf 87' lang='lat' dir='ltr'><strong>vel</strong></span> 
     </span>
    </p>
   </div>
   <div class='ocr_carea' id='block_1_5' title="bbox 235 262 1023 301">
    <p class='ocr_par' dir='ltr' id='par_1_5' title="bbox 235 262 1023 301">
     <span class='ocr_line' id='line_1_5' title="bbox 235 262 1023 301; baseline 0.011 -13"><span class='ocrx_word' id='word_1_24' title='bbox 235 262 329 294; x_wconf 81' lang='grc' dir='ltr'>τικῶς,</span> <span class='ocrx_word' id='word_1_25' title='bbox 343 263 389 290; x_wconf 87' lang='lat' dir='ltr'><strong>sed</strong></span> <span class='ocrx_word' id='word_1_26' title='bbox 400 264 522 292; x_wconf 85' lang='lat' dir='ltr'><strong>absolute</strong></span> <span class='ocrx_word' id='word_1_27' title='bbox 533 269 561 292; x_wconf 88' lang='lat' dir='ltr'><strong>et</strong></span> <span class='ocrx_word' id='word_1_28' title='bbox 570 265 731 301; x_wconf 77' lang='lat' dir='ltr'><strong>simpliciter</strong></span> <span class='ocrx_word' id='word_1_29' title='bbox 739 267 897 296; x_wconf 81' lang='lat' dir='ltr'><strong>felicitatem</strong></span> <span class='ocrx_word' id='word_1_30' title='bbox 912 270 1023 297; x_wconf 87' lang='lat' dir='ltr'><strong>damna-</strong></span> 
     </span>
    </p>
   </div>
   <div class='ocr_carea' id='block_1_6' title="bbox 235 309 1021 346">
    <p class='ocr_par' dir='ltr' id='par_1_6' title="bbox 235 309 1021 346">
     <span class='ocr_line' id='line_1_6' title="bbox 235 309 1021 346; baseline 0.013 -11"><span class='ocrx_word' id='word_1_31' title='bbox 235 309 270 335; x_wconf 87' lang='lat' dir='ltr'><strong>tis</strong></span> <span class='ocrx_word' id='word_1_32' title='bbox 283 313 309 336; x_wconf 86' lang='lat' dir='ltr'><strong>et</strong></span> <span class='ocrx_word' id='word_1_33' title='bbox 325 309 492 338; x_wconf 65' lang='lat' dir='ltr'><strong>dmmonibus</strong></span> <span class='ocrx_word' id='word_1_34' title='bbox 506 312 679 346; x_wconf 83' lang='lat' dir='ltr'><strong>pollicentur.</strong></span> <span class='ocrx_word' id='word_1_35' title='bbox 700 313 764 342; x_wconf 91' lang='lat' dir='ltr'><strong>Plus</strong></span> <span class='ocrx_word' id='word_1_36' title='bbox 775 314 859 343; x_wconf 84' lang='lat' dir='ltr'><strong>habet</strong></span> <span class='ocrx_word' id='word_1_37' title='bbox 875 317 979 345; x_wconf 85' lang='lat' dir='ltr'><strong>roboris</strong></span> <span class='ocrx_word' id='word_1_38' title='bbox 995 318 1021 345; x_wconf 94' lang='lat' dir='ltr'><strong>in</strong></span> 
     </span>
    </p>
   </div>
   <div class='ocr_carea' id='block_1_7' title="bbox 234 353 1022 398">
    <p class='ocr_par' dir='ltr' id='par_1_7' title="bbox 234 353 1022 398">
     <span class='ocr_line' id='line_1_7' title="bbox 234 353 1022 398; baseline 0.016 -19"><span class='ocrx_word' id='word_1_39' title='bbox 234 353 325 388; x_wconf 85' lang='lat' dir='ltr'><strong>specie</strong></span> <span class='ocrx_word' id='word_1_40' title='bbox 339 353 465 383; x_wconf 81' lang='lat' dir='ltr'><strong>Halloixii</strong></span> <span class='ocrx_word' id='word_1_41' title='bbox 479 357 601 387; x_wconf 89' lang='lat' dir='ltr'><strong>defensio</strong></span> <span class='ocrx_word' id='word_1_42' title='bbox 620 359 716 393; x_wconf 90' lang='lat' dir='ltr'><strong>altera,</strong></span> <span class='ocrx_word' id='word_1_43' title='bbox 732 368 792 396; x_wconf 70' lang='lat' dir='ltr'><strong>quae</strong></span> <span class='ocrx_word' id='word_1_44' title='bbox 805 361 832 390; x_wconf 92' lang='lat' dir='ltr'><strong>in</strong></span> <span class='ocrx_word' id='word_1_45' title='bbox 846 363 954 398; x_wconf 86' lang='lat' dir='ltr'><strong>copiosa</strong></span> <span class='ocrx_word' id='word_1_46' title='bbox 965 364 1022 392; x_wconf 90' lang='lat' dir='ltr'><strong>Ori-</strong></span> 
     </span>
    </p>
   </div>
   <div class='ocr_carea' id='block_1_8' title="bbox 234 399 1022 444">
    <p class='ocr_par' dir='ltr' id='par_1_8' title="bbox 234 399 1022 444">
     <span class='ocr_line' id='line_1_8' title="bbox 234 399 1022 444; baseline 0.014 -18"><span class='ocrx_word' id='word_1_47' title='bbox 234 399 411 435; x_wconf 86' lang='lat' dir='ltr'><strong>genianorum</strong></span> <span class='ocrx_word' id='word_1_48' title='bbox 431 401 553 430; x_wconf 90' lang='lat' dir='ltr'><strong>locorum</strong></span> <span class='ocrx_word' id='word_1_49' title='bbox 585 405 713 440; x_wconf 75' lang='lat' dir='ltr'><strong>congerie</strong></span> <span class='ocrx_word' id='word_1_50' title='bbox 737 407 822 442; x_wconf 86' lang='lat' dir='ltr'><strong>posita</strong></span> <span class='ocrx_word' id='word_1_51' title='bbox 850 414 901 441; x_wconf 89' lang='lat' dir='ltr'><strong>est.</strong></span> <span class='ocrx_word' id='word_1_52' title='bbox 924 410 1022 444; x_wconf 84' lang='lat' dir='ltr'><strong>quibus</strong></span> 
     </span>
    </p>
   </div>
   <div class='ocr_carea' id='block_1_9' title="bbox 233 447 1022 489">
    <p class='ocr_par' dir='ltr' id='par_1_9' title="bbox 233 447 1022 489">
     <span class='ocr_line' id='line_1_9' title="bbox 233 447 1022 489; baseline 0.011 -15"><span class='ocrx_word' id='word_1_53' title='bbox 233 451 341 474; x_wconf 64' lang='lat' dir='ltr'><strong>aeternae</strong></span> <span class='ocrx_word' id='word_1_54' title='bbox 361 447 468 476; x_wconf 84' lang='lat' dir='ltr'><strong>diabolo</strong></span> <span class='ocrx_word' id='word_1_55' title='bbox 490 453 518 477; x_wconf 89' lang='lat' dir='ltr'><strong>et</strong></span> <span class='ocrx_word' id='word_1_56' title='bbox 541 449 677 479; x_wconf 79' lang='lat' dir='ltr'><strong>damnatis</strong></span> <span class='ocrx_word' id='word_1_57' title='bbox 698 460 803 487; x_wconf 64' lang='lat' dir='ltr'><strong>poenae,</strong></span> <span class='ocrx_word' id='word_1_58' title='bbox 820 455 914 482; x_wconf 72' lang='lat' dir='ltr'><strong>aeterni</strong></span> <span class='ocrx_word' id='word_1_59' title='bbox 946 455 1022 489; x_wconf 83' lang='lat' dir='ltr'><strong>ignes</strong></span> 
     </span>
    </p>
   </div>
   <div class='ocr_carea' id='block_1_10' title="bbox 233 491 1020 537">
    <p class='ocr_par' dir='ltr' id='par_1_10' title="bbox 233 491 1020 537">
     <span class='ocr_line' id='line_1_10' title="bbox 233 491 1020 537; baseline 0.014 -19"><span class='ocrx_word' id='word_1_60' title='bbox 233 491 418 521; x_wconf 82' lang='lat' dir='ltr'><strong>ascribuntur.</strong></span> <span class='ocrx_word' id='word_1_61' title='bbox 438 493 506 537; x_wconf 48' lang='lat' dir='ltr'><strong>liam</strong></span> <span class='ocrx_word' id='word_1_62' title='bbox 526 496 597 530; x_wconf 91' lang='lat' dir='ltr'><strong>quod</strong></span> <span class='ocrx_word' id='word_1_63' title='bbox 619 496 724 526; x_wconf 81' lang='lat' dir='ltr'><strong>dixerat</strong></span> <span class='ocrx_word' id='word_1_64' title='bbox 746 498 878 534; x_wconf 84' lang='lat' dir='ltr'><strong>Origenes</strong></span> <span class='ocrx_word' id='word_1_65' title='bbox 894 501 1020 535; x_wconf 81' lang='grc' dir='ltr'>αἰώνιον,</span> 
     </span>
    </p>
   </div>
   <div class='ocr_carea' id='block_1_11' title="bbox 232 537 1021 581">
    <p class='ocr_par' dir='ltr' id='par_1_11' title="bbox 232 537 1021 581">
     <span class='ocr_line' id='line_1_11' title="bbox 232 537 1021 581; baseline 0.015 -17"><span class='ocrx_word' id='word_1_66' title='bbox 232 537 396 573; x_wconf 84' lang='lat' dir='ltr'><strong>interpretes</strong></span> <span class='ocrx_word' id='word_1_67' title='bbox 418 539 514 568; x_wconf 80' lang='lat' dir='ltr'><strong>Latine</strong></span> <span class='ocrx_word' id='word_1_68' title='bbox 526 546 661 574; x_wconf 77' lang='lat' dir='ltr'><strong>teternum,</strong></span> <span class='ocrx_word' id='word_1_69' title='bbox 673 543 860 573; x_wconf 89' lang='lat' dir='ltr'><strong>reddiderunt.</strong></span> <span class='ocrx_word' id='word_1_70' title='bbox 873 545 940 574; x_wconf 88' lang='lat' dir='ltr'><strong>Tota</strong></span> <span class='ocrx_word' id='word_1_71' title='bbox 954 555 1021 581; x_wconf 80' lang='lat' dir='ltr'><strong>ergo</strong></span> 
     </span>
    </p>
   </div>
   <div class='ocr_carea' id='block_1_12' title="bbox 231 585 1019 628">
    <p class='ocr_par' dir='ltr' id='par_1_12' title="bbox 231 585 1019 628">
     <span class='ocr_line' id='line_1_12' title="bbox 231 585 1019 628; baseline 0.014 -19"><span class='ocrx_word' id='word_1_72' title='bbox 231 585 476 618; x_wconf 74' lang='lat' dir='ltr'><strong>argumentationis</strong></span> <span class='ocrx_word' id='word_1_73' title='bbox 490 586 532 614; x_wconf 89' lang='lat' dir='ltr'><strong>vis</strong></span> <span class='ocrx_word' id='word_1_74' title='bbox 546 587 572 615; x_wconf 92' lang='lat' dir='ltr'><strong>in</strong></span> <span class='ocrx_word' id='word_1_75' title='bbox 586 587 662 616; x_wconf 83' lang='lat' dir='ltr'><strong>vocis</strong></span> <span class='ocrx_word' id='word_1_76' title='bbox 684 588 757 618; x_wconf 91' lang='lat' dir='ltr'><strong>illius</strong></span> <span class='ocrx_word' id='word_1_77' title='bbox 785 590 893 620; x_wconf 86' lang='grc' dir='ltr'>αἰώνιον</span> <span class='ocrx_word' id='word_1_78' title='bbox 911 593 1019 628; x_wconf 89' lang='lat' dir='ltr'><strong>propria</strong></span> 
     </span>
    </p>
   </div>
   <div class='ocr_carea' id='block_1_13' title="bbox 230 627 600 665">
    <p class='ocr_par' dir='ltr' id='par_1_13' title="bbox 230 627 600 665">
     <span class='ocr_line' id='line_1_13' title="bbox 230 627 600 665; baseline 0.011 -10"><span class='ocrx_word' id='word_1_79' title='bbox 230 627 429 663; x_wconf 77' lang='lat' dir='ltr'><strong>signiﬁcatione</strong></span> <span class='ocrx_word' id='word_1_80' title='bbox 445 631 532 665; x_wconf 83' lang='lat' dir='ltr'><strong>posita</strong></span> <span class='ocrx_word' id='word_1_81' title='bbox 547 636 600 659; x_wconf 86' lang='lat' dir='ltr'><strong>est.</strong></span> 
     </span>
    </p>
   </div>
   <div class='ocr_carea' id='block_1_14' title="bbox 265 672 1019 716">
    <p class='ocr_par' dir='ltr' id='par_1_14' title="bbox 265 672 1019 716">
     <span class='ocr_line' id='line_1_14' title="bbox 265 672 1019 716; baseline 0.013 -16"><span class='ocrx_word' id='word_1_82' title='bbox 265 672 361 702; x_wconf 75' lang='lat' dir='ltr'><strong>XXVI.</strong></span> <span class='ocrx_word' id='word_1_83' title='bbox 377 675 450 703; x_wconf 87' lang='grc' dir='ltr'>Δίὼν</span> <span class='ocrx_word' id='word_1_84' title='bbox 467 684 520 704; x_wconf 88' lang='lat' dir='ltr'><strong>non</strong></span> <span class='ocrx_word' id='word_1_85' title='bbox 544 677 661 713; x_wconf 83' lang='lat' dir='ltr'><strong>simplici</strong></span> <span class='ocrx_word' id='word_1_86' title='bbox 689 679 801 708; x_wconf 88' lang='lat' dir='ltr'><strong>notione</strong></span> <span class='ocrx_word' id='word_1_87' title='bbox 831 681 939 716; x_wconf 87' lang='lat' dir='ltr'><strong>gaudet.</strong></span> <span class='ocrx_word' id='word_1_88' title='bbox 957 689 1019 710; x_wconf 89' lang='lat' dir='ltr'><strong>nam</strong></span> 
     </span>
    </p>
   </div>
   <div class='ocr_carea' id='block_1_15' title="bbox 230 719 1020 758">
    <p class='ocr_par' dir='ltr' id='par_1_15' title="bbox 230 719 1020 758">
     <span class='ocr_line' id='line_1_15' title="bbox 230 719 1020 758; baseline 0.013 -12"><span class='ocrx_word' id='word_1_89' title='bbox 230 719 311 747; x_wconf 88' lang='lat' dir='ltr'><strong>modo</strong></span> <span class='ocrx_word' id='word_1_90' title='bbox 324 720 428 748; x_wconf 77' lang='lat' dir='ltr'><strong>[initum</strong></span> <span class='ocrx_word' id='word_1_91' title='bbox 445 726 560 758; x_wconf 87' lang='lat' dir='ltr'><strong>tempus,</strong></span> <span class='ocrx_word' id='word_1_92' title='bbox 576 723 656 752; x_wconf 89' lang='lat' dir='ltr'><strong>modo</strong></span> <span class='ocrx_word' id='word_1_93' title='bbox 671 724 851 758; x_wconf 82' lang='lat' dir='ltr'><strong>indeﬁnitum.</strong></span> <span class='ocrx_word' id='word_1_94' title='bbox 877 727 957 755; x_wconf 93' lang='lat' dir='ltr'><strong>modo</strong></span> <span class='ocrx_word' id='word_1_95' title='bbox 979 728 1020 756; x_wconf 89' lang='lat' dir='ltr'><strong>in-</strong></span> 
     </span>
    </p>
   </div>
   <div class='ocr_carea' id='block_1_16' title="bbox 229 765 1020 811">
    <p class='ocr_par' dir='ltr' id='par_1_16' title="bbox 229 765 1020 811">
     <span class='ocr_line' id='line_1_16' title="bbox 229 765 1020 811; baseline 0.01 -18"><span class='ocrx_word' id='word_1_96' title='bbox 229 765 336 795; x_wconf 79' lang='lat' dir='ltr'><strong>finitum</strong></span> <span class='ocrx_word' id='word_1_97' title='bbox 352 772 440 796; x_wconf 88' lang='lat' dir='ltr'><strong>sonat.</strong></span> <span class='ocrx_word' id='word_1_98' title='bbox 457 768 606 805; x_wconf 82' lang='lat' dir='ltr'><strong>Hesychius</strong></span> <span class='ocrx_word' id='word_1_99' title='bbox 620 779 627 798; x_wconf 94' lang='lat'><strong>:</strong></span> <span class='ocrx_word' id='word_1_100' title='bbox 641 771 730 805; x_wconf 79' lang='grc' dir='ltr'>Αἰὼν,</span> <span class='ocrx_word' id='word_1_101' title='bbox 745 772 760 798; x_wconf 81' lang='grc' dir='ltr'><strong><em>ὁ</em></strong></span> <span class='ocrx_word' id='word_1_102' title='bbox 779 772 837 807; x_wconf 79' lang='grc' dir='ltr'>βίος</span> <span class='ocrx_word' id='word_1_103' title='bbox 853 773 908 800; x_wconf 87' lang='grc' dir='ltr'><strong>τῶν</strong></span> <span class='ocrx_word' id='word_1_104' title='bbox 919 774 1020 811; x_wconf 78' lang='grc' dir='ltr'>ἀνθρώ-</span> 
     </span>
    </p>
   </div>
   <div class='ocr_carea' id='block_1_17' title="bbox 229 814 1018 856">
    <p class='ocr_par' dir='ltr' id='par_1_17' title="bbox 229 814 1018 856">
     <span class='ocr_line' id='line_1_17' title="bbox 229 814 1018 856; baseline 0.011 -17"><span class='ocrx_word' id='word_1_105' title='bbox 229 820 289 839; x_wconf 78' lang='grc' dir='ltr'><strong>πων</strong></span> <span class='ocrx_word' id='word_1_106' title='bbox 300 821 307 829; x_wconf 86' lang='lat'><strong><em>°</em></strong></span> <span class='ocrx_word' id='word_1_107' title='bbox 321 814 336 841; x_wconf 80' lang='grc' dir='ltr'><strong>ὁ</strong></span> <span class='ocrx_word' id='word_1_108' title='bbox 359 814 410 850; x_wconf 82' lang='grc' dir='ltr'><strong>τῆς</strong></span> <span class='ocrx_word' id='word_1_109' title='bbox 430 814 505 851; x_wconf 79' lang='grc' dir='ltr'>ζωῆς</span> <span class='ocrx_word' id='word_1_110' title='bbox 516 815 610 851; x_wconf 86' lang='grc' dir='ltr'><strong>χρόνος</strong></span> <span class='ocrx_word' id='word_1_111' title='bbox 621 825 627 831; x_wconf 94' lang='grc'><strong>·</strong></span> <span class='ocrx_word' id='word_1_112' title='bbox 644 817 708 844; x_wconf 79' lang='grc' dir='ltr'><strong>ποτὲ</strong></span> <span class='ocrx_word' id='word_1_113' title='bbox 736 817 764 844; x_wconf 85' lang='grc' dir='ltr'><strong>δὲ</strong></span> <span class='ocrx_word' id='word_1_114' title='bbox 785 819 831 845; x_wconf 79' lang='grc' dir='ltr'><strong>καὶ</strong></span> <span class='ocrx_word' id='word_1_115' title='bbox 847 820 893 846; x_wconf 78' lang='grc' dir='ltr'><strong>ἐπὶ</strong></span> <span class='ocrx_word' id='word_1_116' title='bbox 912 820 1018 856; x_wconf 82' lang='grc' dir='ltr'><strong>μακροῦ</strong></span> 
     </span>
    </p>
   </div>
   <div class='ocr_carea' id='block_1_18' title="bbox 228 859 1018 896">
    <p class='ocr_par' dir='ltr' id='par_1_18' title="bbox 228 859 1018 896">
     <span class='ocr_line' id='line_1_18' title="bbox 228 859 1018 896; baseline 0.011 -10"><span class='ocrx_word' id='word_1_117' title='bbox 228 859 326 895; x_wconf 83' lang='grc' dir='ltr'><strong>χρόνου</strong></span> <span class='ocrx_word' id='word_1_118' title='bbox 344 862 454 890; x_wconf 72' lang='grc' dir='ltr'><strong>νοεῖται.</strong></span> <span class='ocrx_word' id='word_1_119' title='bbox 473 862 568 892; x_wconf 84' lang='lat' dir='ltr'><strong>Plures</strong></span> <span class='ocrx_word' id='word_1_120' title='bbox 589 864 673 892; x_wconf 85' lang='lat' dir='ltr'><strong>etiam</strong></span> <span class='ocrx_word' id='word_1_121' title='bbox 700 864 819 894; x_wconf 82' lang='lat' dir='ltr'><strong>Joannes</strong></span> <span class='ocrx_word' id='word_1_122' title='bbox 839 865 1018 896; x_wconf 84' lang='lat' dir='ltr'><strong>Damascenus</strong></span> 
     </span>
    </p>
   </div>
   <div class='ocr_carea' id='block_1_19' title="bbox 228 905 1015 948">
    <p class='ocr_par' dir='ltr' id='par_1_19' title="bbox 228 905 1015 948">
     <span class='ocr_line' id='line_1_19' title="bbox 228 905 1015 948; baseline 0.01 -15"><span class='ocrx_word' id='word_1_123' title='bbox 228 905 277 933; x_wconf 86' lang='lat' dir='ltr'><strong>lib.</strong></span> <span class='ocrx_word' id='word_1_124' title='bbox 297 913 316 934; x_wconf 89' lang='grc' dir='ltr'><strong>ιι</strong></span> <span class='ocrx_word' id='word_1_125' title='bbox 343 906 382 934; x_wconf 84' lang='lat' dir='ltr'><strong>De</strong></span> <span class='ocrx_word' id='word_1_126' title='bbox 396 907 450 941; x_wconf 80' lang='lat' dir='ltr'><strong>ﬁds</strong></span> <span class='ocrx_word' id='word_1_127' title='bbox 475 910 592 941; x_wconf 82' lang='lat' dir='ltr'><strong>orthod..</strong></span> <span class='ocrx_word' id='word_1_128' title='bbox 608 917 670 945; x_wconf 91' lang='lat' dir='ltr'><strong>cap.</strong></span> <span class='ocrx_word' id='word_1_129' title='bbox 688 910 715 944; x_wconf 86' lang='lat' dir='ltr'><strong>I.</strong></span> <span class='ocrx_word' id='word_1_130' title='bbox 742 911 818 939; x_wconf 86' lang='lat' dir='ltr'><strong>vocis</strong></span> <span class='ocrx_word' id='word_1_131' title='bbox 835 911 903 940; x_wconf 83' lang='grc' dir='ltr'>αἰών</span> <span class='ocrx_word' id='word_1_132' title='bbox 916 912 1015 948; x_wconf 83' lang='lat' dir='ltr'><strong>signifi-</strong></span> 
     </span>
    </p>
   </div>
   <div class='ocr_carea' id='block_1_20' title="bbox 227 951 1014 993">
    <p class='ocr_par' dir='ltr' id='par_1_20' title="bbox 227 951 1014 993">
     <span class='ocr_line' id='line_1_20' title="bbox 227 951 1014 993; baseline 0.01 -15"><span class='ocrx_word' id='word_1_133' title='bbox 227 951 354 981; x_wconf 84' lang='lat' dir='ltr'><strong>cationes</strong></span> <span class='ocrx_word' id='word_1_134' title='bbox 377 954 513 989; x_wconf 82' lang='lat' dir='ltr'><strong>proponit,</strong></span> <span class='ocrx_word' id='word_1_135' title='bbox 549 962 610 990; x_wconf 70' lang='lat' dir='ltr'><strong>qua:</strong></span> <span class='ocrx_word' id='word_1_136' title='bbox 637 956 735 991; x_wconf 81' lang='lat' dir='ltr'><strong>partim</strong></span> <span class='ocrx_word' id='word_1_137' title='bbox 761 958 795 985; x_wconf 88' lang='lat' dir='ltr'><strong>ad</strong></span> <span class='ocrx_word' id='word_1_138' title='bbox 828 959 1014 993; x_wconf 84' lang='lat' dir='ltr'><strong>terminatum,</strong></span> 
     </span>
    </p>
   </div>
   <div class='ocr_carea' id='block_1_21' title="bbox 227 997 1016 1040">
    <p class='ocr_par' dir='ltr' id='par_1_21' title="bbox 227 997 1016 1040">
     <span class='ocr_line' id='line_1_21' title="bbox 227 997 1016 1040; baseline 0.009 -16"><span class='ocrx_word' id='word_1_139' title='bbox 227 997 328 1032; x_wconf 85' lang='lat' dir='ltr'><strong>partim</strong></span> <span class='ocrx_word' id='word_1_140' title='bbox 352 999 386 1026; x_wconf 90' lang='lat' dir='ltr'><strong>ad</strong></span> <span class='ocrx_word' id='word_1_141' title='bbox 413 999 615 1029; x_wconf 81' lang='lat' dir='ltr'><strong>interminatam</strong></span> <span class='ocrx_word' id='word_1_142' title='bbox 639 1003 770 1038; x_wconf 87' lang='lat' dir='ltr'><strong>temporis</strong></span> <span class='ocrx_word' id='word_1_143' title='bbox 795 1003 911 1036; x_wconf 80' lang='lat' dir='ltr'><strong>spatium</strong></span> <span class='ocrx_word' id='word_1_144' title='bbox 932 1006 1016 1040; x_wconf 80' lang='lat' dir='ltr'><strong>perti-</strong></span> 
     </span>
    </p>
   </div>
   <div class='ocr_carea' id='block_1_22' title="bbox 227 1045 1013 1084">
    <p class='ocr_par' dir='ltr' id='par_1_22' title="bbox 227 1045 1013 1084">
     <span class='ocr_line' id='line_1_22' title="bbox 227 1045 1013 1084; baseline 0.009 -13"><span class='ocrx_word' id='word_1_145' title='bbox 227 1049 307 1073; x_wconf 89' lang='lat' dir='ltr'><strong>nent.</strong></span> <span class='ocrx_word' id='word_1_146' title='bbox 335 1045 496 1074; x_wconf 83' lang='lat' dir='ltr'><strong>Aristoteles</strong></span> <span class='ocrx_word' id='word_1_147' title='bbox 523 1055 533 1075; x_wconf 83' lang='grc' dir='ltr'><strong>ι</strong></span> <span class='ocrx_word' id='word_1_148' title='bbox 557 1047 596 1075; x_wconf 87' lang='lat' dir='ltr'><strong>De</strong></span> <span class='ocrx_word' id='word_1_149' title='bbox 612 1048 676 1076; x_wconf 74' lang='lat' dir='ltr'><strong>caelo</strong></span> <span class='ocrx_word' id='word_1_150' title='bbox 703 1049 803 1077; x_wconf 85' lang='lat' dir='ltr'><strong>factam</strong></span> <span class='ocrx_word' id='word_1_151' title='bbox 826 1055 902 1084; x_wconf 89' lang='lat' dir='ltr'><strong>putat</strong></span> <span class='ocrx_word' id='word_1_152' title='bbox 920 1058 1013 1078; x_wconf 81' lang='lat' dir='ltr'><strong>vocem</strong></span> 
     </span>
    </p>
   </div>
   <div class='ocr_carea' id='block_1_23' title="bbox 227 1088 1013 1127">
    <p class='ocr_par' dir='ltr' id='par_1_23' title="bbox 227 1088 1013 1127">
     <span class='ocr_line' id='line_1_23' title="bbox 227 1088 1013 1127; baseline 0.01 -12"><span class='ocrx_word' id='word_1_153' title='bbox 227 1088 297 1116; x_wconf 81' lang='grc' dir='ltr'>αἰών</span> <span class='ocrx_word' id='word_1_154' title='bbox 307 1089 342 1117; x_wconf 84' lang='grc' dir='ltr'>ιιι)</span> <span class='ocrx_word' id='word_1_155' title='bbox 355 1090 400 1117; x_wconf 79' lang='grc' dir='ltr'><strong>ἀεὶ</strong></span> <span class='ocrx_word' id='word_1_156' title='bbox 427 1090 480 1124; x_wconf 82' lang='grc' dir='ltr'><strong>ὢν,</strong></span> <span class='ocrx_word' id='word_1_157' title='bbox 509 1099 562 1127; x_wconf 90' lang='lat' dir='ltr'><strong>quo</strong></span> <span class='ocrx_word' id='word_1_158' title='bbox 575 1093 739 1121; x_wconf 70' lang='lat' dir='ltr'><strong>aeternitatis</strong></span> <span class='ocrx_word' id='word_1_159' title='bbox 759 1094 864 1123; x_wconf 90' lang='lat' dir='ltr'><strong>notatio</strong></span> <span class='ocrx_word' id='word_1_160' title='bbox 889 1095 1013 1122; x_wconf 84' lang='lat' dir='ltr'><strong>contine-</strong></span> 
     </span>
    </p>
   </div>
   <div class='ocr_carea' id='block_1_24' title="bbox 227 1135 1013 1176">
    <p class='ocr_par' dir='ltr' id='par_1_24' title="bbox 227 1135 1013 1176">
     <span class='ocr_line' id='line_1_24' title="bbox 227 1135 1013 1176; baseline 0.008 -14"><span class='ocrx_word' id='word_1_161' title='bbox 227 1140 282 1164; x_wconf 85' lang='lat' dir='ltr'><strong>tur.</strong></span> <span class='ocrx_word' id='word_1_162' title='bbox 309 1135 385 1164; x_wconf 84' lang='lat' dir='ltr'><strong>Hanc</strong></span> <span class='ocrx_word' id='word_1_163' title='bbox 410 1138 618 1174; x_wconf 74' lang='lat' dir='ltr'><strong>originationem</strong></span> <span class='ocrx_word' id='word_1_164' title='bbox 645 1139 743 1168; x_wconf 88' lang='lat' dir='ltr'><strong>deinde</strong></span> <span class='ocrx_word' id='word_1_165' title='bbox 771 1147 935 1176; x_wconf 83' lang='lat' dir='ltr'><strong>usurparunt</strong></span> <span class='ocrx_word' id='word_1_166' title='bbox 951 1141 1013 1169; x_wconf 89' lang='lat' dir='ltr'><strong>Plo-</strong></span> 
     </span>
    </p>
   </div>
   <div class='ocr_carea' id='block_1_25' title="bbox 227 1181 1013 1221">
    <p class='ocr_par' dir='ltr' id='par_1_25' title="bbox 227 1181 1013 1221">
     <span class='ocr_line' id='line_1_25' title="bbox 227 1181 1013 1221; baseline 0.009 -12"><span class='ocrx_word' id='word_1_167' title='bbox 227 1181 313 1216; x_wconf 80' lang='lat' dir='ltr'><strong>tinus.</strong></span> <span class='ocrx_word' id='word_1_168' title='bbox 330 1183 453 1216; x_wconf 88' lang='lat' dir='ltr'><strong>Proclus.</strong></span> <span class='ocrx_word' id='word_1_169' title='bbox 469 1184 641 1221; x_wconf 80' lang='lat' dir='ltr'><strong>Etymologas</strong></span> <span class='ocrx_word' id='word_1_170' title='bbox 653 1206 661 1219; x_wconf 92' lang='lat'><strong>,</strong></span> <span class='ocrx_word' id='word_1_171' title='bbox 679 1191 707 1214; x_wconf 91' lang='lat' dir='ltr'><strong>et</strong></span> <span class='ocrx_word' id='word_1_172' title='bbox 723 1186 779 1214; x_wconf 91' lang='lat' dir='ltr'><strong>alii.</strong></span> <span class='ocrx_word' id='word_1_173' title='bbox 805 1186 840 1214; x_wconf 83' lang='lat' dir='ltr'><strong>At</strong></span> <span class='ocrx_word' id='word_1_174' title='bbox 868 1195 902 1215; x_wconf 92' lang='lat' dir='ltr'><strong>eo</strong></span> <span class='ocrx_word' id='word_1_175' title='bbox 923 1192 1013 1216; x_wconf 87' lang='lat' dir='ltr'><strong>tamen</strong></span> 
     </span>
    </p>
   </div>
   <div class='ocr_carea' id='block_1_26' title="bbox 227 1227 1014 1266">
    <p class='ocr_par' dir='ltr' id='par_1_26' title="bbox 227 1227 1014 1266">
     <span class='ocr_line' id='line_1_26' title="bbox 227 1227 1014 1266; baseline 0.009 -13"><span class='ocrx_word' id='word_1_176' title='bbox 227 1227 360 1256; x_wconf 82' lang='lat' dir='ltr'><strong>vocabulo</strong></span> <span class='ocrx_word' id='word_1_177' title='bbox 389 1233 532 1265; x_wconf 79' lang='lat' dir='ltr'><strong>utrumque</strong></span> <span class='ocrx_word' id='word_1_178' title='bbox 564 1235 671 1266; x_wconf 84' lang='lat' dir='ltr'><strong>tempus</strong></span> <span class='ocrx_word' id='word_1_179' title='bbox 694 1232 808 1266; x_wconf 81' lang='lat' dir='ltr'><strong>exprimi</strong></span> <span class='ocrx_word' id='word_1_180' title='bbox 837 1232 938 1260; x_wconf 83' lang='lat' dir='ltr'><strong>fatetur</strong></span> <span class='ocrx_word' id='word_1_181' title='bbox 964 1233 1014 1260; x_wconf 90' lang='lat' dir='ltr'><strong>ibi-</strong></span> 
     </span>
    </p>
   </div>
   <div class='ocr_carea' id='block_1_27' title="bbox 227 1273 1012 1312">
    <p class='ocr_par' dir='ltr' id='par_1_27' title="bbox 227 1273 1012 1312">
     <span class='ocr_line' id='line_1_27' title="bbox 227 1273 1012 1312; baseline 0.008 -12"><span class='ocrx_word' id='word_1_182' title='bbox 227 1273 284 1301; x_wconf 61' lang='grc' dir='ltr'><strong>ἀει</strong></span> <span class='ocrx_word' id='word_1_183' title='bbox 310 1274 481 1303; x_wconf 85' lang='lat' dir='ltr'><strong>Aristoteles.</strong></span> <span class='ocrx_word' id='word_1_184' title='bbox 497 1276 538 1303; x_wconf 87' lang='lat' dir='ltr'><strong>Ab</strong></span> <span class='ocrx_word' id='word_1_185' title='bbox 561 1277 628 1304; x_wconf 86' lang='grc' dir='ltr'>αἰών</span> <span class='ocrx_word' id='word_1_186' title='bbox 644 1278 746 1312; x_wconf 76' lang='lat' dir='ltr'><strong>prodiit</strong></span> <span class='ocrx_word' id='word_1_187' title='bbox 769 1277 895 1305; x_wconf 84' lang='lat' dir='ltr'><strong>Latinum</strong></span> <span class='ocrx_word' id='word_1_188' title='bbox 914 1287 1012 1312; x_wconf 68' lang='lat' dir='ltr'><strong>sevum,</strong></span> 
     </span>
    </p>
   </div>
   <div class='ocr_carea' id='block_1_28' title="bbox 225 1319 1014 1356">
    <p class='ocr_par' dir='ltr' id='par_1_28' title="bbox 225 1319 1014 1356">
     <span class='ocr_line' id='line_1_28' title="bbox 225 1319 1014 1356; baseline 0.008 -10"><span class='ocrx_word' id='word_1_189' title='bbox 225 1319 328 1347; x_wconf 80' lang='lat' dir='ltr'><strong>Inserta</strong></span> <span class='ocrx_word' id='word_1_190' title='bbox 349 1321 486 1356; x_wconf 88' lang='lat' dir='ltr'><strong>digamma</strong></span> <span class='ocrx_word' id='word_1_191' title='bbox 509 1321 633 1355; x_wconf 65' lang='lat' dir='ltr'><strong>Eolico;</strong></span> <span class='ocrx_word' id='word_1_192' title='bbox 655 1328 683 1351; x_wconf 89' lang='lat' dir='ltr'><strong>ut</strong></span> <span class='ocrx_word' id='word_1_193' title='bbox 705 1324 740 1350; x_wconf 90' lang='lat' dir='ltr'><strong>ab</strong></span> <span class='ocrx_word' id='word_1_194' title='bbox 757 1323 810 1356; x_wconf 75' lang='grc' dir='ltr'><strong>ὄϊς,</strong></span> <span class='ocrx_word' id='word_1_195' title='bbox 831 1325 897 1352; x_wconf 73' lang='lat' dir='ltr'><strong>oris.</strong></span> <span class='ocrx_word' id='word_1_196' title='bbox 915 1324 1014 1352; x_wconf 64' lang='lat' dir='ltr'><strong>Evam</strong></span> 
     </span>
    </p>
   </div>
   <div class='ocr_carea' id='block_1_29' title="bbox 225 1365 1014 1402">
    <p class='ocr_par' dir='ltr' id='par_1_29' title="bbox 225 1365 1014 1402">
     <span class='ocr_line' id='line_1_29' title="bbox 225 1365 1014 1402; baseline 0.008 -11"><span class='ocrx_word' id='word_1_197' title='bbox 225 1365 318 1399; x_wconf 81' lang='lat' dir='ltr'><strong>Igitur.</strong></span> <span class='ocrx_word' id='word_1_198' title='bbox 352 1370 382 1393; x_wconf 88' lang='lat' dir='ltr'><strong>ut</strong></span> <span class='ocrx_word' id='word_1_199' title='bbox 412 1366 490 1400; x_wconf 86' lang='grc' dir='ltr'>αἰὼν,</span> <span class='ocrx_word' id='word_1_200' title='bbox 519 1368 694 1402; x_wconf 88' lang='lat' dir='ltr'><strong>multiplicem</strong></span> <span class='ocrx_word' id='word_1_201' title='bbox 722 1370 804 1396; x_wconf 87' lang='lat' dir='ltr'><strong>habet</strong></span> <span class='ocrx_word' id='word_1_202' title='bbox 830 1370 904 1402; x_wconf 88' lang='lat' dir='ltr'><strong>vim,</strong></span> <span class='ocrx_word' id='word_1_203' title='bbox 934 1371 1014 1399; x_wconf 90' lang='lat' dir='ltr'><strong>modo</strong></span> 
     </span>
    </p>
   </div>
   <div class='ocr_carea' id='block_1_30' title="bbox 226 1411 1012 1448">
    <p class='ocr_par' dir='ltr' id='par_1_30' title="bbox 226 1411 1012 1448">
     <span class='ocr_line' id='line_1_30' title="bbox 226 1411 1012 1448; baseline 0.006 -10"><span class='ocrx_word' id='word_1_204' title='bbox 226 1415 334 1446; x_wconf 86' lang='lat' dir='ltr'><strong>tempus</strong></span> <span class='ocrx_word' id='word_1_205' title='bbox 350 1411 403 1439; x_wconf 82' lang='lat' dir='ltr'><strong>ﬁne</strong></span> <span class='ocrx_word' id='word_1_206' title='bbox 418 1420 530 1446; x_wconf 85' lang='lat' dir='ltr'><strong>carens,</strong></span> <span class='ocrx_word' id='word_1_207' title='bbox 553 1414 633 1440; x_wconf 81' lang='lat' dir='ltr'><strong>modo</strong></span> <span class='ocrx_word' id='word_1_208' title='bbox 660 1414 837 1441; x_wconf 89' lang='lat' dir='ltr'><strong>terminatum</strong></span> <span class='ocrx_word' id='word_1_209' title='bbox 858 1415 1012 1448; x_wconf 78' lang='lat' dir='ltr'><strong>designans.</strong></span> 
     </span>
    </p>
   </div>
   <div class='ocr_carea' id='block_1_31' title="bbox 224 1457 1013 1496">
    <p class='ocr_par' dir='ltr' id='par_1_31' title="bbox 224 1457 1013 1496">
     <span class='ocr_line' id='line_1_31' title="bbox 224 1457 1013 1496; baseline 0.01 -12"><span class='ocrx_word' id='word_1_210' title='bbox 224 1457 328 1485; x_wconf 75' lang='lat' dir='ltr'><strong>Prioris</strong></span> <span class='ocrx_word' id='word_1_211' title='bbox 350 1462 430 1486; x_wconf 86' lang='lat' dir='ltr'><strong>testes</strong></span> <span class='ocrx_word' id='word_1_212' title='bbox 459 1459 572 1487; x_wconf 78' lang='lat' dir='ltr'><strong>Servius</strong></span> <span class='ocrx_word' id='word_1_213' title='bbox 595 1459 624 1487; x_wconf 81' lang='lat' dir='ltr'><strong>in</strong></span> <span class='ocrx_word' id='word_1_214' title='bbox 651 1468 677 1487; x_wconf 81' lang='lat' dir='ltr'><strong>vr</strong></span> <span class='ocrx_word' id='word_1_215' title='bbox 707 1461 829 1494; x_wconf 69' lang='lat' dir='ltr'><strong>£neid.,</strong></span> <span class='ocrx_word' id='word_1_216' title='bbox 849 1470 922 1490; x_wconf 82' lang='lat' dir='ltr'><strong>vers.</strong></span> <span class='ocrx_word' id='word_1_217' title='bbox 943 1464 1013 1496; x_wconf 71' lang='lat'><strong>764;</strong></span> 
     </span>
    </p>
   </div>
   <div class='ocr_carea' id='block_1_32' title="bbox 225 1502 1012 1542">
    <p class='ocr_par' dir='ltr' id='par_1_32' title="bbox 225 1502 1012 1542">
     <span class='ocr_line' id='line_1_32' title="bbox 225 1502 1012 1542; baseline 0.009 -13"><span class='ocrx_word' id='word_1_218' title='bbox 225 1502 401 1538; x_wconf 85' lang='lat' dir='ltr'><strong>Censorinus,</strong></span> <span class='ocrx_word' id='word_1_219' title='bbox 428 1511 488 1538; x_wconf 88' lang='lat' dir='ltr'><strong>cap.</strong></span> <span class='ocrx_word' id='word_1_220' title='bbox 505 1503 551 1538; x_wconf 81' lang='lat' dir='ltr'><strong>I6.</strong></span> <span class='ocrx_word' id='word_1_221' title='bbox 574 1510 601 1532; x_wconf 92' lang='lat' dir='ltr'><strong>et</strong></span> <span class='ocrx_word' id='word_1_222' title='bbox 618 1505 737 1532; x_wconf 92' lang='lat' dir='ltr'><strong>Isidorus</strong></span> <span class='ocrx_word' id='word_1_223' title='bbox 758 1506 896 1541; x_wconf 80' lang='lat' dir='ltr'><strong>Originum</strong></span> <span class='ocrx_word' id='word_1_224' title='bbox 919 1508 966 1536; x_wconf 89' lang='lat' dir='ltr'><strong>lib.</strong></span> <span class='ocrx_word' id='word_1_225' title='bbox 981 1517 1012 1542; x_wconf 60' lang='lat' dir='ltr'><strong>.v,</strong></span> 
     </span>
    </p>
   </div>
   <div class='ocr_carea' id='block_1_33' title="bbox 223 1549 1047 1597">
    <p class='ocr_par' dir='ltr' id='par_1_33' title="bbox 223 1549 1047 1597">
     <span class='ocr_line' id='line_1_33' title="bbox 223 1549 1047 1597; baseline 0.008 -21"><span class='ocrx_word' id='word_1_226' title='bbox 223 1557 284 1583; x_wconf 90' lang='lat' dir='ltr'><strong>cap.</strong></span> <span class='ocrx_word' id='word_1_227' title='bbox 307 1549 341 1577; x_wconf 85' lang='lat'><strong>&#39;58</strong></span> <span class='ocrx_word' id='word_1_228' title='bbox 360 1558 367 1577; x_wconf 91' lang='lat'><strong>:</strong></span> <span class='ocrx_word' id='word_1_229' title='bbox 389 1558 399 1577; x_wconf 75' lang='grc' dir='ltr'><strong>ι</strong></span> <span class='ocrx_word' id='word_1_230' title='bbox 420 1549 538 1583; x_wconf 56' lang='lat' dir='ltr'><strong>Alvum,</strong></span> <span class='ocrx_word' id='word_1_231' title='bbox 564 1551 669 1586; x_wconf 90' lang='lat' dir='ltr'><strong>inquit.</strong></span> <span class='ocrx_word' id='word_1_232' title='bbox 703 1557 746 1580; x_wconf 90' lang='lat' dir='ltr'><strong>est</strong></span> <span class='ocrx_word' id='word_1_233' title='bbox 779 1558 844 1581; x_wconf 62' lang='lat' dir='ltr'><strong>aetas</strong></span> <span class='ocrx_word' id='word_1_234' title='bbox 871 1559 1010 1589; x_wconf 86' lang='lat' dir='ltr'><strong>perpetua,</strong></span> <span class='ocrx_word' id='word_1_235' title='bbox 1026 1568 1047 1597; x_wconf 72' lang='grc' dir='ltr'><strong><em>ε</em></strong></span> 
     </span>
    </p>
   </div>
   <div class='ocr_carea' id='block_1_34' title="bbox 224 1595 1009 1633">
    <p class='ocr_par' dir='ltr' id='par_1_34' title="bbox 224 1595 1009 1633">
     <span class='ocr_line' id='line_1_34' title="bbox 224 1595 1009 1633; baseline 0.006 -11"><span class='ocrx_word' id='word_1_236' title='bbox 224 1595 302 1630; x_wconf 81' lang='lat' dir='ltr'><strong>cujus</strong></span> <span class='ocrx_word' id='word_1_237' title='bbox 319 1603 407 1631; x_wconf 88' lang='lat' dir='ltr'><strong>neque</strong></span> <span class='ocrx_word' id='word_1_238' title='bbox 435 1597 555 1630; x_wconf 90' lang='lat' dir='ltr'><strong>initium,</strong></span> <span class='ocrx_word' id='word_1_239' title='bbox 581 1604 670 1633; x_wconf 87' lang='lat' dir='ltr'><strong>neque</strong></span> <span class='ocrx_word' id='word_1_240' title='bbox 693 1599 853 1627; x_wconf 78' lang='lat' dir='ltr'><strong>extremitas</strong></span> <span class='ocrx_word' id='word_1_241' title='bbox 879 1601 1009 1632; x_wconf 86' lang='lat' dir='ltr'><strong>nascitur,</strong></span> 
     </span>
    </p>
   </div>
   <div class='ocr_carea' id='block_1_35' title="bbox 223 1642 1013 1681">
    <p class='ocr_par' dir='ltr' id='par_1_35' title="bbox 223 1642 1013 1681">
     <span class='ocr_line' id='line_1_35' title="bbox 223 1642 1013 1681; baseline 0.008 -13"><span class='ocrx_word' id='word_1_242' title='bbox 223 1642 296 1676; x_wconf 80' lang='lat' dir='ltr'><strong>quod</strong></span> <span class='ocrx_word' id='word_1_243' title='bbox 311 1642 398 1670; x_wconf 71' lang='lat' dir='ltr'><strong>Graeci</strong></span> <span class='ocrx_word' id='word_1_244' title='bbox 411 1643 499 1670; x_wconf 78' lang='grc' dir='ltr'>αἰῶνα</span> <span class='ocrx_word' id='word_1_245' title='bbox 511 1648 619 1677; x_wconf 88' lang='lat' dir='ltr'><strong>vocant,</strong></span> <span class='ocrx_word' id='word_1_246' title='bbox 634 1644 705 1679; x_wconf 93' lang='lat' dir='ltr'><strong>quod</strong></span> <span class='ocrx_word' id='word_1_247' title='bbox 721 1644 868 1677; x_wconf 81' lang='lat' dir='ltr'><strong>aliquando</strong></span> <span class='ocrx_word' id='word_1_248' title='bbox 882 1647 952 1681; x_wconf 88' lang='lat' dir='ltr'><strong>apud</strong></span> <span class='ocrx_word' id='word_1_249' title='bbox 967 1655 1013 1675; x_wconf 83' lang='lat' dir='ltr'><strong>eos</strong></span> 
     </span>
    </p>
   </div>
   <div class='ocr_carea' id='block_1_36' title="bbox 225 1688 1014 1724">
    <p class='ocr_par' dir='ltr' id='par_1_36' title="bbox 225 1688 1014 1724">
     <span class='ocr_line' id='line_1_36' title="bbox 225 1688 1014 1724; baseline 0.008 -11"><span class='ocrx_word' id='word_1_250' title='bbox 225 1694 275 1721; x_wconf 89' lang='lat' dir='ltr'><strong>pro</strong></span> <span class='ocrx_word' id='word_1_251' title='bbox 287 1688 397 1720; x_wconf 67' lang='lat' dir='ltr'><strong>saeculo,</strong></span> <span class='ocrx_word' id='word_1_252' title='bbox 411 1688 557 1723; x_wconf 74' lang='lat' dir='ltr'><strong>aliquando</strong></span> <span class='ocrx_word' id='word_1_253' title='bbox 573 1696 623 1724; x_wconf 91' lang='lat' dir='ltr'><strong>pro</strong></span> <span class='ocrx_word' id='word_1_254' title='bbox 634 1695 741 1717; x_wconf 72' lang='lat' dir='ltr'><strong>:eterno</strong></span> <span class='ocrx_word' id='word_1_255' title='bbox 755 1690 876 1724; x_wconf 88' lang='lat' dir='ltr'><strong>ponitur.</strong></span> <span class='ocrx_word' id='word_1_256' title='bbox 898 1690 975 1718; x_wconf 87' lang='lat' dir='ltr'><strong>Unde</strong></span> <span class='ocrx_word' id='word_1_257' title='bbox 986 1697 1014 1719; x_wconf 91' lang='lat' dir='ltr'><strong>et</strong></span> 
     </span>
    </p>
   </div>
   <div class='ocr_carea' id='block_1_37' title="bbox 224 1733 1013 1773">
    <p class='ocr_par' dir='ltr' id='par_1_37' title="bbox 224 1733 1013 1773">
     <span class='ocr_line' id='line_1_37' title="bbox 224 1733 1013 1773; baseline 0.005 -12"><span class='ocrx_word' id='word_1_258' title='bbox 224 1735 295 1770; x_wconf 88' lang='lat' dir='ltr'><strong>apud</strong></span> <span class='ocrx_word' id='word_1_259' title='bbox 310 1733 421 1762; x_wconf 89' lang='lat' dir='ltr'><strong>Latinos</strong></span> <span class='ocrx_word' id='word_1_260' title='bbox 435 1739 476 1762; x_wconf 91' lang='lat' dir='ltr'><strong>est</strong></span> <span class='ocrx_word' id='word_1_261' title='bbox 493 1735 653 1762; x_wconf 88' lang='lat' dir='ltr'><strong>derivatum.</strong></span> <span class='ocrx_word' id='word_1_262' title='bbox 665 1744 674 1761; x_wconf 79' lang='grc' dir='ltr'><strong>ι</strong></span> <span class='ocrx_word' id='word_1_263' title='bbox 697 1735 858 1764; x_wconf 84' lang='lat' dir='ltr'><strong>Posterioris</strong></span> <span class='ocrx_word' id='word_1_264' title='bbox 875 1737 1013 1773; x_wconf 82' lang='lat' dir='ltr'><strong>signiﬁca-</strong></span> 
     </span>
    </p>
   </div>
   <div class='ocr_carea' id='block_1_38' title="bbox 224 1779 1011 1815">
    <p class='ocr_par' dir='ltr' id='par_1_38' title="bbox 224 1779 1011 1815">
     <span class='ocr_line' id='line_1_38' title="bbox 224 1779 1011 1815; baseline 0.006 -9"><span class='ocrx_word' id='word_1_265' title='bbox 224 1780 308 1807; x_wconf 83' lang='lat' dir='ltr'><strong>tionis</strong></span> <span class='ocrx_word' id='word_1_266' title='bbox 324 1780 401 1807; x_wconf 86' lang='lat' dir='ltr'><strong>testis</strong></span> <span class='ocrx_word' id='word_1_267' title='bbox 422 1779 549 1808; x_wconf 86' lang='lat' dir='ltr'><strong>Horatius</strong></span> <span class='ocrx_word' id='word_1_268' title='bbox 571 1780 689 1808; x_wconf 84' lang='lat' dir='ltr'><strong>Carmiu.</strong></span> <span class='ocrx_word' id='word_1_269' title='bbox 709 1782 756 1809; x_wconf 91' lang='lat' dir='ltr'><strong>lib.</strong></span> <span class='ocrx_word' id='word_1_270' title='bbox 777 1789 806 1814; x_wconf 87' lang='grc' dir='ltr'>ιι.</span> <span class='ocrx_word' id='word_1_271' title='bbox 829 1783 875 1810; x_wconf 90' lang='lat' dir='ltr'><strong>od.</strong></span> <span class='ocrx_word' id='word_1_272' title='bbox 894 1783 921 1815; x_wconf 87' lang='grc'>9,</span> <span class='ocrx_word' id='word_1_273' title='bbox 940 1791 1011 1811; x_wconf 86' lang='lat' dir='ltr'><strong>vers.</strong></span> 
     </span>
    </p>
   </div>
   <div class='ocr_carea' id='block_1_39' title="bbox 223 1825 1012 1863">
    <p class='ocr_par' dir='ltr' id='par_1_39' title="bbox 223 1825 1012 1863">
     <span class='ocr_line' id='line_1_39' title="bbox 223 1825 1012 1863; baseline 0.005 -11"><span class='ocrx_word' id='word_1_274' title='bbox 223 1825 268 1857; x_wconf 75' lang='grc'>15,</span> <span class='ocrx_word' id='word_1_275' title='bbox 285 1825 330 1853; x_wconf 91' lang='lat' dir='ltr'><strong>ubi</strong></span> <span class='ocrx_word' id='word_1_276' title='bbox 346 1831 386 1852; x_wconf 84' lang='lat' dir='ltr'><strong>ter</strong></span> <span class='ocrx_word' id='word_1_277' title='bbox 398 1834 451 1853; x_wconf 75' lang='lat' dir='ltr'><strong>(evo</strong></span> <span class='ocrx_word' id='word_1_278' title='bbox 480 1825 601 1853; x_wconf 87' lang='lat' dir='ltr'><strong>functum</strong></span> <span class='ocrx_word' id='word_1_279' title='bbox 626 1825 767 1853; x_wconf 88' lang='lat' dir='ltr'><strong>Nestorem</strong></span> <span class='ocrx_word' id='word_1_280' title='bbox 788 1828 869 1859; x_wconf 91' lang='lat' dir='ltr'><strong>dicit,</strong></span> <span class='ocrx_word' id='word_1_281' title='bbox 888 1830 933 1863; x_wconf 89' lang='lat' dir='ltr'><strong>qui</strong></span> <span class='ocrx_word' id='word_1_282' title='bbox 958 1834 1012 1857; x_wconf 89' lang='lat' dir='ltr'><strong>tres</strong></span> 
     </span>
    </p>
   </div>
   <div class='ocr_carea' id='block_1_40' title="bbox 224 1871 1012 1906">
    <p class='ocr_par' dir='ltr' id='par_1_40' title="bbox 224 1871 1012 1906">
     <span class='ocr_line' id='line_1_40' title="bbox 224 1871 1012 1906; baseline 0.005 -8"><span class='ocrx_word' id='word_1_283' title='bbox 224 1871 323 1906; x_wconf 62' lang='grc' dir='ltr'>γενεὰς</span> <span class='ocrx_word' id='word_1_284' title='bbox 342 1874 517 1905; x_wconf 75' lang='lat' dir='ltr'><strong>excesserat.</strong></span> <span class='ocrx_word' id='word_1_285' title='bbox 545 1873 597 1900; x_wconf 90' lang='lat' dir='ltr'><strong>hoc</strong></span> <span class='ocrx_word' id='word_1_286' title='bbox 612 1877 654 1900; x_wconf 83' lang='lat' dir='ltr'><strong>est</strong></span> <span class='ocrx_word' id='word_1_287' title='bbox 666 1873 700 1900; x_wconf 87' lang='lat'><strong>90</strong></span> <span class='ocrx_word' id='word_1_288' title='bbox 711 1881 808 1901; x_wconf 89' lang='lat' dir='ltr'><strong>annos.</strong></span> <span class='ocrx_word' id='word_1_289' title='bbox 829 1874 901 1901; x_wconf 89' lang='lat' dir='ltr'><strong>Idem</strong></span> <span class='ocrx_word' id='word_1_290' title='bbox 925 1882 1012 1902; x_wconf 60' lang='lat' dir='ltr'><strong>avum</strong></span> 
     </span>
    </p>
   </div>
   <div class='ocr_carea' id='block_1_41' title="bbox 222 1919 1011 1954">
    <p class='ocr_par' dir='ltr' id='par_1_41' title="bbox 222 1919 1011 1954">
     <span class='ocr_line' id='line_1_41' title="bbox 222 1919 1011 1954; baseline 0.004 -9"><span class='ocrx_word' id='word_1_291' title='bbox 222 1926 272 1954; x_wconf 87' lang='lat' dir='ltr'><strong>pro</strong></span> <span class='ocrx_word' id='word_1_292' title='bbox 282 1923 403 1953; x_wconf 85' lang='lat' dir='ltr'><strong>tempore</strong></span> <span class='ocrx_word' id='word_1_293' title='bbox 416 1923 530 1953; x_wconf 87' lang='lat' dir='ltr'><strong>usurpat</strong></span> <span class='ocrx_word' id='word_1_294' title='bbox 541 1919 620 1954; x_wconf 89' lang='lat' dir='ltr'><strong>epist.</strong></span> <span class='ocrx_word' id='word_1_295' title='bbox 637 1919 666 1952; x_wconf 82' lang='lat' dir='ltr'><strong>I.</strong></span> <span class='ocrx_word' id='word_1_296' title='bbox 681 1919 727 1946; x_wconf 90' lang='lat' dir='ltr'><strong>lib.</strong></span> <span class='ocrx_word' id='word_1_297' title='bbox 743 1927 775 1951; x_wconf 88' lang='grc' dir='ltr'><strong>ιι,</strong></span> <span class='ocrx_word' id='word_1_298' title='bbox 787 1927 858 1948; x_wconf 85' lang='lat' dir='ltr'><strong>vers.</strong></span> <span class='ocrx_word' id='word_1_299' title='bbox 874 1920 936 1952; x_wconf 80' lang='lat' dir='ltr'><strong>I59,</strong></span> <span class='ocrx_word' id='word_1_300' title='bbox 950 1929 1011 1948; x_wconf 90' lang='lat' dir='ltr'><strong>cum</strong></span> 
     </span>
    </p>
   </div>
   <div class='ocr_carea' id='block_1_42' title="bbox 223 1963 1012 2000">
    <p class='ocr_par' dir='ltr' id='par_1_42' title="bbox 223 1963 1012 2000">
     <span class='ocr_line' id='line_1_42' title="bbox 223 1963 1012 2000; baseline 0.006 -11"><span class='ocrx_word' id='word_1_301' title='bbox 223 1963 260 1990; x_wconf 76' lang='lat' dir='ltr'><strong>ait</strong></span> <span class='ocrx_word' id='word_1_302' title='bbox 272 1963 385 1998; x_wconf 75' lang='lat' dir='ltr'><strong>vestigia</strong></span> <span class='ocrx_word' id='word_1_303' title='bbox 397 1964 468 1991; x_wconf 89' lang='lat' dir='ltr'><strong>ruris</strong></span> <span class='ocrx_word' id='word_1_304' title='bbox 489 1964 515 1990; x_wconf 91' lang='lat' dir='ltr'><strong>in</strong></span> <span class='ocrx_word' id='word_1_305' title='bbox 536 1963 644 1998; x_wconf 87' lang='lat' dir='ltr'><strong>longum</strong></span> <span class='ocrx_word' id='word_1_306' title='bbox 667 1971 752 1991; x_wconf 69' lang='lat' dir='ltr'><strong>aevum</strong></span> <span class='ocrx_word' id='word_1_307' title='bbox 774 1965 916 1993; x_wconf 84' lang='lat' dir='ltr'><strong>mansisse.</strong></span> <span class='ocrx_word' id='word_1_308' title='bbox 935 1965 1012 2000; x_wconf 68' lang='lat' dir='ltr'><strong>Saepe</strong></span> 
     </span>
    </p>
   </div>
   <div class='ocr_carea' id='block_1_43' title="bbox 221 2009 1010 2046">
    <p class='ocr_par' dir='ltr' id='par_1_43' title="bbox 221 2009 1010 2046">
     <span class='ocr_line' id='line_1_43' title="bbox 221 2009 1010 2046; baseline 0.004 -11"><span class='ocrx_word' id='word_1_309' title='bbox 221 2016 272 2044; x_wconf 88' lang='lat' dir='ltr'><strong>pro</strong></span> <span class='ocrx_word' id='word_1_310' title='bbox 286 2013 366 2037; x_wconf 67' lang='lat' dir='ltr'><strong>aetate</strong></span> <span class='ocrx_word' id='word_1_311' title='bbox 390 2009 546 2041; x_wconf 81' lang='lat' dir='ltr'><strong>adhibetur.</strong></span> <span class='ocrx_word' id='word_1_312' title='bbox 577 2011 648 2036; x_wconf 89' lang='lat' dir='ltr'><strong>unde</strong></span> <span class='ocrx_word' id='word_1_313' title='bbox 674 2009 818 2044; x_wconf 68' lang='lat' dir='ltr'><strong>longarum,</strong></span> <span class='ocrx_word' id='word_1_314' title='bbox 843 2011 1010 2046; x_wconf 72' lang='lat' dir='ltr'><strong>grandwvur,</strong></span> 
     </span>
    </p>
   </div>
   <div class='ocr_carea' id='block_1_44' title="bbox 222 2054 1010 2090">
    <p class='ocr_par' dir='ltr' id='par_1_44' title="bbox 222 2054 1010 2090">
     <span class='ocr_line' id='line_1_44' title="bbox 222 2054 1010 2090; baseline 0.003 -8"><span class='ocrx_word' id='word_1_315' title='bbox 222 2063 336 2082; x_wconf 68' lang='lat' dir='ltr'><strong>celerius.</strong></span> <span class='ocrx_word' id='word_1_316' title='bbox 351 2054 394 2082; x_wconf 83' lang='lat' dir='ltr'><strong>Ab</strong></span> <span class='ocrx_word' id='word_1_317' title='bbox 407 2063 472 2088; x_wconf 68' lang='lat' dir='ltr'><strong>levo,</strong></span> <span class='ocrx_word' id='word_1_318' title='bbox 485 2055 588 2088; x_wconf 64' lang='lat' dir='ltr'><strong>recitas,</strong></span> <span class='ocrx_word' id='word_1_319' title='bbox 601 2058 629 2083; x_wconf 82' lang='lat' dir='ltr'><strong>et</strong></span> <span class='ocrx_word' id='word_1_320' title='bbox 644 2062 692 2090; x_wconf 85' lang='lat' dir='ltr'><strong>per</strong></span> <span class='ocrx_word' id='word_1_321' title='bbox 705 2056 917 2084; x_wconf 87' lang='lat' dir='ltr'><strong>contractionem</strong></span> <span class='ocrx_word' id='word_1_322' title='bbox 931 2062 1010 2084; x_wconf 75' lang='lat' dir='ltr'><strong>tetas:</strong></span> 
     </span>
    </p>
   </div>
   <div class='ocr_carea' id='block_1_45' title="bbox 221 2101 1013 2136">
    <p class='ocr_par' dir='ltr' id='par_1_45' title="bbox 221 2101 1013 2136">
     <span class='ocr_line' id='line_1_45' title="bbox 221 2101 1013 2136; baseline 0 -6"><span class='ocrx_word' id='word_1_323' title='bbox 221 2101 300 2136; x_wconf 58' lang='lat' dir='ltr'><strong>cajus</strong></span> <span class='ocrx_word' id='word_1_324' title='bbox 320 2101 391 2129; x_wconf 87' lang='lat' dir='ltr'><strong>idem</strong></span> <span class='ocrx_word' id='word_1_325' title='bbox 407 2105 447 2129; x_wconf 85' lang='lat' dir='ltr'><strong>est</strong></span> <span class='ocrx_word' id='word_1_326' title='bbox 469 2101 621 2128; x_wconf 83' lang='lat' dir='ltr'><strong>intellectus</strong></span> <span class='ocrx_word' id='word_1_327' title='bbox 638 2108 669 2128; x_wconf 89' lang='lat' dir='ltr'><strong>ac</strong></span> <span class='ocrx_word' id='word_1_328' title='bbox 687 2102 746 2133; x_wconf 74' lang='lat' dir='ltr'><strong>wvi,</strong></span> <span class='ocrx_word' id='word_1_329' title='bbox 766 2109 828 2129; x_wconf 89' lang='lat' dir='ltr'><strong>nam</strong></span> <span class='ocrx_word' id='word_1_330' title='bbox 848 2102 927 2130; x_wconf 92' lang='lat' dir='ltr'><strong>modo</strong></span> <span class='ocrx_word' id='word_1_331' title='bbox 943 2107 1013 2130; x_wconf 87' lang='lat' dir='ltr'><strong>tem-</strong></span> 
     </span>
    </p>
   </div>
   <div class='ocr_carea' id='block_1_46' title="bbox 220 2147 1011 2184">
    <p class='ocr_par' dir='ltr' id='par_1_46' title="bbox 220 2147 1011 2184">
     <span class='ocr_line' id='line_1_46' title="bbox 220 2147 1011 2184; baseline 0.003 -10"><span class='ocrx_word' id='word_1_332' title='bbox 220 2155 273 2182; x_wconf 90' lang='lat' dir='ltr'><strong>pus</strong></span> <span class='ocrx_word' id='word_1_333' title='bbox 302 2151 445 2179; x_wconf 59' lang='lat' dir='ltr'><strong>aeternum,</strong></span> <span class='ocrx_word' id='word_1_334' title='bbox 476 2147 556 2174; x_wconf 92' lang='lat' dir='ltr'><strong>modo</strong></span> <span class='ocrx_word' id='word_1_335' title='bbox 589 2147 827 2183; x_wconf 88' lang='lat' dir='ltr'><strong>circutnscriptum</strong></span> <span class='ocrx_word' id='word_1_336' title='bbox 845 2149 944 2184; x_wconf 89' lang='lat' dir='ltr'><strong>signat.</strong></span> <span class='ocrx_word' id='word_1_337' title='bbox 969 2149 1011 2176; x_wconf 89' lang='lat' dir='ltr'><strong>Ab</strong></span> 
     </span>
    </p>
   </div>
   <div class='ocr_carea' id='block_1_47' title="bbox 221 2193 1011 2230">
    <p class='ocr_par' dir='ltr' id='par_1_47' title="bbox 221 2193 1011 2230">
     <span class='ocr_line' id='line_1_47' title="bbox 221 2193 1011 2230; baseline 0.003 -10"><span class='ocrx_word' id='word_1_338' title='bbox 221 2201 276 2221; x_wconf 74' lang='lat' dir='ltr'><strong>mo</strong></span> <span class='ocrx_word' id='word_1_339' title='bbox 297 2193 388 2221; x_wconf 90' lang='lat' dir='ltr'><strong>itidem</strong></span> <span class='ocrx_word' id='word_1_340' title='bbox 416 2194 573 2227; x_wconf 63' lang='lat' dir='ltr'><strong>(evitemus.</strong></span> <span class='ocrx_word' id='word_1_341' title='bbox 593 2198 621 2221; x_wconf 89' lang='lat' dir='ltr'><strong>et</strong></span> <span class='ocrx_word' id='word_1_342' title='bbox 648 2201 698 2228; x_wconf 89' lang='lat' dir='ltr'><strong>per</strong></span> <span class='ocrx_word' id='word_1_343' title='bbox 723 2202 860 2230; x_wconf 85' lang='lat' dir='ltr'><strong>syncopen</strong></span> <span class='ocrx_word' id='word_1_344' title='bbox 881 2201 1011 2229; x_wconf 72' lang='lat' dir='ltr'><strong>wternus;</strong></span> 
     </span>
    </p>
   </div>
   <div class='ocr_carea' id='block_1_48' title="bbox 1032 890 1264 952">
    <p class='ocr_par' dir='ltr' id='par_1_48' title="bbox 1032 890 1264 952">
     <span class='ocr_line' id='line_1_48' title="bbox 1032 890 1264 952; baseline 0 -12"><span class='ocrx_word' id='word_1_345' title='bbox 1032 890 1264 952; x_wconf 44' lang='lat' dir='ltr'><strong>“anian</strong></span> 
     </span>
    </p>
   </div>
   <div class='ocr_carea' id='block_1_49' title="bbox 1075 271 1864 307">
    <p class='ocr_par' dir='ltr' id='par_1_49' title="bbox 1075 271 1864 307">
     <span class='ocr_line' id='line_1_49' title="bbox 1075 271 1864 307; baseline 0.004 -11"><span class='ocrx_word' id='word_1_346' title='bbox 1075 271 1147 305; x_wconf 88' lang='lat' dir='ltr'><strong>quod</strong></span> <span class='ocrx_word' id='word_1_347' title='bbox 1161 271 1239 299; x_wconf 90' lang='lat' dir='ltr'><strong>nobis</strong></span> <span class='ocrx_word' id='word_1_348' title='bbox 1249 279 1347 307; x_wconf 89' lang='lat' dir='ltr'><strong>parum</strong></span> <span class='ocrx_word' id='word_1_349' title='bbox 1358 272 1459 307; x_wconf 91' lang='lat' dir='ltr'><strong>liquido</strong></span> <span class='ocrx_word' id='word_1_350' title='bbox 1470 278 1531 300; x_wconf 89' lang='lat' dir='ltr'><strong>nota</strong></span> <span class='ocrx_word' id='word_1_351' title='bbox 1547 273 1602 300; x_wconf 83' lang='lat' dir='ltr'><strong>sint</strong></span> <span class='ocrx_word' id='word_1_352' title='bbox 1612 272 1765 307; x_wconf 63' lang='lat' dir='ltr'><strong>praeterita.</strong></span> <span class='ocrx_word' id='word_1_353' title='bbox 1775 272 1864 299; x_wconf 87' lang='lat' dir='ltr'><strong>futura</strong></span> 
     </span>
    </p>
   </div>
   <div class='ocr_carea' id='block_1_50' title="bbox 1074 317 1866 354">
    <p class='ocr_par' dir='ltr' id='par_1_50' title="bbox 1074 317 1866 354">
     <span class='ocr_line' id='line_1_50' title="bbox 1074 317 1866 354; baseline 0.003 -11"><span class='ocrx_word' id='word_1_354' title='bbox 1074 323 1141 343; x_wconf 84' lang='lat' dir='ltr'><strong>vero</strong></span> <span class='ocrx_word' id='word_1_355' title='bbox 1167 317 1275 351; x_wconf 87' lang='lat' dir='ltr'><strong>penitus</strong></span> <span class='ocrx_word' id='word_1_356' title='bbox 1304 317 1411 352; x_wconf 85' lang='lat' dir='ltr'><strong>ignota;</strong></span> <span class='ocrx_word' id='word_1_357' title='bbox 1444 318 1485 345; x_wconf 89' lang='lat' dir='ltr'><strong>vel</strong></span> <span class='ocrx_word' id='word_1_358' title='bbox 1502 318 1573 354; x_wconf 89' lang='lat' dir='ltr'><strong>quod</strong></span> <span class='ocrx_word' id='word_1_359' title='bbox 1599 323 1707 353; x_wconf 86' lang='lat' dir='ltr'><strong>tempus</strong></span> <span class='ocrx_word' id='word_1_360' title='bbox 1734 318 1819 345; x_wconf 86' lang='lat' dir='ltr'><strong>tacite</strong></span> <span class='ocrx_word' id='word_1_361' title='bbox 1839 322 1866 345; x_wconf 84' lang='lat' dir='ltr'><strong>et</strong></span> 
     </span>
    </p>
   </div>
   <div class='ocr_carea' id='block_1_51' title="bbox 1074 362 1866 399">
    <p class='ocr_par' dir='ltr' id='par_1_51' title="bbox 1074 362 1866 399">
     <span class='ocr_line' id='line_1_51' title="bbox 1074 362 1866 399; baseline 0.003 -11"><span class='ocrx_word' id='word_1_362' title='bbox 1074 362 1179 390; x_wconf 88' lang='lat' dir='ltr'><strong>occulte</strong></span> <span class='ocrx_word' id='word_1_363' title='bbox 1192 363 1330 398; x_wconf 86' lang='lat' dir='ltr'><strong>subrepat.</strong></span> <span class='ocrx_word' id='word_1_364' title='bbox 1355 364 1464 392; x_wconf 88' lang='lat' dir='ltr'><strong>Diceres</strong></span> <span class='ocrx_word' id='word_1_365' title='bbox 1478 365 1512 393; x_wconf 88' lang='lat' dir='ltr'><strong>ad</strong></span> <span class='ocrx_word' id='word_1_366' title='bbox 1529 364 1598 392; x_wconf 88' lang='lat' dir='ltr'><strong>hanc</strong></span> <span class='ocrx_word' id='word_1_367' title='bbox 1617 364 1752 399; x_wconf 75' lang='lat' dir='ltr'><strong>originem</strong></span> <span class='ocrx_word' id='word_1_368' title='bbox 1773 370 1866 397; x_wconf 85' lang='lat' dir='ltr'><strong>respe-</strong></span> 
     </span>
    </p>
   </div>
   <div class='ocr_carea' id='block_1_52' title="bbox 1074 408 1864 446">
    <p class='ocr_par' dir='ltr' id='par_1_52' title="bbox 1074 408 1864 446">
     <span class='ocr_line' id='line_1_52' title="bbox 1074 408 1864 446; baseline 0.006 -12"><span class='ocrx_word' id='word_1_369' title='bbox 1074 408 1147 436; x_wconf 73' lang='lat' dir='ltr'><strong>xisse</strong></span> <span class='ocrx_word' id='word_1_370' title='bbox 1178 409 1319 438; x_wconf 84' lang='lat' dir='ltr'><strong>Horatium</strong></span> <span class='ocrx_word' id='word_1_371' title='bbox 1339 418 1401 438; x_wconf 93' lang='lat' dir='ltr'><strong>cum</strong></span> <span class='ocrx_word' id='word_1_372' title='bbox 1420 411 1528 446; x_wconf 87' lang='lat' dir='ltr'><strong>scripsit</strong></span> <span class='ocrx_word' id='word_1_373' title='bbox 1554 411 1601 439; x_wconf 92' lang='lat' dir='ltr'><strong>lib.</strong></span> <span class='ocrx_word' id='word_1_374' title='bbox 1620 419 1641 445; x_wconf 87' lang='lat' dir='ltr'><strong>I.</strong></span> <span class='ocrx_word' id='word_1_375' title='bbox 1661 411 1707 439; x_wconf 86' lang='lat' dir='ltr'><strong>od.</strong></span> <span class='ocrx_word' id='word_1_376' title='bbox 1721 410 1769 444; x_wconf 79' lang='lat' dir='ltr'><strong>I2,</strong></span> <span class='ocrx_word' id='word_1_377' title='bbox 1791 417 1864 438; x_wconf 76' lang='lat' dir='ltr'><strong>vers.</strong></span> 
     </span>
    </p>
   </div>
   <div class='ocr_carea' id='block_1_53' title="bbox 1073 452 1137 480">
    <p class='ocr_par' dir='ltr' id='par_1_53' title="bbox 1073 452 1137 480">
     <span class='ocr_line' id='line_1_53' title="bbox 1073 452 1137 480; baseline 0 -1"><span class='ocrx_word' id='word_1_378' title='bbox 1073 452 1137 480; x_wconf 67' lang='lat'><strong>45:</strong></span> 
     </span>
    </p>
   </div>
   <div class='ocr_carea' id='block_1_54' title="bbox 1215 498 1718 535">
    <p class='ocr_par' dir='ltr' id='par_1_54' title="bbox 1215 498 1718 535">
     <span class='ocr_line' id='line_1_54' title="bbox 1215 498 1718 535; baseline 0.002 -9"><span class='ocrx_word' id='word_1_379' title='bbox 1215 498 1315 535; x_wconf 61' lang='lat' dir='ltr'><strong>Crescit</strong></span> <span class='ocrx_word' id='word_1_380' title='bbox 1333 500 1444 530; x_wconf 85' lang='lat' dir='ltr'><strong>occulto.</strong></span> <span class='ocrx_word' id='word_1_381' title='bbox 1458 500 1525 528; x_wconf 76' lang='lat' dir='ltr'><strong>velut</strong></span> <span class='ocrx_word' id='word_1_382' title='bbox 1540 500 1629 535; x_wconf 86' lang='lat' dir='ltr'><strong>arbor,</strong></span> <span class='ocrx_word' id='word_1_383' title='bbox 1650 508 1718 534; x_wconf 73' lang='lat' dir='ltr'><strong>mo.</strong></span> 
     </span>
    </p>
   </div>
   <div class='ocr_carea' id='block_1_55' title="bbox 1215 534 1454 568">
    <p class='ocr_par' dir='ltr' id='par_1_55' title="bbox 1215 534 1454 568">
     <span class='ocr_line' id='line_1_55' title="bbox 1215 534 1454 568; baseline 0.004 -7"><span class='ocrx_word' id='word_1_384' title='bbox 1215 534 1301 562; x_wconf 82' lang='lat' dir='ltr'><strong>Fama</strong></span> <span class='ocrx_word' id='word_1_385' title='bbox 1317 535 1454 568; x_wconf 77' lang='lat' dir='ltr'><strong>Marcelli;</strong></span> 
     </span>
    </p>
   </div>
   <div class='ocr_carea' id='block_1_56' title="bbox 1072 589 1593 625">
    <p class='ocr_par' dir='ltr' id='par_1_56' title="bbox 1072 589 1593 625">
     <span class='ocr_line' id='line_1_56' title="bbox 1072 589 1593 625; baseline 0.004 -8"><span class='ocrx_word' id='word_1_386' title='bbox 1072 595 1098 617; x_wconf 91' lang='lat' dir='ltr'><strong>et</strong></span> <span class='ocrx_word' id='word_1_387' title='bbox 1113 589 1248 624; x_wconf 88' lang='lat' dir='ltr'><strong>Ovidium,</strong></span> <span class='ocrx_word' id='word_1_388' title='bbox 1262 590 1372 620; x_wconf 79' lang='lat' dir='ltr'><strong>Metam.</strong></span> <span class='ocrx_word' id='word_1_389' title='bbox 1386 599 1414 625; x_wconf 72' lang='grc' dir='ltr'><strong>ι,</strong></span> <span class='ocrx_word' id='word_1_390' title='bbox 1432 599 1505 620; x_wconf 79' lang='lat' dir='ltr'><strong>vers.</strong></span> <span class='ocrx_word' id='word_1_391' title='bbox 1523 591 1593 620; x_wconf 76' lang='lat'><strong>519:</strong></span> 
     </span>
    </p>
   </div>
   <div class='ocr_carea' id='block_1_57' title="bbox 1211 634 1816 671">
    <p class='ocr_par' dir='ltr' id='par_1_57' title="bbox 1211 634 1816 671">
     <span class='ocr_line' id='line_1_57' title="bbox 1211 634 1816 671; baseline 0.002 -10"><span class='ocrx_word' id='word_1_392' title='bbox 1211 634 1323 662; x_wconf 82' lang='lat' dir='ltr'><strong>Laliitur</strong></span> <span class='ocrx_word' id='word_1_393' title='bbox 1338 636 1449 667; x_wconf 76' lang='lat' dir='ltr'><strong>occulte.</strong></span> <span class='ocrx_word' id='word_1_394' title='bbox 1472 636 1594 671; x_wconf 79' lang='lat' dir='ltr'><strong>fallitque</strong></span> <span class='ocrx_word' id='word_1_395' title='bbox 1604 635 1720 663; x_wconf 80' lang='lat' dir='ltr'><strong>volatilis</strong></span> <span class='ocrx_word' id='word_1_396' title='bbox 1736 639 1816 663; x_wconf 73' lang='lat' dir='ltr'><strong>(etas.</strong></span> 
     </span>
    </p>
   </div>
   <div class='ocr_carea' id='block_1_58' title="bbox 1073 677 1862 715">
    <p class='ocr_par' dir='ltr' id='par_1_58' title="bbox 1073 677 1862 715">
     <span class='ocr_line' id='line_1_58' title="bbox 1073 677 1862 715; baseline -0.001 -10"><span class='ocrx_word' id='word_1_397' title='bbox 1073 677 1150 707; x_wconf 86' lang='lat' dir='ltr'><strong>Valet</strong></span> <span class='ocrx_word' id='word_1_398' title='bbox 1168 679 1202 707; x_wconf 91' lang='lat' dir='ltr'><strong>ad</strong></span> <span class='ocrx_word' id='word_1_399' title='bbox 1218 680 1386 715; x_wconf 87' lang='lat' dir='ltr'><strong>superiorum</strong></span> <span class='ocrx_word' id='word_1_400' title='bbox 1397 680 1642 712; x_wconf 74' lang='lat' dir='ltr'><strong>confirmationem,</strong></span> <span class='ocrx_word' id='word_1_401' title='bbox 1657 679 1730 715; x_wconf 91' lang='lat' dir='ltr'><strong>quod</strong></span> <span class='ocrx_word' id='word_1_402' title='bbox 1747 679 1862 706; x_wconf 86' lang='lat' dir='ltr'><strong>habetur</strong></span> 
     </span>
    </p>
   </div>
   <div class='ocr_carea' id='block_1_59' title="bbox 1073 724 1860 761">
    <p class='ocr_par' dir='ltr' id='par_1_59' title="bbox 1073 724 1860 761">
     <span class='ocr_line' id='line_1_59' title="bbox 1073 724 1860 761; baseline 0 -9"><span class='ocrx_word' id='word_1_403' title='bbox 1073 724 1220 753; x_wconf 87' lang='lat' dir='ltr'><strong>Deuteron.</strong></span> <span class='ocrx_word' id='word_1_404' title='bbox 1235 733 1281 758; x_wconf 78' lang='lat' dir='ltr'><strong>xv,</strong></span> <span class='ocrx_word' id='word_1_405' title='bbox 1296 725 1340 760; x_wconf 77' lang='lat' dir='ltr'><strong>l&#39;l,</strong></span> <span class='ocrx_word' id='word_1_406' title='bbox 1360 726 1394 753; x_wconf 88' lang='lat' dir='ltr'><strong>de</strong></span> <span class='ocrx_word' id='word_1_407' title='bbox 1406 726 1515 753; x_wconf 86' lang='lat' dir='ltr'><strong>homine</strong></span> <span class='ocrx_word' id='word_1_408' title='bbox 1530 726 1575 761; x_wconf 85' lang='lat' dir='ltr'><strong>qui</strong></span> <span class='ocrx_word' id='word_1_409' title='bbox 1594 726 1661 754; x_wconf 86' lang='lat' dir='ltr'><strong>sein</strong></span> <span class='ocrx_word' id='word_1_410' title='bbox 1679 725 1860 754; x_wconf 78' lang='lat' dir='ltr'><strong>voluntariam</strong></span> 
     </span>
    </p>
   </div>
   <div class='ocr_carea' id='block_1_60' title="bbox 1072 770 1860 806">
    <p class='ocr_par' dir='ltr' id='par_1_60' title="bbox 1072 770 1860 806">
     <span class='ocr_line' id='line_1_60' title="bbox 1072 770 1860 806; baseline -0.003 -8"><span class='ocrx_word' id='word_1_411' title='bbox 1072 775 1098 798; x_wconf 89' lang='lat' dir='ltr'><strong>et</strong></span> <span class='ocrx_word' id='word_1_412' title='bbox 1109 775 1237 799; x_wconf 61' lang='lat' dir='ltr'><strong>sternam</strong></span> <span class='ocrx_word' id='word_1_413' title='bbox 1249 772 1411 799; x_wconf 86' lang='lat' dir='ltr'><strong>servitutem</strong></span> <span class='ocrx_word' id='word_1_414' title='bbox 1426 771 1563 806; x_wconf 81' lang='lat' dir='ltr'><strong>mancipat</strong></span> <span class='ocrx_word' id='word_1_415' title='bbox 1578 780 1586 799; x_wconf 90' lang='lat'><strong>:</strong></span> <span class='ocrx_word' id='word_1_416' title='bbox 1603 779 1614 797; x_wconf 70' lang='grc' dir='ltr'><strong>ι</strong></span> <span class='ocrx_word' id='word_1_417' title='bbox 1629 771 1763 799; x_wconf 79' lang='lat' dir='ltr'><strong>Assumes</strong></span> <span class='ocrx_word' id='word_1_418' title='bbox 1778 770 1860 798; x_wconf 83' lang='lat' dir='ltr'><strong>subu-</strong></span> 
     </span>
    </p>
   </div>
   <div class='ocr_carea' id='block_1_61' title="bbox 1071 816 1860 853">
    <p class='ocr_par' dir='ltr' id='par_1_61' title="bbox 1071 816 1860 853">
     <span class='ocr_line' id='line_1_61' title="bbox 1071 816 1860 853; baseline -0.001 -9"><span class='ocrx_word' id='word_1_419' title='bbox 1071 816 1136 850; x_wconf 86' lang='lat' dir='ltr'><strong>Iam,</strong></span> <span class='ocrx_word' id='word_1_420' title='bbox 1163 822 1192 845; x_wconf 91' lang='lat' dir='ltr'><strong>et</strong></span> <span class='ocrx_word' id='word_1_421' title='bbox 1215 816 1367 853; x_wconf 82' lang='lat' dir='ltr'><strong>perforabis</strong></span> <span class='ocrx_word' id='word_1_422' title='bbox 1396 824 1490 845; x_wconf 86' lang='lat' dir='ltr'><strong>aurem</strong></span> <span class='ocrx_word' id='word_1_423' title='bbox 1514 817 1573 852; x_wconf 82' lang='lat' dir='ltr'><strong>ejus</strong></span> <span class='ocrx_word' id='word_1_424' title='bbox 1598 817 1625 844; x_wconf 94' lang='lat' dir='ltr'><strong>in</strong></span> <span class='ocrx_word' id='word_1_425' title='bbox 1653 816 1737 851; x_wconf 76' lang='lat' dir='ltr'><strong>ianua</strong></span> <span class='ocrx_word' id='word_1_426' title='bbox 1764 816 1860 843; x_wconf 78' lang='lat' dir='ltr'><strong>dosoris</strong></span> 
     </span>
    </p>
   </div>
   <div class='ocr_carea' id='block_1_62' title="bbox 1070 860 1857 898">
    <p class='ocr_par' dir='ltr' id='par_1_62' title="bbox 1070 860 1857 898">
     <span class='ocr_line' id='line_1_62' title="bbox 1070 860 1857 898; baseline -0.001 -9"><span class='ocrx_word' id='word_1_427' title='bbox 1070 867 1133 895; x_wconf 69' lang='lat' dir='ltr'><strong>tuae.</strong></span> <span class='ocrx_word' id='word_1_428' title='bbox 1162 867 1189 890; x_wconf 87' lang='lat' dir='ltr'><strong>et</strong></span> <span class='ocrx_word' id='word_1_429' title='bbox 1218 862 1318 890; x_wconf 88' lang='lat' dir='ltr'><strong>serviet</strong></span> <span class='ocrx_word' id='word_1_430' title='bbox 1341 863 1389 890; x_wconf 93' lang='lat' dir='ltr'><strong>tibi</strong></span> <span class='ocrx_word' id='word_1_431' title='bbox 1416 870 1505 898; x_wconf 87' lang='lat' dir='ltr'><strong>usque</strong></span> <span class='ocrx_word' id='word_1_432' title='bbox 1523 863 1550 891; x_wconf 90' lang='lat' dir='ltr'><strong>in</strong></span> <span class='ocrx_word' id='word_1_433' title='bbox 1576 867 1720 891; x_wconf 70' lang='lat' dir='ltr'><strong>aeternum.</strong></span> <span class='ocrx_word' id='word_1_434' title='bbox 1735 871 1747 888; x_wconf 71' lang='grc' dir='ltr'><strong>ο</strong></span> <span class='ocrx_word' id='word_1_435' title='bbox 1775 860 1857 888; x_wconf 86' lang='lat' dir='ltr'><strong>Hebr.</strong></span> 
     </span>
    </p>
   </div>
   <div class='ocr_carea' id='block_1_63' title="bbox 1276 906 1858 943">
    <p class='ocr_par' dir='ltr' id='par_1_63' title="bbox 1276 906 1858 943">
     <span class='ocr_line' id='line_1_63' title="bbox 1276 906 1858 943; baseline -0.007 -7"><span class='ocrx_word' id='word_1_436' title='bbox 1276 913 1329 939; x_wconf 70' lang='lat' dir='ltr'><strong>7m.</strong></span> <span class='ocrx_word' id='word_1_437' title='bbox 1343 908 1425 942; x_wconf 80' lang='lat' dir='ltr'><strong>LXX,</strong></span> <span class='ocrx_word' id='word_1_438' title='bbox 1437 909 1484 936; x_wconf 73' lang='grc' dir='ltr'><strong>καὶ</strong></span> <span class='ocrx_word' id='word_1_439' title='bbox 1498 908 1573 936; x_wconf 71' lang='grc' dir='ltr'>ἔσται</span> <span class='ocrx_word' id='word_1_440' title='bbox 1584 917 1624 936; x_wconf 80' lang='grc' dir='ltr'><strong>σοι</strong></span> <span class='ocrx_word' id='word_1_441' title='bbox 1637 908 1747 943; x_wconf 75' lang='grc' dir='ltr'><strong>οἰκέτης</strong></span> <span class='ocrx_word' id='word_1_442' title='bbox 1763 906 1804 938; x_wconf 76' lang='grc' dir='ltr'>εἰς</span> <span class='ocrx_word' id='word_1_443' title='bbox 1814 906 1858 933; x_wconf 71' lang='grc' dir='ltr'><strong>τὸν</strong></span> 
     </span>
    </p>
   </div>
   <div class='ocr_carea' id='block_1_64' title="bbox 1068 952 1858 988">
    <p class='ocr_par' dir='ltr' id='par_1_64' title="bbox 1068 952 1858 988">
     <span class='ocr_line' id='line_1_64' title="bbox 1068 952 1858 988; baseline -0.001 -8"><span class='ocrx_word' id='word_1_444' title='bbox 1068 953 1164 980; x_wconf 84' lang='grc' dir='ltr'>αἰῶνα.</span> <span class='ocrx_word' id='word_1_445' title='bbox 1191 953 1243 981; x_wconf 87' lang='lat' dir='ltr'><strong>Cui</strong></span> <span class='ocrx_word' id='word_1_446' title='bbox 1262 953 1352 981; x_wconf 85' lang='lat' dir='ltr'><strong>simile</strong></span> <span class='ocrx_word' id='word_1_447' title='bbox 1370 953 1435 981; x_wconf 87' lang='lat' dir='ltr'><strong>illud</strong></span> <span class='ocrx_word' id='word_1_448' title='bbox 1465 953 1570 982; x_wconf 81' lang='lat' dir='ltr'><strong>Horatii</strong></span> <span class='ocrx_word' id='word_1_449' title='bbox 1600 954 1646 983; x_wconf 92' lang='lat' dir='ltr'><strong>lib.</strong></span> <span class='ocrx_word' id='word_1_450' title='bbox 1672 962 1693 986; x_wconf 85' lang='lat' dir='ltr'><strong>I.</strong></span> <span class='ocrx_word' id='word_1_451' title='bbox 1712 953 1794 988; x_wconf 83' lang='lat' dir='ltr'><strong>epist.</strong></span> <span class='ocrx_word' id='word_1_452' title='bbox 1812 952 1858 979; x_wconf 68' lang='lat' dir='ltr'><strong>Ioc</strong></span> 
     </span>
    </p>
   </div>
   <div class='ocr_carea' id='block_1_65' title="bbox 1064 999 1221 1027">
    <p class='ocr_par' dir='ltr' id='par_1_65' title="bbox 1064 999 1221 1027">
     <span class='ocr_line' id='line_1_65' title="bbox 1064 999 1221 1027; baseline 0 -1"><span class='ocrx_word' id='word_1_453' title='bbox 1064 1005 1136 1027; x_wconf 89' lang='lat' dir='ltr'><strong>vers.</strong></span> <span class='ocrx_word' id='word_1_454' title='bbox 1158 999 1191 1026; x_wconf 73' lang='grc'><strong>41</strong></span> <span class='ocrx_word' id='word_1_455' title='bbox 1213 1007 1221 1026; x_wconf 92' lang='lat'><strong>:</strong></span> 
     </span>
    </p>
   </div>
   <div class='ocr_carea' id='block_1_66' title="bbox 1151 1043 1766 1080">
    <p class='ocr_par' dir='ltr' id='par_1_66' title="bbox 1151 1043 1766 1080">
     <span class='ocr_line' id='line_1_66' title="bbox 1151 1043 1766 1080; baseline -0.003 -8"><span class='ocrx_word' id='word_1_456' title='bbox 1151 1044 1254 1073; x_wconf 74' lang='lat' dir='ltr'><strong>Serviat</strong></span> <span class='ocrx_word' id='word_1_457' title='bbox 1265 1049 1392 1073; x_wconf 62' lang='lat' dir='ltr'><strong>internum</strong></span> <span class='ocrx_word' id='word_1_458' title='bbox 1402 1065 1409 1077; x_wconf 84' lang='lat'><strong>,</strong></span> <span class='ocrx_word' id='word_1_459' title='bbox 1429 1045 1492 1080; x_wconf 83' lang='lat' dir='ltr'><strong>quia</strong></span> <span class='ocrx_word' id='word_1_460' title='bbox 1514 1053 1596 1079; x_wconf 81' lang='lat' dir='ltr'><strong>parua</strong></span> <span class='ocrx_word' id='word_1_461' title='bbox 1610 1044 1702 1072; x_wconf 77' lang='lat' dir='ltr'><strong>nesciit</strong></span> <span class='ocrx_word' id='word_1_462' title='bbox 1716 1043 1766 1071; x_wconf 80' lang='lat' dir='ltr'><strong>uti.</strong></span> 
     </span>
    </p>
   </div>
   <div class='ocr_carea' id='block_1_67' title="bbox 1064 1088 1854 1126">
    <p class='ocr_par' dir='ltr' id='par_1_67' title="bbox 1064 1088 1854 1126">
     <span class='ocr_line' id='line_1_67' title="bbox 1064 1088 1854 1126; baseline -0.003 -9"><span class='ocrx_word' id='word_1_463' title='bbox 1064 1088 1138 1118; x_wconf 84' lang='lat' dir='ltr'><strong>Utile</strong></span> <span class='ocrx_word' id='word_1_464' title='bbox 1151 1090 1235 1118; x_wconf 88' lang='lat' dir='ltr'><strong>etiam</strong></span> <span class='ocrx_word' id='word_1_465' title='bbox 1249 1091 1300 1118; x_wconf 91' lang='lat' dir='ltr'><strong>hoc</strong></span> <span class='ocrx_word' id='word_1_466' title='bbox 1314 1090 1471 1126; x_wconf 78' lang='lat' dir='ltr'><strong>Hieronymi</strong></span> <span class='ocrx_word' id='word_1_467' title='bbox 1486 1091 1513 1118; x_wconf 87' lang='lat' dir='ltr'><strong>in</strong></span> <span class='ocrx_word' id='word_1_468' title='bbox 1536 1090 1678 1118; x_wconf 77' lang='lat' dir='ltr'><strong>Ezechielis</strong></span> <span class='ocrx_word' id='word_1_469' title='bbox 1692 1098 1754 1125; x_wconf 81' lang='lat' dir='ltr'><strong>cap.</strong></span> <span class='ocrx_word' id='word_1_470' title='bbox 1775 1096 1854 1116; x_wconf 74' lang='lat' dir='ltr'><strong>xxvi.</strong></span> 
     </span>
    </p>
   </div>
   <div class='ocr_carea' id='block_1_68' title="bbox 1068 1134 1856 1169">
    <p class='ocr_par' dir='ltr' id='par_1_68' title="bbox 1068 1134 1856 1169">
     <span class='ocr_line' id='line_1_68' title="bbox 1068 1134 1856 1169; baseline -0.004 -6"><span class='ocrx_word' id='word_1_471' title='bbox 1068 1142 1139 1163; x_wconf 81' lang='lat' dir='ltr'><strong>vers.</strong></span> <span class='ocrx_word' id='word_1_472' title='bbox 1153 1135 1203 1162; x_wconf 87' lang='lat' dir='ltr'><strong>ult.</strong></span> <span class='ocrx_word' id='word_1_473' title='bbox 1218 1145 1224 1163; x_wconf 91' lang='lat'><strong>:</strong></span> <span class='ocrx_word' id='word_1_474' title='bbox 1243 1144 1252 1161; x_wconf 82' lang='grc' dir='ltr'><strong>ι</strong></span> <span class='ocrx_word' id='word_1_475' title='bbox 1265 1134 1299 1162; x_wconf 87' lang='lat' dir='ltr'><strong>Et</strong></span> <span class='ocrx_word' id='word_1_476' title='bbox 1314 1135 1385 1162; x_wconf 80' lang='lat' dir='ltr'><strong>ultra</strong></span> <span class='ocrx_word' id='word_1_477' title='bbox 1401 1143 1453 1162; x_wconf 79' lang='lat' dir='ltr'><strong>non</strong></span> <span class='ocrx_word' id='word_1_478' title='bbox 1468 1135 1520 1162; x_wconf 76' lang='lat' dir='ltr'><strong>eris</strong></span> <span class='ocrx_word' id='word_1_479' title='bbox 1541 1136 1570 1162; x_wconf 87' lang='lat' dir='ltr'><strong>in</strong></span> <span class='ocrx_word' id='word_1_480' title='bbox 1580 1136 1764 1169; x_wconf 73' lang='lat' dir='ltr'><strong>sempiternum</strong></span> <span class='ocrx_word' id='word_1_481' title='bbox 1776 1141 1787 1160; x_wconf 90' lang='lat'><strong><em>:</em></strong></span> <span class='ocrx_word' id='word_1_482' title='bbox 1800 1135 1856 1161; x_wconf 83' lang='lat' dir='ltr'><strong>sive</strong></span> 
     </span>
    </p>
   </div>
   <div class='ocr_carea' id='block_1_69' title="bbox 1040 1174 1855 1216">
    <p class='ocr_par' dir='ltr' id='par_1_69' title="bbox 1040 1174 1855 1216">
     <span class='ocr_line' id='line_1_69' title="bbox 1040 1174 1855 1216; baseline -0.002 -8"><span class='ocrx_word' id='word_1_483' title='bbox 1040 1189 1043 1192; x_wconf 53' lang='grc' dir='ltr'>λ</span> <span class='ocrx_word' id='word_1_484' title='bbox 1063 1186 1094 1208; x_wconf 89' lang='grc' dir='ltr'><strong>ιιι</strong></span> <span class='ocrx_word' id='word_1_485' title='bbox 1109 1181 1137 1209; x_wconf 91' lang='lat' dir='ltr'><strong>in</strong></span> <span class='ocrx_word' id='word_1_486' title='bbox 1157 1181 1289 1210; x_wconf 83' lang='lat' dir='ltr'><strong>Hebraioo</strong></span> <span class='ocrx_word' id='word_1_487' title='bbox 1306 1174 1393 1216; x_wconf 62' lang='lat'><strong>13511:,</strong></span> <span class='ocrx_word' id='word_1_488' title='bbox 1413 1187 1442 1210; x_wconf 88' lang='lat' dir='ltr'><strong>et</strong></span> <span class='ocrx_word' id='word_1_489' title='bbox 1467 1183 1495 1210; x_wconf 92' lang='lat' dir='ltr'><strong>in</strong></span> <span class='ocrx_word' id='word_1_490' title='bbox 1515 1183 1609 1211; x_wconf 66' lang='lat' dir='ltr'><strong>Grazco</strong></span> <span class='ocrx_word' id='word_1_491' title='bbox 1626 1181 1692 1210; x_wconf 85' lang='grc' dir='ltr'>αἰὼν</span> <span class='ocrx_word' id='word_1_492' title='bbox 1713 1181 1855 1212; x_wconf 89' lang='lat' dir='ltr'><strong>scribitur,</strong></span> 
     </span>
    </p>
   </div>
   <div class='ocr_carea' id='block_1_70' title="bbox 1064 1228 1854 1264">
    <p class='ocr_par' dir='ltr' id='par_1_70' title="bbox 1064 1228 1854 1264">
     <span class='ocr_line' id='line_1_70' title="bbox 1064 1228 1854 1264; baseline -0.001 -8"><span class='ocrx_word' id='word_1_493' title='bbox 1064 1236 1146 1256; x_wconf 75' lang='lat' dir='ltr'><strong>unum</strong></span> <span class='ocrx_word' id='word_1_494' title='bbox 1180 1228 1308 1256; x_wconf 76' lang='lat' dir='ltr'><strong>saeculum</strong></span> <span class='ocrx_word' id='word_1_495' title='bbox 1337 1229 1482 1264; x_wconf 78' lang='lat' dir='ltr'><strong>signiﬁcat,</strong></span> <span class='ocrx_word' id='word_1_496' title='bbox 1509 1229 1587 1264; x_wconf 83' lang='lat' dir='ltr'><strong>juxta</strong></span> <span class='ocrx_word' id='word_1_497' title='bbox 1611 1229 1677 1257; x_wconf 90' lang='lat' dir='ltr'><strong>illud</strong></span> <span class='ocrx_word' id='word_1_498' title='bbox 1696 1228 1782 1260; x_wconf 62' lang='lat' dir='ltr'><strong>Isaiae.</strong></span> <span class='ocrx_word' id='word_1_499' title='bbox 1809 1228 1854 1263; x_wconf 85' lang='lat' dir='ltr'><strong>qui</strong></span> 
     </span>
    </p>
   </div>
   <div class='ocr_carea' id='block_1_71' title="bbox 1066 1275 1852 1311">
    <p class='ocr_par' dir='ltr' id='par_1_71' title="bbox 1066 1275 1852 1311">
     <span class='ocr_line' id='line_1_71' title="bbox 1066 1275 1852 1311; baseline -0.001 -9"><span class='ocrx_word' id='word_1_500' title='bbox 1066 1281 1127 1310; x_wconf 84' lang='lat' dir='ltr'><strong>post</strong></span> <span class='ocrx_word' id='word_1_501' title='bbox 1145 1275 1311 1311; x_wconf 84' lang='lat' dir='ltr'><strong>septuaginta</strong></span> <span class='ocrx_word' id='word_1_502' title='bbox 1325 1283 1410 1303; x_wconf 89' lang='lat' dir='ltr'><strong>annos</strong></span> <span class='ocrx_word' id='word_1_503' title='bbox 1425 1275 1489 1303; x_wconf 89' lang='lat' dir='ltr'><strong>dicit</strong></span> <span class='ocrx_word' id='word_1_504' title='bbox 1501 1275 1601 1311; x_wconf 83' lang='lat' dir='ltr'><strong>Tyrum</strong></span> <span class='ocrx_word' id='word_1_505' title='bbox 1617 1275 1811 1303; x_wconf 82' lang='lat' dir='ltr'><strong>restituendam</strong></span> <span class='ocrx_word' id='word_1_506' title='bbox 1826 1275 1852 1301; x_wconf 91' lang='lat' dir='ltr'><strong>in</strong></span> 
     </span>
    </p>
   </div>
   <div class='ocr_carea' id='block_1_72' title="bbox 1064 1320 1853 1356">
    <p class='ocr_par' dir='ltr' id='par_1_72' title="bbox 1064 1320 1853 1356">
     <span class='ocr_line' id='line_1_72' title="bbox 1064 1320 1853 1356; baseline -0.001 -8"><span class='ocrx_word' id='word_1_507' title='bbox 1064 1321 1197 1356; x_wconf 74' lang='lat' dir='ltr'><strong>integrann</strong></span> <span class='ocrx_word' id='word_1_508' title='bbox 1206 1325 1316 1348; x_wconf 87' lang='lat' dir='ltr'><strong>statum.</strong></span> <span class='ocrx_word' id='word_1_509' title='bbox 1328 1321 1410 1348; x_wconf 81' lang='lat' dir='ltr'><strong>Aiunt</strong></span> <span class='ocrx_word' id='word_1_510' title='bbox 1419 1326 1507 1349; x_wconf 89' lang='lat' dir='ltr'><strong>autem</strong></span> <span class='ocrx_word' id='word_1_511' title='bbox 1518 1329 1599 1349; x_wconf 93' lang='lat' dir='ltr'><strong>unum</strong></span> <span class='ocrx_word' id='word_1_512' title='bbox 1610 1320 1748 1354; x_wconf 63' lang='lat' dir='ltr'><strong>saeculum,</strong></span> <span class='ocrx_word' id='word_1_513' title='bbox 1764 1320 1789 1347; x_wconf 89' lang='lat' dir='ltr'><strong>id</strong></span> <span class='ocrx_word' id='word_1_514' title='bbox 1801 1324 1853 1351; x_wconf 82' lang='lat' dir='ltr'><strong>est,</strong></span> 
     </span>
    </p>
   </div>
   <div class='ocr_carea' id='block_1_73' title="bbox 1064 1367 1854 1403">
    <p class='ocr_par' dir='ltr' id='par_1_73' title="bbox 1064 1367 1854 1403">
     <span class='ocr_line' id='line_1_73' title="bbox 1064 1367 1854 1403; baseline -0.003 -10"><span class='ocrx_word' id='word_1_515' title='bbox 1064 1367 1189 1394; x_wconf 61' lang='lat' dir='ltr'><strong>humanae</strong></span> <span class='ocrx_word' id='word_1_516' title='bbox 1217 1371 1322 1402; x_wconf 83' lang='lat' dir='ltr'><strong>tempus</strong></span> <span class='ocrx_word' id='word_1_517' title='bbox 1343 1367 1431 1394; x_wconf 69' lang='lat' dir='ltr'><strong>aetatis</strong></span> <span class='ocrx_word' id='word_1_518' title='bbox 1454 1367 1622 1403; x_wconf 85' lang='lat' dir='ltr'><strong>septuaginta</strong></span> <span class='ocrx_word' id='word_1_519' title='bbox 1645 1373 1778 1393; x_wconf 88' lang='lat' dir='ltr'><strong>annorum</strong></span> <span class='ocrx_word' id='word_1_520' title='bbox 1805 1373 1854 1392; x_wconf 90' lang='lat' dir='ltr'><strong>un-</strong></span> 
     </span>
    </p>
   </div>
   <div class='ocr_carea' id='block_1_74' title="bbox 1065 1410 1854 1446">
    <p class='ocr_par' dir='ltr' id='par_1_74' title="bbox 1065 1410 1854 1446">
     <span class='ocr_line' id='line_1_74' title="bbox 1065 1410 1854 1446; baseline -0.001 -9"><span class='ocrx_word' id='word_1_521' title='bbox 1065 1418 1141 1438; x_wconf 88' lang='lat' dir='ltr'><strong>mero</strong></span> <span class='ocrx_word' id='word_1_522' title='bbox 1162 1411 1314 1446; x_wconf 86' lang='lat' dir='ltr'><strong>supputari,</strong></span> <span class='ocrx_word' id='word_1_523' title='bbox 1330 1411 1473 1439; x_wconf 83' lang='lat' dir='ltr'><strong>Psalmista</strong></span> <span class='ocrx_word' id='word_1_524' title='bbox 1495 1412 1606 1440; x_wconf 88' lang='lat' dir='ltr'><strong>dicente</strong></span> <span class='ocrx_word' id='word_1_525' title='bbox 1622 1419 1629 1438; x_wconf 89' lang='lat'><strong>:</strong></span> <span class='ocrx_word' id='word_1_526' title='bbox 1647 1410 1707 1438; x_wconf 80' lang='lat' dir='ltr'><strong>Dies</strong></span> <span class='ocrx_word' id='word_1_527' title='bbox 1722 1418 1854 1437; x_wconf 70' lang='lat' dir='ltr'><strong>annorum</strong></span> 
     </span>
    </p>
   </div>
   <div class='ocr_carea' id='block_1_75' title="bbox 1064 1455 1852 1492">
    <p class='ocr_par' dir='ltr' id='par_1_75' title="bbox 1064 1455 1852 1492">
     <span class='ocr_line' id='line_1_75' title="bbox 1064 1455 1852 1492; baseline -0.001 -10"><span class='ocrx_word' id='word_1_528' title='bbox 1064 1461 1214 1483; x_wconf 79' lang='lat' dir='ltr'><strong>nostrorum</strong></span> <span class='ocrx_word' id='word_1_529' title='bbox 1229 1457 1258 1484; x_wconf 88' lang='lat' dir='ltr'><strong>in</strong></span> <span class='ocrx_word' id='word_1_530' title='bbox 1271 1456 1334 1491; x_wconf 79' lang='lat' dir='ltr'><strong>ipsis</strong></span> <span class='ocrx_word' id='word_1_531' title='bbox 1347 1457 1512 1492; x_wconf 80' lang='lat' dir='ltr'><strong>septuaginta</strong></span> <span class='ocrx_word' id='word_1_532' title='bbox 1528 1457 1593 1484; x_wconf 82' lang='lat' dir='ltr'><strong>anni</strong></span> <span class='ocrx_word' id='word_1_533' title='bbox 1607 1457 1629 1473; x_wconf 89' lang='grc'><strong>⁸⁷</strong></span> <span class='ocrx_word' id='word_1_534' title='bbox 1642 1465 1650 1485; x_wconf 87' lang='lat'><strong>:</strong></span> <span class='ocrx_word' id='word_1_535' title='bbox 1666 1465 1676 1483; x_wconf 72' lang='grc' dir='ltr'><strong>ι</strong></span> <span class='ocrx_word' id='word_1_536' title='bbox 1693 1461 1721 1483; x_wconf 86' lang='lat' dir='ltr'><strong>et</strong></span> <span class='ocrx_word' id='word_1_537' title='bbox 1739 1455 1812 1482; x_wconf 87' lang='lat' dir='ltr'><strong>istud</strong></span> <span class='ocrx_word' id='word_1_538' title='bbox 1826 1455 1852 1481; x_wconf 84' lang='lat' dir='ltr'><strong>in</strong></span> 
     </span>
    </p>
   </div>
   <div class='ocr_carea' id='block_1_76' title="bbox 1064 1493 1853 1535">
    <p class='ocr_par' dir='ltr' id='par_1_76' title="bbox 1064 1493 1853 1535">
     <span class='ocr_line' id='line_1_76' title="bbox 1064 1493 1853 1535; baseline 0.001 -6"><span class='ocrx_word' id='word_1_539' title='bbox 1064 1500 1154 1530; x_wconf 80' lang='lat' dir='ltr'><strong>Galat.</strong></span> <span class='ocrx_word' id='word_1_540' title='bbox 1170 1509 1178 1529; x_wconf 93' lang='grc' dir='ltr'><strong>ι</strong></span> <span class='ocrx_word' id='word_1_541' title='bbox 1198 1511 1205 1530; x_wconf 90' lang='lat'><strong>:</strong></span> <span class='ocrx_word' id='word_1_542' title='bbox 1221 1510 1231 1528; x_wconf 76' lang='grc' dir='ltr'><strong>ι</strong></span> <span class='ocrx_word' id='word_1_543' title='bbox 1245 1502 1274 1529; x_wconf 96' lang='lat' dir='ltr'><strong>In</strong></span> <span class='ocrx_word' id='word_1_544' title='bbox 1288 1501 1402 1530; x_wconf 58' lang='lat' dir='ltr'><strong>Hebraeo</strong></span> <span class='ocrx_word' id='word_1_545' title='bbox 1427 1504 1550 1530; x_wconf 72' lang='lat' dir='ltr'><strong>amulum</strong></span> <span class='ocrx_word' id='word_1_546' title='bbox 1561 1523 1570 1535; x_wconf 90' lang='lat'><strong>,</strong></span> <span class='ocrx_word' id='word_1_547' title='bbox 1597 1503 1623 1530; x_wconf 92' lang='lat' dir='ltr'><strong>id</strong></span> <span class='ocrx_word' id='word_1_548' title='bbox 1642 1507 1684 1530; x_wconf 84' lang='lat' dir='ltr'><strong>est</strong></span> <span class='ocrx_word' id='word_1_549' title='bbox 1701 1493 1782 1534; x_wconf 47' lang='lat' dir='ltr'><strong>D511</strong></span> <span class='ocrx_word' id='word_1_550' title='bbox 1809 1501 1853 1528; x_wconf 84' lang='lat' dir='ltr'><strong>ubi</strong></span> 
     </span>
    </p>
   </div>
   <div class='ocr_carea' id='block_1_77' title="bbox 1063 1546 1851 1583">
    <p class='ocr_par' dir='ltr' id='par_1_77' title="bbox 1063 1546 1851 1583">
     <span class='ocr_line' id='line_1_77' title="bbox 1063 1546 1851 1583; baseline -0.004 -7"><span class='ocrx_word' id='word_1_551' title='bbox 1063 1550 1075 1576; x_wconf 83' lang='grc' dir='ltr'><strong>Ί</strong></span> <span class='ocrx_word' id='word_1_552' title='bbox 1093 1546 1208 1574; x_wconf 85' lang='lat' dir='ltr'><strong>litteram</strong></span> <span class='ocrx_word' id='word_1_553' title='bbox 1221 1547 1337 1582; x_wconf 86' lang='lat' dir='ltr'><strong>positam</strong></span> <span class='ocrx_word' id='word_1_554' title='bbox 1353 1548 1491 1580; x_wconf 87' lang='lat' dir='ltr'><strong>habuerit.</strong></span> <span class='ocrx_word' id='word_1_555' title='bbox 1512 1548 1683 1576; x_wconf 74' lang='lat' dir='ltr'><strong>(etet-nitatem</strong></span> <span class='ocrx_word' id='word_1_556' title='bbox 1704 1547 1851 1583; x_wconf 83' lang='lat' dir='ltr'><strong>significat:</strong></span> 
     </span>
    </p>
   </div>
   <div class='ocr_carea' id='block_1_78' title="bbox 1064 1593 1852 1629">
    <p class='ocr_par' dir='ltr' id='par_1_78' title="bbox 1064 1593 1852 1629">
     <span class='ocr_line' id='line_1_78' title="bbox 1064 1593 1852 1629; baseline -0.001 -9"><span class='ocrx_word' id='word_1_557' title='bbox 1064 1593 1108 1620; x_wconf 89' lang='lat' dir='ltr'><strong>ubi</strong></span> <span class='ocrx_word' id='word_1_558' title='bbox 1134 1601 1198 1620; x_wconf 91' lang='lat' dir='ltr'><strong>vero</strong></span> <span class='ocrx_word' id='word_1_559' title='bbox 1220 1594 1455 1627; x_wconf 83' lang='lat' dir='ltr'><strong>sine&#39;tscribitur.</strong></span> <span class='ocrx_word' id='word_1_560' title='bbox 1476 1602 1574 1621; x_wconf 77' lang='lat' dir='ltr'><strong>animm</strong></span> <span class='ocrx_word' id='word_1_561' title='bbox 1596 1594 1852 1629; x_wconf 75' lang='lat' dir='ltr'><strong>quinquagesimum,</strong></span> 
     </span>
    </p>
   </div>
   <div class='ocr_carea' id='block_1_79' title="bbox 1063 1637 1850 1674">
    <p class='ocr_par' dir='ltr' id='par_1_79' title="bbox 1063 1637 1850 1674">
     <span class='ocr_line' id='line_1_79' title="bbox 1063 1637 1850 1674; baseline 0.003 -9"><span class='ocrx_word' id='word_1_562' title='bbox 1063 1646 1142 1674; x_wconf 88' lang='lat' dir='ltr'><strong>quem</strong></span> <span class='ocrx_word' id='word_1_563' title='bbox 1158 1638 1195 1667; x_wconf 89' lang='lat' dir='ltr'><strong>illi</strong></span> <span class='ocrx_word' id='word_1_564' title='bbox 1210 1637 1353 1667; x_wconf 63' lang='lat' dir='ltr'><strong>Jubilazum</strong></span> <span class='ocrx_word' id='word_1_565' title='bbox 1365 1644 1472 1667; x_wconf 88' lang='lat' dir='ltr'><strong>vocant.</strong></span> <span class='ocrx_word' id='word_1_566' title='bbox 1485 1649 1496 1666; x_wconf 71' lang='grc' dir='ltr'><strong>ι</strong></span> <span class='ocrx_word' id='word_1_567' title='bbox 1515 1639 1589 1667; x_wconf 77' lang='lat' dir='ltr'><strong>Aith</strong></span> <span class='ocrx_word' id='word_1_568' title='bbox 1610 1647 1674 1668; x_wconf 86' lang='lat' dir='ltr'><strong>vero</strong></span> <span class='ocrx_word' id='word_1_569' title='bbox 1691 1647 1743 1667; x_wconf 93' lang='lat' dir='ltr'><strong>non</strong></span> <span class='ocrx_word' id='word_1_570' title='bbox 1759 1640 1850 1667; x_wconf 85' lang='lat' dir='ltr'><strong>inlini-</strong></span> 
     </span>
    </p>
   </div>
   <div class='ocr_carea' id='block_1_80' title="bbox 1063 1686 1852 1722">
    <p class='ocr_par' dir='ltr' id='par_1_80' title="bbox 1063 1686 1852 1722">
     <span class='ocr_line' id='line_1_80' title="bbox 1063 1686 1852 1722; baseline 0.001 -9"><span class='ocrx_word' id='word_1_571' title='bbox 1063 1690 1119 1712; x_wconf 91' lang='lat' dir='ltr'><strong>tum</strong></span> <span class='ocrx_word' id='word_1_572' title='bbox 1133 1689 1239 1721; x_wconf 79' lang='lat' dir='ltr'><strong>tempus</strong></span> <span class='ocrx_word' id='word_1_573' title='bbox 1250 1707 1258 1720; x_wconf 87' lang='lat'><strong>,</strong></span> <span class='ocrx_word' id='word_1_574' title='bbox 1277 1686 1323 1714; x_wconf 85' lang='lat' dir='ltr'><strong>sed</strong></span> <span class='ocrx_word' id='word_1_575' title='bbox 1342 1686 1509 1714; x_wconf 80' lang='lat' dir='ltr'><strong>indefinitum</strong></span> <span class='ocrx_word' id='word_1_576' title='bbox 1527 1687 1662 1722; x_wconf 77' lang='lat' dir='ltr'><strong>signiticet</strong></span> <span class='ocrx_word' id='word_1_577' title='bbox 1678 1687 1704 1714; x_wconf 89' lang='lat' dir='ltr'><strong>in</strong></span> <span class='ocrx_word' id='word_1_578' title='bbox 1719 1687 1779 1715; x_wconf 87' lang='lat' dir='ltr'><strong>istis</strong></span> <span class='ocrx_word' id='word_1_579' title='bbox 1798 1686 1852 1714; x_wconf 87' lang='lat' dir='ltr'><strong>Lu-</strong></span> 
     </span>
    </p>
   </div>
   <div class='ocr_carea' id='block_1_81' title="bbox 1063 1731 1853 1767">
    <p class='ocr_par' dir='ltr' id='par_1_81' title="bbox 1063 1731 1853 1767">
     <span class='ocr_line' id='line_1_81' title="bbox 1063 1731 1853 1767; baseline 0 -8"><span class='ocrx_word' id='word_1_580' title='bbox 1063 1738 1102 1759; x_wconf 69' lang='lat' dir='ltr'><strong>cae</strong></span> <span class='ocrx_word' id='word_1_581' title='bbox 1116 1739 1136 1765; x_wconf 84' lang='grc' dir='ltr'><strong>ι,</strong></span> <span class='ocrx_word' id='word_1_582' title='bbox 1151 1731 1209 1759; x_wconf 79' lang='lat'><strong>&#39;53:</strong></span> <span class='ocrx_word' id='word_1_583' title='bbox 1230 1741 1239 1758; x_wconf 82' lang='grc' dir='ltr'><strong>ι</strong></span> <span class='ocrx_word' id='word_1_584' title='bbox 1252 1732 1285 1760; x_wconf 87' lang='lat' dir='ltr'><strong>Et</strong></span> <span class='ocrx_word' id='word_1_585' title='bbox 1312 1733 1436 1767; x_wconf 81' lang='lat' dir='ltr'><strong>regnabit</strong></span> <span class='ocrx_word' id='word_1_586' title='bbox 1463 1733 1490 1760; x_wconf 93' lang='lat' dir='ltr'><strong>in</strong></span> <span class='ocrx_word' id='word_1_587' title='bbox 1516 1733 1596 1761; x_wconf 89' lang='lat' dir='ltr'><strong>domo</strong></span> <span class='ocrx_word' id='word_1_588' title='bbox 1615 1732 1699 1761; x_wconf 84' lang='lat' dir='ltr'><strong>Jacob</strong></span> <span class='ocrx_word' id='word_1_589' title='bbox 1723 1733 1751 1761; x_wconf 92' lang='lat' dir='ltr'><strong>in</strong></span> <span class='ocrx_word' id='word_1_590' title='bbox 1771 1738 1853 1760; x_wconf 69' lang='lat' dir='ltr'><strong>arter-</strong></span> 
     </span>
    </p>
   </div>
   <div class='ocr_carea' id='block_1_82' title="bbox 1064 1778 1852 1814">
    <p class='ocr_par' dir='ltr' id='par_1_82' title="bbox 1064 1778 1852 1814">
     <span class='ocr_line' id='line_1_82' title="bbox 1064 1778 1852 1814; baseline 0.004 -11"><span class='ocrx_word' id='word_1_591' title='bbox 1064 1785 1136 1810; x_wconf 89' lang='lat' dir='ltr'><strong>num,</strong></span> <span class='ocrx_word' id='word_1_592' title='bbox 1152 1787 1161 1804; x_wconf 77' lang='grc' dir='ltr'><strong>ι</strong></span> <span class='ocrx_word' id='word_1_593' title='bbox 1174 1778 1213 1809; x_wconf 86' lang='grc' dir='ltr'>εἰς</span> <span class='ocrx_word' id='word_1_594' title='bbox 1223 1779 1286 1810; x_wconf 83' lang='grc' dir='ltr'><strong>τοὺς</strong></span> <span class='ocrx_word' id='word_1_595' title='bbox 1297 1778 1398 1811; x_wconf 82' lang='grc' dir='ltr'>αἰῶνας</span> <span class='ocrx_word' id='word_1_596' title='bbox 1408 1787 1416 1794; x_wconf 88' lang='grc'><strong>·</strong></span> <span class='ocrx_word' id='word_1_597' title='bbox 1436 1786 1498 1806; x_wconf 89' lang='lat' dir='ltr'><strong>nam</strong></span> <span class='ocrx_word' id='word_1_598' title='bbox 1511 1778 1534 1806; x_wconf 87' lang='lat' dir='ltr'><strong>si</strong></span> <span class='ocrx_word' id='word_1_599' title='bbox 1547 1779 1574 1806; x_wconf 90' lang='lat' dir='ltr'><strong>id</strong></span> <span class='ocrx_word' id='word_1_600' title='bbox 1591 1779 1708 1814; x_wconf 85' lang='lat' dir='ltr'><strong>spatium</strong></span> <span class='ocrx_word' id='word_1_601' title='bbox 1724 1780 1852 1814; x_wconf 83' lang='lat' dir='ltr'><strong>temporis</strong></span> 
     </span>
    </p>
   </div>
   <div class='ocr_carea' id='block_1_83' title="bbox 1064 1823 1852 1860">
    <p class='ocr_par' dir='ltr' id='par_1_83' title="bbox 1064 1823 1852 1860">
     <span class='ocr_line' id='line_1_83' title="bbox 1064 1823 1852 1860; baseline 0.004 -11"><span class='ocrx_word' id='word_1_602' title='bbox 1064 1823 1268 1851; x_wconf 80' lang='lat' dir='ltr'><strong>interminatam</strong></span> <span class='ocrx_word' id='word_1_603' title='bbox 1279 1824 1453 1859; x_wconf 81' lang='lat' dir='ltr'><strong>exprimeret,</strong></span> <span class='ocrx_word' id='word_1_604' title='bbox 1467 1832 1596 1860; x_wconf 81' lang='lat' dir='ltr'><strong>quorsum</strong></span> <span class='ocrx_word' id='word_1_605' title='bbox 1609 1824 1772 1853; x_wconf 81' lang='lat' dir='ltr'><strong>adderetur:</strong></span> <span class='ocrx_word' id='word_1_606' title='bbox 1793 1835 1804 1852; x_wconf 73' lang='grc' dir='ltr'><strong>ι</strong></span> <span class='ocrx_word' id='word_1_607' title='bbox 1819 1825 1852 1853; x_wconf 83' lang='grc' dir='ltr'>Ει</span> 
     </span>
    </p>
   </div>
   <div class='ocr_carea' id='block_1_84' title="bbox 1063 1869 1850 1906">
    <p class='ocr_par' dir='ltr' id='par_1_84' title="bbox 1063 1869 1850 1906">
     <span class='ocr_line' id='line_1_84' title="bbox 1063 1869 1850 1906; baseline 0.004 -10"><span class='ocrx_word' id='word_1_608' title='bbox 1063 1869 1138 1904; x_wconf 87' lang='lat' dir='ltr'><strong>regni</strong></span> <span class='ocrx_word' id='word_1_609' title='bbox 1155 1869 1213 1904; x_wconf 86' lang='lat' dir='ltr'><strong>ejus</strong></span> <span class='ocrx_word' id='word_1_610' title='bbox 1231 1877 1283 1896; x_wconf 91' lang='lat' dir='ltr'><strong>non</strong></span> <span class='ocrx_word' id='word_1_611' title='bbox 1296 1870 1348 1898; x_wconf 90' lang='lat' dir='ltr'><strong>erit</strong></span> <span class='ocrx_word' id='word_1_612' title='bbox 1363 1870 1436 1899; x_wconf 81' lang='lat' dir='ltr'><strong>linis.</strong></span> <span class='ocrx_word' id='word_1_613' title='bbox 1449 1879 1458 1897; x_wconf 76' lang='grc' dir='ltr'><strong>ι</strong></span> <span class='ocrx_word' id='word_1_614' title='bbox 1476 1871 1504 1898; x_wconf 91' lang='lat' dir='ltr'><strong>Id</strong></span> <span class='ocrx_word' id='word_1_615' title='bbox 1521 1871 1573 1899; x_wconf 89' lang='lat' dir='ltr'><strong>sibi</strong></span> <span class='ocrx_word' id='word_1_616' title='bbox 1591 1871 1647 1898; x_wconf 85' lang='lat' dir='ltr'><strong>vult</strong></span> <span class='ocrx_word' id='word_1_617' title='bbox 1669 1879 1734 1906; x_wconf 87' lang='lat' dir='ltr'><strong>ergo</strong></span> <span class='ocrx_word' id='word_1_618' title='bbox 1751 1870 1850 1904; x_wconf 77' lang='lat' dir='ltr'><strong>Lucas.</strong></span> 
     </span>
    </p>
   </div>
   <div class='ocr_carea' id='block_1_85' title="bbox 1063 1915 1851 1952">
    <p class='ocr_par' dir='ltr' id='par_1_85' title="bbox 1063 1915 1851 1952">
     <span class='ocr_line' id='line_1_85' title="bbox 1063 1915 1851 1952; baseline 0.005 -10"><span class='ocrx_word' id='word_1_619' title='bbox 1063 1915 1120 1943; x_wconf 85' lang='lat' dir='ltr'><strong>sive</strong></span> <span class='ocrx_word' id='word_1_620' title='bbox 1134 1916 1226 1950; x_wconf 87' lang='lat' dir='ltr'><strong>potius</strong></span> <span class='ocrx_word' id='word_1_621' title='bbox 1237 1916 1345 1944; x_wconf 86' lang='lat' dir='ltr'><strong>Gabriel</strong></span> <span class='ocrx_word' id='word_1_622' title='bbox 1359 1925 1366 1944; x_wconf 93' lang='lat'><strong>:</strong></span> <span class='ocrx_word' id='word_1_623' title='bbox 1381 1916 1519 1945; x_wconf 89' lang='lat' dir='ltr'><strong>Obtinebit</strong></span> <span class='ocrx_word' id='word_1_624' title='bbox 1533 1917 1578 1945; x_wconf 87' lang='lat' dir='ltr'><strong>ille</strong></span> <span class='ocrx_word' id='word_1_625' title='bbox 1594 1918 1701 1952; x_wconf 88' lang='lat' dir='ltr'><strong>quidem</strong></span> <span class='ocrx_word' id='word_1_626' title='bbox 1721 1918 1748 1945; x_wconf 90' lang='lat' dir='ltr'><strong>in</strong></span> <span class='ocrx_word' id='word_1_627' title='bbox 1770 1920 1851 1946; x_wconf 91' lang='lat' dir='ltr'><strong>domo</strong></span> 
     </span>
    </p>
   </div>
   <div class='ocr_carea' id='block_1_86' title="bbox 1063 1959 1849 1996">
    <p class='ocr_par' dir='ltr' id='par_1_86' title="bbox 1063 1959 1849 1996">
     <span class='ocr_line' id='line_1_86' title="bbox 1063 1959 1849 1996; baseline 0.005 -8"><span class='ocrx_word' id='word_1_628' title='bbox 1063 1959 1147 1988; x_wconf 80' lang='lat' dir='ltr'><strong>Jacob</strong></span> <span class='ocrx_word' id='word_1_629' title='bbox 1166 1968 1277 1996; x_wconf 77' lang='lat' dir='ltr'><strong>regnum</strong></span> <span class='ocrx_word' id='word_1_630' title='bbox 1293 1961 1449 1989; x_wconf 90' lang='lat' dir='ltr'><strong>diuturnum</strong></span> <span class='ocrx_word' id='word_1_631' title='bbox 1463 1983 1471 1996; x_wconf 92' lang='lat'><strong>,</strong></span> <span class='ocrx_word' id='word_1_632' title='bbox 1487 1970 1519 1990; x_wconf 85' lang='lat' dir='ltr'><strong>ac</strong></span> <span class='ocrx_word' id='word_1_633' title='bbox 1532 1963 1606 1991; x_wconf 93' lang='lat' dir='ltr'><strong>nullo</strong></span> <span class='ocrx_word' id='word_1_634' title='bbox 1622 1963 1675 1991; x_wconf 82' lang='lat' dir='ltr'><strong>line</strong></span> <span class='ocrx_word' id='word_1_635' title='bbox 1688 1964 1849 1992; x_wconf 85' lang='lat' dir='ltr'><strong>cariturum.</strong></span> 
     </span>
    </p>
   </div>
   <div class='ocr_carea' id='block_1_87' title="bbox 1064 2006 1851 2044">
    <p class='ocr_par' dir='ltr' id='par_1_87' title="bbox 1064 2006 1851 2044">
     <span class='ocr_line' id='line_1_87' title="bbox 1064 2006 1851 2044; baseline 0.005 -11"><span class='ocrx_word' id='word_1_636' title='bbox 1064 2006 1141 2041; x_wconf 68' lang='lat' dir='ltr'><strong>Saepe</strong></span> <span class='ocrx_word' id='word_1_637' title='bbox 1164 2007 1246 2042; x_wconf 84' lang='lat' dir='ltr'><strong>igitur</strong></span> <span class='ocrx_word' id='word_1_638' title='bbox 1268 2007 1313 2034; x_wconf 87' lang='grc' dir='ltr'><strong>τὸν</strong></span> <span class='ocrx_word' id='word_1_639' title='bbox 1339 2007 1425 2035; x_wconf 83' lang='grc' dir='ltr'>αἰῶνα</span> <span class='ocrx_word' id='word_1_640' title='bbox 1443 2008 1548 2042; x_wconf 75' lang='grc' dir='ltr'><strong>τοῦτον,</strong></span> <span class='ocrx_word' id='word_1_641' title='bbox 1573 2017 1624 2044; x_wconf 91' lang='lat' dir='ltr'><strong>pro</strong></span> <span class='ocrx_word' id='word_1_642' title='bbox 1638 2011 1764 2044; x_wconf 58' lang='lat' dir='ltr'><strong>praesenti</strong></span> <span class='ocrx_word' id='word_1_643' title='bbox 1783 2015 1851 2037; x_wconf 86' lang='lat' dir='ltr'><strong>tem-</strong></span> 
     </span>
    </p>
   </div>
   <div class='ocr_carea' id='block_1_88' title="bbox 1062 2052 1849 2092">
    <p class='ocr_par' dir='ltr' id='par_1_88' title="bbox 1062 2052 1849 2092">
     <span class='ocr_line' id='line_1_88' title="bbox 1062 2052 1849 2092; baseline 0.005 -14"><span class='ocrx_word' id='word_1_644' title='bbox 1062 2054 1177 2086; x_wconf 86' lang='lat' dir='ltr'><strong>pore,&#39;et</strong></span> <span class='ocrx_word' id='word_1_645' title='bbox 1191 2052 1236 2079; x_wconf 80' lang='grc' dir='ltr'><strong>τὸν</strong></span> <span class='ocrx_word' id='word_1_646' title='bbox 1251 2053 1337 2080; x_wconf 86' lang='grc' dir='ltr'>αἰῶνα</span> <span class='ocrx_word' id='word_1_647' title='bbox 1351 2054 1507 2090; x_wconf 75' lang='grc' dir='ltr'><strong>ἐρχόμενον,</strong></span> <span class='ocrx_word' id='word_1_648' title='bbox 1522 2062 1554 2082; x_wconf 90' lang='lat' dir='ltr'><strong>ac</strong></span> <span class='ocrx_word' id='word_1_649' title='bbox 1565 2055 1631 2087; x_wconf 77' lang='grc' dir='ltr'><strong>τοὺς</strong></span> <span class='ocrx_word' id='word_1_650' title='bbox 1645 2055 1746 2087; x_wconf 82' lang='grc' dir='ltr'>αἰῶνας</span> <span class='ocrx_word' id='word_1_651' title='bbox 1765 2057 1849 2092; x_wconf 80' lang='grc' dir='ltr'><strong>ἐπερ-</strong></span> 
     </span>
    </p>
   </div>
   <div class='ocr_carea' id='block_1_89' title="bbox 1062 2098 1847 2137">
    <p class='ocr_par' dir='ltr' id='par_1_89' title="bbox 1062 2098 1847 2137">
     <span class='ocr_line' id='line_1_89' title="bbox 1062 2098 1847 2137; baseline 0.008 -13"><span class='ocrx_word' id='word_1_652' title='bbox 1062 2098 1205 2133; x_wconf 84' lang='grc' dir='ltr'><strong>χομένους,</strong></span> <span class='ocrx_word' id='word_1_653' title='bbox 1218 2106 1267 2134; x_wconf 93' lang='lat' dir='ltr'><strong>pro</strong></span> <span class='ocrx_word' id='word_1_654' title='bbox 1283 2100 1383 2133; x_wconf 76' lang='lat' dir='ltr'><strong>futuro,</strong></span> <span class='ocrx_word' id='word_1_655' title='bbox 1395 2101 1422 2128; x_wconf 93' lang='lat' dir='ltr'><strong>in</strong></span> <span class='ocrx_word' id='word_1_656' title='bbox 1438 2101 1512 2128; x_wconf 82' lang='lat' dir='ltr'><strong>Novo</strong></span> <span class='ocrx_word' id='word_1_657' title='bbox 1524 2101 1705 2129; x_wconf 82' lang='lat' dir='ltr'><strong>Instrumenta</strong></span> <span class='ocrx_word' id='word_1_658' title='bbox 1718 2103 1847 2137; x_wconf 79' lang='lat' dir='ltr'><strong>reperias.</strong></span> 
     </span>
    </p>
   </div>
   <div class='ocr_carea' id='block_1_90' title="bbox 1062 2143 1848 2182">
    <p class='ocr_par' dir='ltr' id='par_1_90' title="bbox 1062 2143 1848 2182">
     <span class='ocr_line' id='line_1_90' title="bbox 1062 2143 1848 2182; baseline 0.008 -12"><span class='ocrx_word' id='word_1_659' title='bbox 1062 2143 1126 2171; x_wconf 88' lang='lat' dir='ltr'><strong>Inde</strong></span> <span class='ocrx_word' id='word_1_660' title='bbox 1140 2143 1271 2180; x_wconf 83' lang='lat' dir='ltr'><strong>Origenes</strong></span> <span class='ocrx_word' id='word_1_661' title='bbox 1291 2146 1384 2174; x_wconf 89' lang='lat' dir='ltr'><strong>homil.</strong></span> <span class='ocrx_word' id='word_1_662' title='bbox 1399 2146 1415 2174; x_wconf 89' lang='lat'><strong>6</strong></span> <span class='ocrx_word' id='word_1_663' title='bbox 1430 2147 1457 2174; x_wconf 84' lang='lat' dir='ltr'><strong>in</strong></span> <span class='ocrx_word' id='word_1_664' title='bbox 1473 2146 1574 2180; x_wconf 68' lang='grc' dir='ltr'><strong>Ειεοάη</strong></span> <span class='ocrx_word' id='word_1_665' title='bbox 1590 2155 1665 2177; x_wconf 82' lang='grc' dir='ltr'>ιιιιιιι.</span> <span class='ocrx_word' id='word_1_666' title='bbox 1682 2148 1716 2176; x_wconf 83' lang='lat' dir='ltr'><strong>I5</strong></span> <span class='ocrx_word' id='word_1_667' title='bbox 1730 2157 1737 2175; x_wconf 92' lang='lat'><strong>:</strong></span> <span class='ocrx_word' id='word_1_668' title='bbox 1759 2149 1848 2182; x_wconf 74' lang='lat' dir='ltr'><strong>«Quo-</strong></span> 
     </span>
    </p>
   </div>
   <div class='ocr_carea' id='block_1_91' title="bbox 1063 2190 1846 2229">
    <p class='ocr_par' dir='ltr' id='par_1_91' title="bbox 1063 2190 1846 2229">
     <span class='ocr_line' id='line_1_91' title="bbox 1063 2190 1846 2229; baseline 0.005 -12"><span class='ocrx_word' id='word_1_669' title='bbox 1063 2190 1116 2218; x_wconf 89' lang='lat' dir='ltr'><strong>ties</strong></span> <span class='ocrx_word' id='word_1_670' title='bbox 1129 2191 1157 2218; x_wconf 84' lang='lat' dir='ltr'><strong>in</strong></span> <span class='ocrx_word' id='word_1_671' title='bbox 1171 2192 1296 2219; x_wconf 66' lang='lat' dir='ltr'><strong>saeculum</strong></span> <span class='ocrx_word' id='word_1_672' title='bbox 1308 2193 1417 2225; x_wconf 88' lang='lat' dir='ltr'><strong>dicitur.</strong></span> <span class='ocrx_word' id='word_1_673' title='bbox 1434 2193 1572 2228; x_wconf 74' lang='lat' dir='ltr'><strong>longitudo</strong></span> <span class='ocrx_word' id='word_1_674' title='bbox 1589 2194 1698 2228; x_wconf 87' lang='lat' dir='ltr'><strong>quidem</strong></span> <span class='ocrx_word' id='word_1_675' title='bbox 1709 2195 1846 2229; x_wconf 86' lang='lat' dir='ltr'><strong>temporis.</strong></span> 
     </span>
    </p>
   </div>
   <div class='ocr_carea' id='block_1_92' title="bbox 221 2237 1847 2276">
    <p class='ocr_par' dir='ltr' id='par_1_92' title="bbox 221 2237 1847 2276">
     <span class='ocr_line' id='line_1_92' title="bbox 221 2237 1847 2276; baseline 0.002 -12"><span class='ocrx_word' id='word_1_676' title='bbox 221 2247 274 2274; x_wconf 84' lang='lat' dir='ltr'><strong>qua</strong></span> <span class='ocrx_word' id='word_1_677' title='bbox 290 2247 355 2266; x_wconf 86' lang='lat' dir='ltr'><strong>voce</strong></span> <span class='ocrx_word' id='word_1_678' title='bbox 375 2244 480 2274; x_wconf 86' lang='lat' dir='ltr'><strong>tempus</strong></span> <span class='ocrx_word' id='word_1_679' title='bbox 495 2239 577 2267; x_wconf 89' lang='lat' dir='ltr'><strong>etiam</strong></span> <span class='ocrx_word' id='word_1_680' title='bbox 597 2239 700 2267; x_wconf 83' lang='lat' dir='ltr'><strong>ﬁnitum</strong></span> <span class='ocrx_word' id='word_1_681' title='bbox 720 2240 865 2275; x_wconf 83' lang='lat' dir='ltr'><strong>aliquando</strong></span> <span class='ocrx_word' id='word_1_682' title='bbox 876 2241 1005 2276; x_wconf 77' lang='lat' dir='ltr'><strong>exprimi-</strong></span> <span class='ocrx_word' id='word_1_683' title='bbox 1022 2237 1044 2264; x_wconf 90' lang='lat' dir='ltr'><strong>D</strong></span> <span class='ocrx_word' id='word_1_684' title='bbox 1059 2238 1105 2266; x_wconf 87' lang='lat' dir='ltr'><strong>sed</strong></span> <span class='ocrx_word' id='word_1_685' title='bbox 1113 2246 1172 2266; x_wconf 87' lang='lat' dir='ltr'><strong>esse</strong></span> <span class='ocrx_word' id='word_1_686' title='bbox 1180 2239 1241 2266; x_wconf 83' lang='lat' dir='ltr'><strong>linis</strong></span> <span class='ocrx_word' id='word_1_687' title='bbox 1252 2239 1349 2274; x_wconf 85' lang='lat' dir='ltr'><strong>aliquis</strong></span> <span class='ocrx_word' id='word_1_688' title='bbox 1361 2240 1494 2267; x_wconf 88' lang='lat' dir='ltr'><strong>indicatur</strong></span> <span class='ocrx_word' id='word_1_689' title='bbox 1509 2249 1517 2268; x_wconf 90' lang='lat'><strong>:</strong></span> <span class='ocrx_word' id='word_1_690' title='bbox 1531 2245 1558 2268; x_wconf 91' lang='lat' dir='ltr'><strong>et</strong></span> <span class='ocrx_word' id='word_1_691' title='bbox 1569 2240 1628 2267; x_wconf 82' lang='lat' dir='ltr'><strong>siin</strong></span> <span class='ocrx_word' id='word_1_692' title='bbox 1639 2241 1714 2268; x_wconf 80' lang='lat' dir='ltr'><strong>aliud</strong></span> <span class='ocrx_word' id='word_1_693' title='bbox 1722 2241 1847 2268; x_wconf 67' lang='lat' dir='ltr'><strong>secutum</strong></span> 
     </span>
    </p>
   </div>
   <div class='ocr_carea' id='block_1_93' title="bbox 223 2284 1014 2315">
    <p class='ocr_par' dir='ltr' id='par_1_93' title="bbox 223 2284 1014 2315">
     <span class='ocr_line' id='line_1_93' title="bbox 223 2284 1014 2315; baseline 0.004 -4"><span class='ocrx_word' id='word_1_694' title='bbox 223 2290 276 2311; x_wconf 89' lang='lat' dir='ltr'><strong>tur.</strong></span> <span class='ocrx_word' id='word_1_695' title='bbox 295 2284 417 2312; x_wconf 86' lang='lat' dir='ltr'><strong>Notabile</strong></span> <span class='ocrx_word' id='word_1_696' title='bbox 432 2284 498 2312; x_wconf 90' lang='lat' dir='ltr'><strong>illud</strong></span> <span class='ocrx_word' id='word_1_697' title='bbox 509 2285 649 2313; x_wconf 79' lang='lat' dir='ltr'><strong>CiCeronis</strong></span> <span class='ocrx_word' id='word_1_698' title='bbox 661 2285 708 2314; x_wconf 87' lang='lat' dir='ltr'><strong>lib.</strong></span> <span class='ocrx_word' id='word_1_699' title='bbox 721 2293 751 2312; x_wconf 87' lang='grc' dir='ltr'>ιιι</span> <span class='ocrx_word' id='word_1_700' title='bbox 766 2285 804 2313; x_wconf 86' lang='lat' dir='ltr'><strong>De</strong></span> <span class='ocrx_word' id='word_1_701' title='bbox 815 2291 882 2315; x_wconf 90' lang='lat' dir='ltr'><strong>arat.</strong></span> <span class='ocrx_word' id='word_1_702' title='bbox 902 2295 913 2314; x_wconf 88' lang='lat'><strong>:</strong></span> <span class='ocrx_word' id='word_1_703' title='bbox 930 2296 939 2312; x_wconf 79' lang='grc' dir='ltr'><strong>ι</strong></span> <span class='ocrx_word' id='word_1_704' title='bbox 949 2286 1014 2314; x_wconf 83' lang='lat' dir='ltr'><strong>Nul-</strong></span> 
     </span>
    </p>
   </div>
   <div class='ocr_carea' id='block_1_94' title="bbox 221 2330 1012 2366">
    <p class='ocr_par' dir='ltr' id='par_1_94' title="bbox 221 2330 1012 2366">
     <span class='ocr_line' id='line_1_94' title="bbox 221 2330 1012 2366; baseline 0.005 -9"><span class='ocrx_word' id='word_1_705' title='bbox 221 2330 277 2357; x_wconf 92' lang='lat' dir='ltr'><strong>lum</strong></span> <span class='ocrx_word' id='word_1_706' title='bbox 297 2335 340 2358; x_wconf 87' lang='lat' dir='ltr'><strong>est</strong></span> <span class='ocrx_word' id='word_1_707' title='bbox 363 2331 434 2358; x_wconf 85' lang='lat' dir='ltr'><strong>enim</strong></span> <span class='ocrx_word' id='word_1_708' title='bbox 458 2338 543 2366; x_wconf 83' lang='lat' dir='ltr'><strong>genus</strong></span> <span class='ocrx_word' id='word_1_709' title='bbox 562 2337 666 2364; x_wconf 83' lang='lat' dir='ltr'><strong>rerum.</strong></span> <span class='ocrx_word' id='word_1_710' title='bbox 688 2331 762 2366; x_wconf 91' lang='lat' dir='ltr'><strong>quod</strong></span> <span class='ocrx_word' id='word_1_711' title='bbox 782 2336 830 2360; x_wconf 88' lang='lat' dir='ltr'><strong>aut</strong></span> <span class='ocrx_word' id='word_1_712' title='bbox 852 2332 974 2360; x_wconf 88' lang='lat' dir='ltr'><strong>avulsum</strong></span> <span class='ocrx_word' id='word_1_713' title='bbox 996 2341 1012 2361; x_wconf 92' lang='lat' dir='ltr'><strong>a</strong></span> 
     </span>
    </p>
   </div>
   <div class='ocr_carea' id='block_1_95' title="bbox 221 2376 1011 2413">
    <p class='ocr_par' dir='ltr' id='par_1_95' title="bbox 221 2376 1011 2413">
     <span class='ocr_line' id='line_1_95' title="bbox 221 2376 1011 2413; baseline 0.004 -10"><span class='ocrx_word' id='word_1_714' title='bbox 221 2376 327 2404; x_wconf 61' lang='lat' dir='ltr'><strong>caeteris</strong></span> <span class='ocrx_word' id='word_1_715' title='bbox 349 2384 397 2411; x_wconf 90' lang='lat' dir='ltr'><strong>per</strong></span> <span class='ocrx_word' id='word_1_716' title='bbox 410 2383 439 2403; x_wconf 87' lang='lat' dir='ltr'><strong>se</strong></span> <span class='ocrx_word' id='word_1_717' title='bbox 456 2377 541 2411; x_wconf 84' lang='lat' dir='ltr'><strong>ipsum</strong></span> <span class='ocrx_word' id='word_1_718' title='bbox 560 2381 685 2404; x_wconf 87' lang='lat' dir='ltr'><strong>constare</strong></span> <span class='ocrx_word' id='word_1_719' title='bbox 697 2397 705 2410; x_wconf 90' lang='lat'><strong>,</strong></span> <span class='ocrx_word' id='word_1_720' title='bbox 730 2381 776 2404; x_wconf 91' lang='lat' dir='ltr'><strong>aut</strong></span> <span class='ocrx_word' id='word_1_721' title='bbox 792 2385 846 2413; x_wconf 92' lang='lat' dir='ltr'><strong>quo</strong></span> <span class='ocrx_word' id='word_1_722' title='bbox 870 2385 969 2406; x_wconf 63' lang='lat' dir='ltr'><strong>caetera</strong></span> <span class='ocrx_word' id='word_1_723' title='bbox 989 2379 1011 2406; x_wconf 88' lang='lat' dir='ltr'><strong>si</strong></span> 
     </span>
    </p>
   </div>
   <div class='ocr_carea' id='block_1_96' title="bbox 220 2422 1011 2458">
    <p class='ocr_par' dir='ltr' id='par_1_96' title="bbox 220 2422 1011 2458">
     <span class='ocr_line' id='line_1_96' title="bbox 220 2422 1011 2458; baseline 0.003 -9"><span class='ocrx_word' id='word_1_724' title='bbox 220 2426 345 2456; x_wconf 83' lang='lat' dir='ltr'><strong>careant.</strong></span> <span class='ocrx_word' id='word_1_725' title='bbox 369 2422 424 2450; x_wconf 85' lang='lat' dir='ltr'><strong>vim</strong></span> <span class='ocrx_word' id='word_1_726' title='bbox 452 2431 527 2450; x_wconf 87' lang='lat' dir='ltr'><strong>suam</strong></span> <span class='ocrx_word' id='word_1_727' title='bbox 550 2428 632 2458; x_wconf 88' lang='lat' dir='ltr'><strong>atque</strong></span> <span class='ocrx_word' id='word_1_728' title='bbox 651 2423 831 2450; x_wconf 67' lang='lat' dir='ltr'><strong>aeternitatem</strong></span> <span class='ocrx_word' id='word_1_729' title='bbox 849 2431 1011 2452; x_wconf 85' lang='lat' dir='ltr'><strong>conservare</strong></span> 
     </span>
    </p>
   </div>
   <div class='ocr_carea' id='block_1_97' title="bbox 220 2469 1008 2505">
    <p class='ocr_par' dir='ltr' id='par_1_97' title="bbox 220 2469 1008 2505">
     <span class='ocr_line' id='line_1_97' title="bbox 220 2469 1008 2505; baseline 0.001 -9"><span class='ocrx_word' id='word_1_730' title='bbox 220 2471 336 2504; x_wconf 83' lang='lat' dir='ltr'><strong>possint.</strong></span> <span class='ocrx_word' id='word_1_731' title='bbox 352 2479 362 2496; x_wconf 76' lang='grc' dir='ltr'><strong>ι</strong></span> <span class='ocrx_word' id='word_1_732' title='bbox 378 2469 477 2497; x_wconf 86' lang='lat' dir='ltr'><strong>Errant</strong></span> <span class='ocrx_word' id='word_1_733' title='bbox 490 2469 578 2502; x_wconf 90' lang='lat' dir='ltr'><strong>multi,</strong></span> <span class='ocrx_word' id='word_1_734' title='bbox 599 2471 662 2496; x_wconf 92' lang='lat' dir='ltr'><strong>item</strong></span> <span class='ocrx_word' id='word_1_735' title='bbox 682 2470 764 2503; x_wconf 86' lang='lat' dir='ltr'><strong>docti,</strong></span> <span class='ocrx_word' id='word_1_736' title='bbox 784 2474 811 2497; x_wconf 86' lang='lat' dir='ltr'><strong>et</strong></span> <span class='ocrx_word' id='word_1_737' title='bbox 825 2469 1008 2505; x_wconf 58' lang='lat' dir='ltr'><strong>etymologica;</strong></span> 
     </span>
    </p>
   </div>
   <div class='ocr_carea' id='block_1_98' title="bbox 221 2515 1006 2550">
    <p class='ocr_par' dir='ltr' id='par_1_98' title="bbox 221 2515 1006 2550">
     <span class='ocr_line' id='line_1_98' title="bbox 221 2515 1006 2550; baseline 0 -8"><span class='ocrx_word' id='word_1_738' title='bbox 221 2515 288 2542; x_wconf 85' lang='lat' dir='ltr'><strong>artis</strong></span> <span class='ocrx_word' id='word_1_739' title='bbox 303 2515 451 2550; x_wconf 85' lang='lat' dir='ltr'><strong>principes,</strong></span> <span class='ocrx_word' id='word_1_740' title='bbox 467 2516 512 2550; x_wconf 90' lang='lat' dir='ltr'><strong>qui</strong></span> <span class='ocrx_word' id='word_1_741' title='bbox 529 2516 563 2543; x_wconf 89' lang='lat' dir='ltr'><strong>ab</strong></span> <span class='ocrx_word' id='word_1_742' title='bbox 576 2521 689 2542; x_wconf 66' lang='lat' dir='ltr'><strong>aeternus</strong></span> <span class='ocrx_word' id='word_1_743' title='bbox 706 2515 805 2542; x_wconf 83' lang='lat' dir='ltr'><strong>factum</strong></span> <span class='ocrx_word' id='word_1_744' title='bbox 822 2520 916 2550; x_wconf 87' lang='lat' dir='ltr'><strong>putant</strong></span> <span class='ocrx_word' id='word_1_745' title='bbox 937 2524 1006 2543; x_wconf 76' lang='lat' dir='ltr'><strong>sem-</strong></span> 
     </span>
    </p>
   </div>
   <div class='ocr_carea' id='block_1_99' title="bbox 223 2560 1008 2596">
    <p class='ocr_par' dir='ltr' id='par_1_99' title="bbox 223 2560 1008 2596">
     <span class='ocr_line' id='line_1_99' title="bbox 223 2560 1008 2596; baseline 0.003 -9"><span class='ocrx_word' id='word_1_746' title='bbox 223 2560 355 2594; x_wconf 79' lang='lat' dir='ltr'><strong>piternus.</strong></span> <span class='ocrx_word' id='word_1_747' title='bbox 373 2560 514 2596; x_wconf 81' lang='lat' dir='ltr'><strong>Hepugnat</strong></span> <span class='ocrx_word' id='word_1_748' title='bbox 528 2561 653 2588; x_wconf 89' lang='lat' dir='ltr'><strong>modulus</strong></span> <span class='ocrx_word' id='word_1_749' title='bbox 667 2560 779 2596; x_wconf 75' lang='lat' dir='ltr'><strong>syllaba:</strong></span> <span class='ocrx_word' id='word_1_750' title='bbox 798 2561 932 2595; x_wconf 65' lang='lat' dir='ltr'><strong>secunda.</strong></span> <span class='ocrx_word' id='word_1_751' title='bbox 947 2569 1008 2596; x_wconf 81' lang='lat' dir='ltr'><strong>quze</strong></span> 
     </span>
    </p>
   </div>
   <div class='ocr_carea' id='block_1_100' title="bbox 220 2606 1005 2641">
    <p class='ocr_par' dir='ltr' id='par_1_100' title="bbox 220 2606 1005 2641">
     <span class='ocr_line' id='line_1_100' title="bbox 220 2606 1005 2641; baseline 0 -7"><span class='ocrx_word' id='word_1_752' title='bbox 220 2606 377 2641; x_wconf 89' lang='lat' dir='ltr'><strong>corripitur.</strong></span> <span class='ocrx_word' id='word_1_753' title='bbox 399 2607 579 2641; x_wconf 77' lang='lat' dir='ltr'><strong>Sempiternus</strong></span> <span class='ocrx_word' id='word_1_754' title='bbox 605 2607 634 2634; x_wconf 88' lang='lat' dir='ltr'><strong>Iit</strong></span> <span class='ocrx_word' id='word_1_755' title='bbox 653 2615 667 2633; x_wconf 88' lang='lat' dir='ltr'><strong>a</strong></span> <span class='ocrx_word' id='word_1_756' title='bbox 688 2615 806 2640; x_wconf 77' lang='lat' dir='ltr'><strong>semper;</strong></span> <span class='ocrx_word' id='word_1_757' title='bbox 833 2611 862 2635; x_wconf 87' lang='lat' dir='ltr'><strong>ut</strong></span> <span class='ocrx_word' id='word_1_758' title='bbox 884 2608 919 2635; x_wconf 85' lang='lat' dir='ltr'><strong>ab</strong></span> <span class='ocrx_word' id='word_1_759' title='bbox 938 2607 1005 2640; x_wconf 83' lang='lat' dir='ltr'><strong>heri,</strong></span> 
     </span>
    </p>
   </div>
   <div class='ocr_carea' id='block_1_101' title="bbox 220 2652 1006 2685">
    <p class='ocr_par' dir='ltr' id='par_1_101' title="bbox 220 2652 1006 2685">
     <span class='ocr_line' id='line_1_101' title="bbox 220 2652 1006 2685; baseline 0.003 -7"><span class='ocrx_word' id='word_1_760' title='bbox 220 2652 366 2684; x_wconf 75' lang='lat' dir='ltr'><strong>Itesternua,</strong></span> <span class='ocrx_word' id='word_1_761' title='bbox 383 2659 397 2678; x_wconf 91' lang='lat' dir='ltr'><strong>a</strong></span> <span class='ocrx_word' id='word_1_762' title='bbox 413 2653 470 2685; x_wconf 82' lang='lat' dir='ltr'><strong>diu,</strong></span> <span class='ocrx_word' id='word_1_763' title='bbox 488 2653 616 2685; x_wconf 74' lang='lat' dir='ltr'><strong>diurnas,</strong></span> <span class='ocrx_word' id='word_1_764' title='bbox 632 2657 742 2680; x_wconf 89' lang='lat' dir='ltr'><strong>auctore</strong></span> <span class='ocrx_word' id='word_1_765' title='bbox 758 2652 907 2680; x_wconf 84' lang='lat' dir='ltr'><strong>Prisciano.</strong></span> <span class='ocrx_word' id='word_1_766' title='bbox 929 2652 1006 2685; x_wconf 84' lang='lat' dir='ltr'><strong>Quod</strong></span> 
     </span>
    </p>
   </div>
   <div class='ocr_carea' id='block_1_102' title="bbox 219 2696 1007 2733">
    <p class='ocr_par' dir='ltr' id='par_1_102' title="bbox 219 2696 1007 2733">
     <span class='ocr_line' id='line_1_102' title="bbox 219 2696 1007 2733; baseline 0.004 -10"><span class='ocrx_word' id='word_1_767' title='bbox 219 2696 288 2724; x_wconf 84' lang='grc' dir='ltr'>αἰὼν</span> <span class='ocrx_word' id='word_1_768' title='bbox 301 2699 371 2733; x_wconf 84' lang='lat' dir='ltr'><strong>apud</strong></span> <span class='ocrx_word' id='word_1_769' title='bbox 384 2698 501 2732; x_wconf 61' lang='lat' dir='ltr'><strong>Grecos,</strong></span> <span class='ocrx_word' id='word_1_770' title='bbox 518 2706 601 2725; x_wconf 78' lang='lat' dir='ltr'><strong>wuttm</strong></span> <span class='ocrx_word' id='word_1_771' title='bbox 622 2698 692 2731; x_wconf 90' lang='lat' dir='ltr'><strong>apud</strong></span> <span class='ocrx_word' id='word_1_772' title='bbox 709 2698 832 2731; x_wconf 85' lang='lat' dir='ltr'><strong>Latinos,</strong></span> <span class='ocrx_word' id='word_1_773' title='bbox 846 2699 917 2726; x_wconf 91' lang='lat' dir='ltr'><strong>idem</strong></span> <span class='ocrx_word' id='word_1_774' title='bbox 935 2699 1007 2733; x_wconf 92' lang='lat' dir='ltr'><strong>apud</strong></span> 
     </span>
    </p>
   </div>
   <div class='ocr_carea' id='block_1_103' title="bbox 222 2737 1006 2780">
    <p class='ocr_par' dir='ltr' id='par_1_103' title="bbox 222 2737 1006 2780">
     <span class='ocr_line' id='line_1_103' title="bbox 222 2737 1006 2780; baseline 0.001 -10"><span class='ocrx_word' id='word_1_775' title='bbox 222 2742 349 2771; x_wconf 76' lang='lat' dir='ltr'><strong>Hebrmos</strong></span> <span class='ocrx_word' id='word_1_776' title='bbox 380 2744 515 2778; x_wconf 79' lang='lat' dir='ltr'><strong>signillcat</strong></span> <span class='ocrx_word' id='word_1_777' title='bbox 535 2737 622 2778; x_wconf 52' lang='grc' dir='ltr'>ΒΗἸΏ,</span> <span class='ocrx_word' id='word_1_778' title='bbox 643 2751 752 2780; x_wconf 85' lang='lat' dir='ltr'><strong>tempus,</strong></span> <span class='ocrx_word' id='word_1_779' title='bbox 776 2745 913 2777; x_wconf 67' lang='lat' dir='ltr'><strong>saeculum,</strong></span> <span class='ocrx_word' id='word_1_780' title='bbox 928 2749 1006 2772; x_wconf 74' lang='lat' dir='ltr'><strong>teter-</strong></span> 
     </span>
    </p>
   </div>
   <div class='ocr_carea' id='block_1_104' title="bbox 222 2783 1007 2826">
    <p class='ocr_par' dir='ltr' id='par_1_104' title="bbox 222 2783 1007 2826">
     <span class='ocr_line' id='line_1_104' title="bbox 222 2783 1007 2826; baseline 0.003 -10"><span class='ocrx_word' id='word_1_781' title='bbox 222 2789 310 2817; x_wconf 72' lang='lat' dir='ltr'><strong>nitas:</strong></span> <span class='ocrx_word' id='word_1_782' title='bbox 324 2797 340 2816; x_wconf 91' lang='lat' dir='ltr'><strong>a</strong></span> <span class='ocrx_word' id='word_1_783' title='bbox 357 2791 448 2818; x_wconf 85' lang='lat' dir='ltr'><strong>radice</strong></span> <span class='ocrx_word' id='word_1_784' title='bbox 468 2783 536 2824; x_wconf 54' lang='grc' dir='ltr'><strong>ὢν,</strong></span> <span class='ocrx_word' id='word_1_785' title='bbox 553 2793 623 2826; x_wconf 86' lang='lat' dir='ltr'><strong>quod</strong></span> <span class='ocrx_word' id='word_1_786' title='bbox 639 2796 690 2825; x_wconf 86' lang='lat' dir='ltr'><strong>est,</strong></span> <span class='ocrx_word' id='word_1_787' title='bbox 717 2795 886 2824; x_wconf 77' lang='lat' dir='ltr'><strong>abscondere,</strong></span> <span class='ocrx_word' id='word_1_788' title='bbox 902 2791 985 2819; x_wconf 76' lang='lat' dir='ltr'><strong>latere</strong></span> <span class='ocrx_word' id='word_1_789' title='bbox 997 2798 1007 2818; x_wconf 90' lang='lat'><strong><em>:</em></strong></span> 
     </span>
    </p>
   </div>
   <div class='ocr_carea' id='block_1_105' title="bbox 1063 2283 1846 2321">
    <p class='ocr_par' dir='ltr' id='par_1_105' title="bbox 1063 2283 1846 2321">
     <span class='ocr_line' id='line_1_105' title="bbox 1063 2283 1846 2321; baseline 0.004 -10"><span class='ocrx_word' id='word_1_790' title='bbox 1063 2283 1184 2318; x_wconf 85' lang='lat' dir='ltr'><strong>dicatur,</strong></span> <span class='ocrx_word' id='word_1_791' title='bbox 1198 2285 1296 2320; x_wconf 87' lang='lat' dir='ltr'><strong>aliquis</strong></span> <span class='ocrx_word' id='word_1_792' title='bbox 1309 2286 1368 2313; x_wconf 89' lang='lat' dir='ltr'><strong>sine</strong></span> <span class='ocrx_word' id='word_1_793' title='bbox 1380 2285 1462 2313; x_wconf 88' lang='lat' dir='ltr'><strong>dubio</strong></span> <span class='ocrx_word' id='word_1_794' title='bbox 1479 2286 1583 2320; x_wconf 82' lang='lat' dir='ltr'><strong>longior</strong></span> <span class='ocrx_word' id='word_1_795' title='bbox 1601 2287 1712 2321; x_wconf 88' lang='lat' dir='ltr'><strong>quidem</strong></span> <span class='ocrx_word' id='word_1_796' title='bbox 1722 2307 1731 2319; x_wconf 98' lang='lat'><strong>.</strong></span> <span class='ocrx_word' id='word_1_797' title='bbox 1758 2292 1846 2314; x_wconf 90' lang='lat' dir='ltr'><strong>tamen</strong></span> 
     </span>
    </p>
   </div>
   <div class='ocr_carea' id='block_1_106' title="bbox 1061 2330 1847 2366">
    <p class='ocr_par' dir='ltr' id='par_1_106' title="bbox 1061 2330 1847 2366">
     <span class='ocr_line' id='line_1_106' title="bbox 1061 2330 1847 2366; baseline 0.004 -9"><span class='ocrx_word' id='word_1_798' title='bbox 1061 2330 1170 2364; x_wconf 87' lang='lat' dir='ltr'><strong>ponitur</strong></span> <span class='ocrx_word' id='word_1_799' title='bbox 1194 2331 1277 2358; x_wconf 82' lang='lat' dir='ltr'><strong>ﬁnis:</strong></span> <span class='ocrx_word' id='word_1_800' title='bbox 1295 2336 1322 2359; x_wconf 89' lang='lat' dir='ltr'><strong>et</strong></span> <span class='ocrx_word' id='word_1_801' title='bbox 1336 2332 1440 2366; x_wconf 87' lang='lat' dir='ltr'><strong>quoties</strong></span> <span class='ocrx_word' id='word_1_802' title='bbox 1460 2332 1557 2359; x_wconf 76' lang='lat' dir='ltr'><strong>utcula</strong></span> <span class='ocrx_word' id='word_1_803' title='bbox 1575 2332 1736 2360; x_wconf 62' lang='lat' dir='ltr'><strong>saeculorum</strong></span> <span class='ocrx_word' id='word_1_804' title='bbox 1761 2333 1847 2360; x_wconf 88' lang='lat' dir='ltr'><strong>nomi-</strong></span> 
     </span>
    </p>
   </div>
   <div class='ocr_carea' id='block_1_107' title="bbox 1062 2376 1846 2412">
    <p class='ocr_par' dir='ltr' id='par_1_107' title="bbox 1062 2376 1846 2412">
     <span class='ocr_line' id='line_1_107' title="bbox 1062 2376 1846 2412; baseline 0.006 -10"><span class='ocrx_word' id='word_1_805' title='bbox 1062 2381 1171 2409; x_wconf 89' lang='lat' dir='ltr'><strong>nantur.</strong></span> <span class='ocrx_word' id='word_1_806' title='bbox 1190 2376 1303 2404; x_wconf 86' lang='lat' dir='ltr'><strong>fortasse</strong></span> <span class='ocrx_word' id='word_1_807' title='bbox 1319 2377 1380 2404; x_wconf 82' lang='lat' dir='ltr'><strong>licet</strong></span> <span class='ocrx_word' id='word_1_808' title='bbox 1396 2377 1503 2412; x_wconf 86' lang='lat' dir='ltr'><strong>ignotus</strong></span> <span class='ocrx_word' id='word_1_809' title='bbox 1518 2378 1595 2405; x_wconf 89' lang='lat' dir='ltr'><strong>nobis</strong></span> <span class='ocrx_word' id='word_1_810' title='bbox 1606 2398 1613 2410; x_wconf 87' lang='lat'><strong>,</strong></span> <span class='ocrx_word' id='word_1_811' title='bbox 1640 2382 1729 2406; x_wconf 84' lang='lat' dir='ltr'><strong>tamen</strong></span> <span class='ocrx_word' id='word_1_812' title='bbox 1754 2386 1769 2406; x_wconf 83' lang='lat' dir='ltr'><strong>a</strong></span> <span class='ocrx_word' id='word_1_813' title='bbox 1794 2380 1846 2407; x_wconf 87' lang='lat' dir='ltr'><strong>Deo</strong></span> 
     </span>
    </p>
   </div>
   <div class='ocr_carea' id='block_1_108' title="bbox 1061 2421 1845 2456">
    <p class='ocr_par' dir='ltr' id='par_1_108' title="bbox 1061 2421 1845 2456">
     <span class='ocr_line' id='line_1_108' title="bbox 1061 2421 1845 2456; baseline 0.004 -8"><span class='ocrx_word' id='word_1_814' title='bbox 1061 2426 1179 2449; x_wconf 88' lang='lat' dir='ltr'><strong>statutus</strong></span> <span class='ocrx_word' id='word_1_815' title='bbox 1205 2421 1303 2456; x_wconf 87' lang='lat' dir='ltr'><strong>aliquis</strong></span> <span class='ocrx_word' id='word_1_816' title='bbox 1330 2423 1460 2450; x_wconf 87' lang='lat' dir='ltr'><strong>terminus</strong></span> <span class='ocrx_word' id='word_1_817' title='bbox 1484 2423 1640 2456; x_wconf 89' lang='lat' dir='ltr'><strong>indicatur;</strong></span> <span class='ocrx_word' id='word_1_818' title='bbox 1656 2433 1665 2449; x_wconf 83' lang='grc' dir='ltr'><strong>ι</strong></span> <span class='ocrx_word' id='word_1_819' title='bbox 1700 2428 1727 2451; x_wconf 89' lang='lat' dir='ltr'><strong>et</strong></span> <span class='ocrx_word' id='word_1_820' title='bbox 1752 2424 1799 2452; x_wconf 91' lang='lat' dir='ltr'><strong>lib.</strong></span> <span class='ocrx_word' id='word_1_821' title='bbox 1827 2433 1845 2451; x_wconf 90' lang='grc' dir='ltr'><strong>ιι</strong></span> 
     </span>
    </p>
   </div>
   <div class='ocr_carea' id='block_1_109' title="bbox 1061 2467 1844 2503">
    <p class='ocr_par' dir='ltr' id='par_1_109' title="bbox 1061 2467 1844 2503">
     <span class='ocr_line' id='line_1_109' title="bbox 1061 2467 1844 2503; baseline 0.006 -10"><span class='ocrx_word' id='word_1_822' title='bbox 1061 2467 1130 2502; x_wconf 83' lang='grc' dir='ltr'><strong>Περί</strong></span> <span class='ocrx_word' id='word_1_823' title='bbox 1146 2467 1256 2502; x_wconf 76' lang='grc' dir='ltr'><strong>ἀρχῶν,</strong></span> <span class='ocrx_word' id='word_1_824' title='bbox 1284 2476 1344 2503; x_wconf 87' lang='lat' dir='ltr'><strong>cap.</strong></span> <span class='ocrx_word' id='word_1_825' title='bbox 1364 2469 1391 2501; x_wconf 78' lang='lat'><strong>3,</strong></span> <span class='ocrx_word' id='word_1_826' title='bbox 1419 2476 1491 2496; x_wconf 90' lang='lat' dir='ltr'><strong>num.</strong></span> <span class='ocrx_word' id='word_1_827' title='bbox 1507 2469 1524 2496; x_wconf 88' lang='grc'><strong>5</strong></span> <span class='ocrx_word' id='word_1_828' title='bbox 1540 2477 1547 2496; x_wconf 87' lang='lat'><strong>:</strong></span> <span class='ocrx_word' id='word_1_829' title='bbox 1562 2478 1571 2495; x_wconf 73' lang='grc' dir='ltr'><strong>ι</strong></span> <span class='ocrx_word' id='word_1_830' title='bbox 1585 2469 1675 2498; x_wconf 83' lang='lat' dir='ltr'><strong>Movet</strong></span> <span class='ocrx_word' id='word_1_831' title='bbox 1701 2475 1793 2497; x_wconf 88' lang='lat' dir='ltr'><strong>autem</strong></span> <span class='ocrx_word' id='word_1_832' title='bbox 1819 2471 1844 2498; x_wconf 87' lang='lat' dir='ltr'><strong>in</strong></span> 
     </span>
    </p>
   </div>
   <div class='ocr_carea' id='block_1_110' title="bbox 1061 2514 1844 2552">
    <p class='ocr_par' dir='ltr' id='par_1_110' title="bbox 1061 2514 1844 2552">
     <span class='ocr_line' id='line_1_110' title="bbox 1061 2514 1844 2552; baseline 0.004 -10"><span class='ocrx_word' id='word_1_833' title='bbox 1061 2514 1113 2542; x_wconf 88' lang='lat' dir='ltr'><strong>hoc</strong></span> <span class='ocrx_word' id='word_1_834' title='bbox 1135 2514 1282 2550; x_wconf 65' lang='lat' dir='ltr'><strong>Scriptura:</strong></span> <span class='ocrx_word' id='word_1_835' title='bbox 1313 2521 1414 2543; x_wconf 72' lang='lat' dir='ltr'><strong>sancta:</strong></span> <span class='ocrx_word' id='word_1_836' title='bbox 1440 2517 1603 2550; x_wconf 86' lang='lat' dir='ltr'><strong>auctoritas.</strong></span> <span class='ocrx_word' id='word_1_837' title='bbox 1627 2525 1687 2552; x_wconf 64' lang='lat' dir='ltr'><strong>qure</strong></span> <span class='ocrx_word' id='word_1_838' title='bbox 1711 2517 1798 2545; x_wconf 90' lang='lat' dir='ltr'><strong>dicit:</strong></span> <span class='ocrx_word' id='word_1_839' title='bbox 1814 2517 1844 2544; x_wconf 82' lang='lat' dir='ltr'><strong>In</strong></span> 
     </span>
    </p>
   </div>
   <div class='ocr_carea' id='block_1_111' title="bbox 1060 2561 1843 2597">
    <p class='ocr_par' dir='ltr' id='par_1_111' title="bbox 1060 2561 1843 2597">
     <span class='ocr_line' id='line_1_111' title="bbox 1060 2561 1843 2597; baseline 0 -8"><span class='ocrx_word' id='word_1_840' title='bbox 1060 2561 1186 2589; x_wconf 71' lang='lat' dir='ltr'><strong>saeculum</strong></span> <span class='ocrx_word' id='word_1_841' title='bbox 1201 2566 1225 2589; x_wconf 88' lang='lat' dir='ltr'><strong>et</strong></span> <span class='ocrx_word' id='word_1_842' title='bbox 1251 2562 1338 2589; x_wconf 84' lang='lat' dir='ltr'><strong>adhuc</strong></span> <span class='ocrx_word' id='word_1_843' title='bbox 1359 2562 1394 2589; x_wconf 83' lang='lat'><strong>&quot;.</strong></span> <span class='ocrx_word' id='word_1_844' title='bbox 1418 2562 1452 2589; x_wconf 84' lang='lat' dir='ltr'><strong>Et</strong></span> <span class='ocrx_word' id='word_1_845' title='bbox 1477 2563 1562 2589; x_wconf 76' lang='lat' dir='ltr'><strong>adhuc</strong></span> <span class='ocrx_word' id='word_1_846' title='bbox 1584 2563 1655 2590; x_wconf 90' lang='lat' dir='ltr'><strong>enim</strong></span> <span class='ocrx_word' id='word_1_847' title='bbox 1680 2564 1752 2597; x_wconf 87' lang='lat' dir='ltr'><strong>quod</strong></span> <span class='ocrx_word' id='word_1_848' title='bbox 1770 2563 1843 2594; x_wconf 86' lang='lat' dir='ltr'><strong>dicit.</strong></span> 
     </span>
    </p>
   </div>
   <div class='ocr_carea' id='block_1_112' title="bbox 1060 2606 1841 2644">
    <p class='ocr_par' dir='ltr' id='par_1_112' title="bbox 1060 2606 1841 2644">
     <span class='ocr_line' id='line_1_112' title="bbox 1060 2606 1841 2644; baseline 0.001 -10"><span class='ocrx_word' id='word_1_849' title='bbox 1060 2606 1120 2642; x_wconf 87' lang='lat' dir='ltr'><strong>plus</strong></span> <span class='ocrx_word' id='word_1_850' title='bbox 1131 2607 1231 2642; x_wconf 87' lang='lat' dir='ltr'><strong>aliquid</strong></span> <span class='ocrx_word' id='word_1_851' title='bbox 1247 2607 1305 2635; x_wconf 85' lang='lat' dir='ltr'><strong>sine</strong></span> <span class='ocrx_word' id='word_1_852' title='bbox 1322 2608 1402 2635; x_wconf 84' lang='lat' dir='ltr'><strong>dubio</strong></span> <span class='ocrx_word' id='word_1_853' title='bbox 1416 2615 1494 2642; x_wconf 91' lang='lat' dir='ltr'><strong>quam</strong></span> <span class='ocrx_word' id='word_1_854' title='bbox 1507 2608 1633 2635; x_wconf 69' lang='lat' dir='ltr'><strong>saeculum</strong></span> <span class='ocrx_word' id='word_1_855' title='bbox 1651 2609 1706 2635; x_wconf 76' lang='lat' dir='ltr'><strong>vult</strong></span> <span class='ocrx_word' id='word_1_856' title='bbox 1722 2609 1841 2644; x_wconf 90' lang='lat' dir='ltr'><strong>intelligi.</strong></span> 
     </span>
    </p>
   </div>
   <div class='ocr_carea' id='block_1_113' title="bbox 1060 2651 1842 2688">
    <p class='ocr_par' dir='ltr' id='par_1_113' title="bbox 1060 2651 1842 2688">
     <span class='ocr_line' id='line_1_113' title="bbox 1060 2651 1842 2688; baseline 0.003 -10"><span class='ocrx_word' id='word_1_857' title='bbox 1060 2651 1093 2678; x_wconf 85' lang='lat' dir='ltr'><strong>Et</strong></span> <span class='ocrx_word' id='word_1_858' title='bbox 1110 2652 1169 2679; x_wconf 84' lang='lat' dir='ltr'><strong>vide</strong></span> <span class='ocrx_word' id='word_1_859' title='bbox 1183 2659 1216 2679; x_wconf 93' lang='lat' dir='ltr'><strong>ne</strong></span> <span class='ocrx_word' id='word_1_860' title='bbox 1230 2651 1295 2680; x_wconf 92' lang='lat' dir='ltr'><strong>illud</strong></span> <span class='ocrx_word' id='word_1_861' title='bbox 1317 2652 1388 2687; x_wconf 84' lang='lat' dir='ltr'><strong>quod</strong></span> <span class='ocrx_word' id='word_1_862' title='bbox 1407 2653 1472 2680; x_wconf 88' lang='lat' dir='ltr'><strong>dicit</strong></span> <span class='ocrx_word' id='word_1_863' title='bbox 1486 2653 1610 2680; x_wconf 85' lang='lat' dir='ltr'><strong>Salvator</strong></span> <span class='ocrx_word' id='word_1_864' title='bbox 1625 2653 1688 2688; x_wconf 89' lang='lat' dir='ltr'><strong>quia</strong></span> <span class='ocrx_word' id='word_1_865' title='bbox 1714 2654 1791 2685; x_wconf 80' lang='lat' dir='ltr'><strong>volo,</strong></span> <span class='ocrx_word' id='word_1_866' title='bbox 1816 2658 1842 2680; x_wconf 81' lang='lat' dir='ltr'><strong>ut</strong></span> 
     </span>
    </p>
   </div>
   <div class='ocr_carea' id='block_1_114' title="bbox 1059 2698 1842 2733">
    <p class='ocr_par' dir='ltr' id='par_1_114' title="bbox 1059 2698 1842 2733">
     <span class='ocr_line' id='line_1_114' title="bbox 1059 2698 1842 2733; baseline 0.003 -9"><span class='ocrx_word' id='word_1_867' title='bbox 1059 2698 1103 2724; x_wconf 81' lang='lat' dir='ltr'><strong>ubi</strong></span> <span class='ocrx_word' id='word_1_868' title='bbox 1121 2705 1168 2733; x_wconf 78' lang='lat' dir='ltr'><strong>ego</strong></span> <span class='ocrx_word' id='word_1_869' title='bbox 1182 2706 1251 2730; x_wconf 80' lang='lat' dir='ltr'><strong>sum,</strong></span> <span class='ocrx_word' id='word_1_870' title='bbox 1272 2702 1298 2725; x_wconf 80' lang='lat' dir='ltr'><strong>et</strong></span> <span class='ocrx_word' id='word_1_871' title='bbox 1315 2699 1358 2725; x_wconf 77' lang='lat' dir='ltr'><strong>isti</strong></span> <span class='ocrx_word' id='word_1_872' title='bbox 1370 2699 1422 2725; x_wconf 78' lang='lat' dir='ltr'><strong>sint</strong></span> <span class='ocrx_word' id='word_1_873' title='bbox 1439 2707 1558 2731; x_wconf 76' lang='lat' dir='ltr'><strong>mecum;</strong></span> <span class='ocrx_word' id='word_1_874' title='bbox 1582 2703 1606 2725; x_wconf 81' lang='lat' dir='ltr'><strong>et</strong></span> <span class='ocrx_word' id='word_1_875' title='bbox 1622 2699 1689 2725; x_wconf 80' lang='lat' dir='ltr'><strong>sicut</strong></span> <span class='ocrx_word' id='word_1_876' title='bbox 1707 2708 1753 2733; x_wconf 84' lang='lat' dir='ltr'><strong>ego</strong></span> <span class='ocrx_word' id='word_1_877' title='bbox 1775 2705 1799 2726; x_wconf 85' lang='lat' dir='ltr'><strong>et</strong></span> <span class='ocrx_word' id='word_1_878' title='bbox 1816 2706 1842 2726; x_wconf 78' lang='lat' dir='ltr'><strong>tu</strong></span> 
     </span>
    </p>
   </div>
   <div class='ocr_carea' id='block_1_115' title="bbox 1060 2745 1842 2778">
    <p class='ocr_par' dir='ltr' id='par_1_115' title="bbox 1060 2745 1842 2778">
     <span class='ocr_line' id='line_1_115' title="bbox 1060 2745 1842 2778; baseline 0.001 -7"><span class='ocrx_word' id='word_1_879' title='bbox 1060 2752 1140 2771; x_wconf 87' lang='lat' dir='ltr'><strong>unum</strong></span> <span class='ocrx_word' id='word_1_880' title='bbox 1154 2752 1255 2776; x_wconf 80' lang='lat' dir='ltr'><strong>sumus,</strong></span> <span class='ocrx_word' id='word_1_881' title='bbox 1272 2749 1296 2772; x_wconf 85' lang='lat' dir='ltr'><strong>et</strong></span> <span class='ocrx_word' id='word_1_882' title='bbox 1313 2745 1355 2771; x_wconf 78' lang='lat' dir='ltr'><strong>isti</strong></span> <span class='ocrx_word' id='word_1_883' title='bbox 1366 2746 1417 2772; x_wconf 75' lang='lat' dir='ltr'><strong>sint</strong></span> <span class='ocrx_word' id='word_1_884' title='bbox 1436 2746 1463 2772; x_wconf 85' lang='lat' dir='ltr'><strong>in</strong></span> <span class='ocrx_word' id='word_1_885' title='bbox 1488 2745 1562 2772; x_wconf 73' lang='lat' dir='ltr'><strong>nobis</strong></span> <span class='ocrx_word' id='word_1_886' title='bbox 1586 2753 1667 2772; x_wconf 87' lang='lat' dir='ltr'><strong>unum</strong></span> <span class='ocrx_word' id='word_1_887' title='bbox 1691 2746 1726 2778; x_wconf 83' lang='lat'><strong>&quot;,</strong></span> <span class='ocrx_word' id='word_1_888' title='bbox 1753 2751 1842 2774; x_wconf 72' lang='lat' dir='ltr'><strong>osten~</strong></span> 
     </span>
    </p>
   </div>
   <div class='ocr_carea' id='block_1_116' title="bbox 1060 2790 1842 2827">
    <p class='ocr_par' dir='ltr' id='par_1_116' title="bbox 1060 2790 1842 2827">
     <span class='ocr_line' id='line_1_116' title="bbox 1060 2790 1842 2827; baseline 0.003 -9"><span class='ocrx_word' id='word_1_889' title='bbox 1060 2791 1124 2818; x_wconf 90' lang='lat' dir='ltr'><strong>dere</strong></span> <span class='ocrx_word' id='word_1_890' title='bbox 1144 2790 1267 2818; x_wconf 85' lang='lat' dir='ltr'><strong>videatur</strong></span> <span class='ocrx_word' id='word_1_891' title='bbox 1285 2791 1347 2826; x_wconf 90' lang='lat' dir='ltr'><strong>plus</strong></span> <span class='ocrx_word' id='word_1_892' title='bbox 1366 2790 1466 2827; x_wconf 85' lang='lat' dir='ltr'><strong>aliquid</strong></span> <span class='ocrx_word' id='word_1_893' title='bbox 1489 2799 1570 2827; x_wconf 84' lang='lat' dir='ltr'><strong>quam</strong></span> <span class='ocrx_word' id='word_1_894' title='bbox 1592 2796 1635 2820; x_wconf 89' lang='lat' dir='ltr'><strong>est</strong></span> <span class='ocrx_word' id='word_1_895' title='bbox 1659 2791 1789 2820; x_wconf 60' lang='lat' dir='ltr'><strong>saeculum</strong></span> <span class='ocrx_word' id='word_1_896' title='bbox 1814 2794 1842 2820; x_wconf 72' lang='lat' dir='ltr'><strong>et</strong></span> 
     </span>
    </p>
   </div>
   <div class='ocr_carea' id='block_1_117' title="bbox 204 2875 1202 2920">
    <p class='ocr_par' dir='ltr' id='par_1_117' title="bbox 204 2875 1202 2920">
     <span class='ocr_line' id='line_1_117' title="bbox 204 2875 1202 2920; baseline 0.005 -18"><span class='ocrx_word' id='word_1_897' title='bbox 204 2875 205 2879; x_wconf 68' lang='grc'><em>“</em></span> <span class='ocrx_word' id='word_1_898' title='bbox 257 2877 279 2892; x_wconf 88' lang='grc'><strong>⁵⁷</strong></span> <span class='ocrx_word' id='word_1_899' title='bbox 294 2876 366 2905; x_wconf 82' lang='lat' dir='ltr'><strong>Psal.</strong></span> <span class='ocrx_word' id='word_1_900' title='bbox 385 2885 496 2912; x_wconf 69' lang='lat' dir='ltr'><strong>tum,</strong></span> <span class='ocrx_word' id='word_1_901' title='bbox 515 2878 556 2906; x_wconf 85' lang='lat' dir='ltr'><strong>IO.</strong></span> <span class='ocrx_word' id='word_1_902' title='bbox 595 2879 617 2895; x_wconf 79' lang='lat'>&quot;</span> <span class='ocrx_word' id='word_1_903' title='bbox 637 2878 721 2906; x_wconf 83' lang='lat' dir='ltr'><strong>Exod.</strong></span> <span class='ocrx_word' id='word_1_904' title='bbox 739 2886 782 2913; x_wconf 76' lang='lat' dir='ltr'><strong>xv,</strong></span> <span class='ocrx_word' id='word_1_905' title='bbox 803 2879 846 2907; x_wconf 89' lang='lat' dir='ltr'><strong>I8.</strong></span> <span class='ocrx_word' id='word_1_906' title='bbox 875 2880 908 2920; x_wconf 79' lang='lat'><strong>_”</strong></span> <span class='ocrx_word' id='word_1_907' title='bbox 925 2878 1003 2908; x_wconf 78' lang='lat' dir='ltr'><strong>Joan.</strong></span> <span class='ocrx_word' id='word_1_908' title='bbox 1022 2886 1089 2912; x_wconf 75' lang='lat' dir='ltr'><strong>xm.</strong></span> <span class='ocrx_word' id='word_1_909' title='bbox 1108 2879 1202 2908; x_wconf 56' lang='grc' dir='ltr'>πει,</span> 
     </span>
    </p>
   </div>
  </div>
