  <div class='ocr_page' id='page_1' title='image "/cluster/home/n/w/nwhite01/storage/ocr_20150623/17/njp.32101010944583/726.png"; bbox 0 0 1927 3076; ppageno 0'>
   <div class='ocr_carea' id='block_1_1' title="bbox 119 132 190 161">
    <p class='ocr_par' dir='ltr' id='par_1_1' title="bbox 119 132 190 161">
     <span class='ocr_line' id='line_1_1' title="bbox 119 132 190 161; baseline 0 -1"><span class='ocrx_word' id='word_1_1' title='bbox 119 132 190 161; x_wconf 75' lang='grc'><strong>1045</strong></span> 
     </span>
    </p>
   </div>
   <div class='ocr_carea' id='block_1_2' title="bbox 525 133 1312 170">
    <p class='ocr_par' dir='ltr' id='par_1_2' title="bbox 525 133 1312 170">
     <span class='ocr_line' id='line_1_2' title="bbox 525 133 1312 170; baseline 0 -9"><span class='ocrx_word' id='word_1_2' title='bbox 525 133 810 170; x_wconf 79' lang='lat' dir='ltr'><strong>ORIGENIANORUM</strong></span> <span class='ocrx_word' id='word_1_3' title='bbox 830 133 894 161; x_wconf 84' lang='lat' dir='ltr'><strong>LIB.</strong></span> <span class='ocrx_word' id='word_1_4' title='bbox 915 133 947 167; x_wconf 86' lang='lat' dir='ltr'><strong>ll,</strong></span> <span class='ocrx_word' id='word_1_5' title='bbox 965 133 1040 162; x_wconf 87' lang='lat' dir='ltr'><strong>CAP.</strong></span> <span class='ocrx_word' id='word_1_6' title='bbox 1061 133 1093 167; x_wconf 92' lang='lat' dir='ltr'><strong>ll,</strong></span> <span class='ocrx_word' id='word_1_7' title='bbox 1110 133 1247 168; x_wconf 66' lang='lat' dir='ltr'><strong>QUEST.</strong></span> <span class='ocrx_word' id='word_1_8' title='bbox 1267 134 1312 162; x_wconf 81' lang='lat' dir='ltr'><strong>XI.</strong></span> 
     </span>
    </p>
   </div>
   <div class='ocr_carea' id='block_1_3' title="bbox 1654 138 1720 166">
    <p class='ocr_par' dir='ltr' id='par_1_3' title="bbox 1654 138 1720 166">
     <span class='ocr_line' id='line_1_3' title="bbox 1654 138 1720 166; baseline 0.015 -1"><span class='ocrx_word' id='word_1_9' title='bbox 1654 138 1720 166; x_wconf 73' lang='grc' dir='ltr'>ιοιϐ</span> 
     </span>
    </p>
   </div>
   <div class='ocr_carea' id='block_1_4' title="bbox 113 191 1720 231">
    <p class='ocr_par' dir='ltr' id='par_1_4' title="bbox 113 191 1720 231">
     <span class='ocr_line' id='line_1_4' title="bbox 113 191 1720 231; baseline 0.004 -12"><span class='ocrx_word' id='word_1_10' title='bbox 113 191 233 224; x_wconf 64' lang='lat' dir='ltr'><strong>monia;</strong></span> <span class='ocrx_word' id='word_1_11' title='bbox 252 191 320 220; x_wconf 91' lang='lat' dir='ltr'><strong>forte</strong></span> <span class='ocrx_word' id='word_1_12' title='bbox 336 192 418 220; x_wconf 91' lang='lat' dir='ltr'><strong>etiam</strong></span> <span class='ocrx_word' id='word_1_13' title='bbox 436 192 495 228; x_wconf 84' lang='lat' dir='ltr'><strong>plus</strong></span> <span class='ocrx_word' id='word_1_14' title='bbox 509 201 589 228; x_wconf 88' lang='lat' dir='ltr'><strong>quam</strong></span> <span class='ocrx_word' id='word_1_15' title='bbox 608 198 649 222; x_wconf 92' lang='lat' dir='ltr'><strong>est</strong></span> <span class='ocrx_word' id='word_1_16' title='bbox 665 194 761 222; x_wconf 72' lang='lat' dir='ltr'><strong>saecula</strong></span> <span class='ocrx_word' id='word_1_17' title='bbox 782 195 891 223; x_wconf 70' lang='lat' dir='ltr'><strong>stecuio-</strong></span> <span class='ocrx_word' id='word_1_18' title='bbox 907 194 1052 227; x_wconf 70' lang='lat' dir='ltr'><strong>Aabeam,</strong></span> <span class='ocrx_word' id='word_1_19' title='bbox 1071 194 1185 222; x_wconf 82' lang='lat' dir='ltr'><strong>dicimus</strong></span> <span class='ocrx_word' id='word_1_20' title='bbox 1209 199 1339 222; x_wconf 78' lang='lat' dir='ltr'><strong>:eternum</strong></span> <span class='ocrx_word' id='word_1_21' title='bbox 1361 194 1456 228; x_wconf 85' lang='lat' dir='ltr'><strong>Deum,</strong></span> <span class='ocrx_word' id='word_1_22' title='bbox 1479 203 1530 224; x_wconf 88' lang='lat' dir='ltr'><strong>non</strong></span> <span class='ocrx_word' id='word_1_23' title='bbox 1550 196 1641 231; x_wconf 90' lang='lat' dir='ltr'><strong>utique</strong></span> <span class='ocrx_word' id='word_1_24' title='bbox 1655 197 1720 226; x_wconf 84' lang='lat' dir='ltr'><strong>istas</strong></span> 
     </span>
    </p>
   </div>
   <div class='ocr_carea' id='block_1_5' title="bbox 112 237 897 273">
    <p class='ocr_par' dir='ltr' id='par_1_5' title="bbox 112 237 897 273">
     <span class='ocr_line' id='line_1_5' title="bbox 112 237 897 273; baseline 0.005 -10"><span class='ocrx_word' id='word_1_25' title='bbox 112 243 196 270; x_wconf 80' lang='lat' dir='ltr'><strong>rum;</strong></span> <span class='ocrx_word' id='word_1_26' title='bbox 219 237 248 264; x_wconf 95' lang='lat' dir='ltr'><strong>id</strong></span> <span class='ocrx_word' id='word_1_27' title='bbox 268 237 404 271; x_wconf 91' lang='lat' dir='ltr'><strong>videlicet,</strong></span> <span class='ocrx_word' id='word_1_28' title='bbox 427 246 488 265; x_wconf 91' lang='lat' dir='ltr'><strong>cum</strong></span> <span class='ocrx_word' id='word_1_29' title='bbox 509 239 562 273; x_wconf 88' lang='lat' dir='ltr'><strong>jam</strong></span> <span class='ocrx_word' id='word_1_30' title='bbox 589 247 642 267; x_wconf 94' lang='lat' dir='ltr'><strong>non</strong></span> <span class='ocrx_word' id='word_1_31' title='bbox 667 239 694 267; x_wconf 94' lang='lat' dir='ltr'><strong>in</strong></span> <span class='ocrx_word' id='word_1_32' title='bbox 718 240 814 268; x_wconf 74' lang='lat' dir='ltr'><strong>saeculo</strong></span> <span class='ocrx_word' id='word_1_33' title='bbox 834 245 897 268; x_wconf 80' lang='lat' dir='ltr'><strong>sunt</strong></span> 
     </span>
    </p>
   </div>
   <div class='ocr_carea' id='block_1_6' title="bbox 111 281 896 320">
    <p class='ocr_par' dir='ltr' id='par_1_6' title="bbox 111 281 896 320">
     <span class='ocr_line' id='line_1_6' title="bbox 111 281 896 320; baseline 0.006 -12"><span class='ocrx_word' id='word_1_34' title='bbox 111 281 216 314; x_wconf 82' lang='lat' dir='ltr'><strong>omnia,</strong></span> <span class='ocrx_word' id='word_1_35' title='bbox 236 282 283 310; x_wconf 91' lang='lat' dir='ltr'><strong>sed</strong></span> <span class='ocrx_word' id='word_1_36' title='bbox 298 282 325 309; x_wconf 93' lang='lat' dir='ltr'><strong>in</strong></span> <span class='ocrx_word' id='word_1_37' title='bbox 341 283 465 310; x_wconf 90' lang='lat' dir='ltr'><strong>omnibus</strong></span> <span class='ocrx_word' id='word_1_38' title='bbox 482 283 561 313; x_wconf 87' lang='lat' dir='ltr'><strong>Deus.</strong></span> <span class='ocrx_word' id='word_1_39' title='bbox 578 294 588 310; x_wconf 76' lang='grc' dir='ltr'>ι</span> <span class='ocrx_word' id='word_1_40' title='bbox 603 284 685 319; x_wconf 86' lang='lat' dir='ltr'><strong>igitur</strong></span> <span class='ocrx_word' id='word_1_41' title='bbox 700 292 787 320; x_wconf 89' lang='lat' dir='ltr'><strong>neque</strong></span> <span class='ocrx_word' id='word_1_42' title='bbox 799 285 826 312; x_wconf 85' lang='lat' dir='ltr'><strong>in</strong></span> <span class='ocrx_word' id='word_1_43' title='bbox 844 294 896 314; x_wconf 71' lang='lat' dir='ltr'><strong>sw-</strong></span> 
     </span>
    </p>
   </div>
   <div class='ocr_carea' id='block_1_7' title="bbox 109 325 896 365">
    <p class='ocr_par' dir='ltr' id='par_1_7' title="bbox 109 325 896 365">
     <span class='ocr_line' id='line_1_7' title="bbox 109 325 896 365; baseline 0.008 -13"><span class='ocrx_word' id='word_1_44' title='bbox 109 325 216 359; x_wconf 77' lang='lat' dir='ltr'><strong>culum,</strong></span> <span class='ocrx_word' id='word_1_45' title='bbox 234 333 322 361; x_wconf 90' lang='lat' dir='ltr'><strong>neque</strong></span> <span class='ocrx_word' id='word_1_46' title='bbox 336 327 363 353; x_wconf 84' lang='lat' dir='ltr'><strong>in</strong></span> <span class='ocrx_word' id='word_1_47' title='bbox 374 327 472 354; x_wconf 70' lang='lat' dir='ltr'><strong>amula</strong></span> <span class='ocrx_word' id='word_1_48' title='bbox 483 328 637 356; x_wconf 67' lang='lat' dir='ltr'><strong>surculorum</strong></span> <span class='ocrx_word' id='word_1_49' title='bbox 652 329 767 365; x_wconf 91' lang='lat' dir='ltr'><strong>spatium</strong></span> <span class='ocrx_word' id='word_1_50' title='bbox 779 329 896 358; x_wconf 86' lang='lat' dir='ltr'><strong>intermi-</strong></span> 
     </span>
    </p>
   </div>
   <div class='ocr_carea' id='block_1_8' title="bbox 109 370 895 409">
    <p class='ocr_par' dir='ltr' id='par_1_8' title="bbox 109 370 895 409">
     <span class='ocr_line' id='line_1_8' title="bbox 109 370 895 409; baseline 0.008 -13"><span class='ocrx_word' id='word_1_51' title='bbox 109 373 207 397; x_wconf 86' lang='lat' dir='ltr'><strong>natum</strong></span> <span class='ocrx_word' id='word_1_52' title='bbox 235 370 388 406; x_wconf 88' lang='lat' dir='ltr'><strong>signiﬁcare</strong></span> <span class='ocrx_word' id='word_1_53' title='bbox 404 371 646 409; x_wconf 69' lang='lat' dir='ltr'><strong>voiuit&#39;,0rigcnes.</strong></span> <span class='ocrx_word' id='word_1_54' title='bbox 674 374 805 407; x_wconf 82' lang='lat' dir='ltr'><strong>Quorsum</strong></span> <span class='ocrx_word' id='word_1_55' title='bbox 831 381 895 409; x_wconf 86' lang='lat' dir='ltr'><strong>ergo</strong></span> 
     </span>
    </p>
   </div>
   <div class='ocr_carea' id='block_1_9' title="bbox 109 416 895 448">
    <p class='ocr_par' dir='ltr' id='par_1_9' title="bbox 109 416 895 448">
     <span class='ocr_line' id='line_1_9' title="bbox 109 416 895 448; baseline 0.008 -6"><span class='ocrx_word' id='word_1_56' title='bbox 109 416 152 443; x_wconf 88' lang='lat' dir='ltr'><strong>ait</strong></span> <span class='ocrx_word' id='word_1_57' title='bbox 165 416 298 444; x_wconf 65' lang='lat' dir='ltr'><strong>Caesarius</strong></span> <span class='ocrx_word' id='word_1_58' title='bbox 317 417 388 445; x_wconf 84' lang='lat' dir='ltr'><strong>Dial.</strong></span> <span class='ocrx_word' id='word_1_59' title='bbox 401 425 432 445; x_wconf 89' lang='grc' dir='ltr'><strong>ιιι</strong></span> <span class='ocrx_word' id='word_1_60' title='bbox 454 419 623 447; x_wconf 76' lang='lat' dir='ltr'><strong>existimasse</strong></span> <span class='ocrx_word' id='word_1_61' title='bbox 639 420 712 448; x_wconf 89' lang='lat' dir='ltr'><strong>illum</strong></span> <span class='ocrx_word' id='word_1_62' title='bbox 734 420 838 448; x_wconf 88' lang='lat' dir='ltr'><strong>ﬁnitum</strong></span> <span class='ocrx_word' id='word_1_63' title='bbox 862 421 895 448; x_wconf 92' lang='lat' dir='ltr'><strong>iri</strong></span> 
     </span>
    </p>
   </div>
   <div class='ocr_carea' id='block_1_10' title="bbox 108 461 895 502">
    <p class='ocr_par' dir='ltr' id='par_1_10' title="bbox 108 461 895 502">
     <span class='ocr_line' id='line_1_10' title="bbox 108 461 895 502; baseline 0.006 -13"><span class='ocrx_word' id='word_1_64' title='bbox 108 461 242 496; x_wconf 79' lang='lat' dir='ltr'><strong>supplicia</strong></span> <span class='ocrx_word' id='word_1_65' title='bbox 261 462 447 490; x_wconf 88' lang='lat' dir='ltr'><strong>damnatorttm</strong></span> <span class='ocrx_word' id='word_1_66' title='bbox 459 483 467 496; x_wconf 88' lang='lat'><strong>,</strong></span> <span class='ocrx_word' id='word_1_67' title='bbox 486 464 518 490; x_wconf 78' lang='grc' dir='ltr'><strong>ἐκ</strong></span> <span class='ocrx_word' id='word_1_68' title='bbox 534 464 581 491; x_wconf 85' lang='grc' dir='ltr'><strong>τοῦ</strong></span> <span class='ocrx_word' id='word_1_69' title='bbox 597 465 703 493; x_wconf 76' lang='grc' dir='ltr'>αἰώνιον</span> <span class='ocrx_word' id='word_1_70' title='bbox 720 465 799 501; x_wconf 83' lang='grc' dir='ltr'>μόνον</span> <span class='ocrx_word' id='word_1_71' title='bbox 811 467 895 502; x_wconf 83' lang='grc' dir='ltr'>φῆσαι</span> 
     </span>
    </p>
   </div>
   <div class='ocr_carea' id='block_1_11' title="bbox 107 508 894 548">
    <p class='ocr_par' dir='ltr' id='par_1_11' title="bbox 107 508 894 548">
     <span class='ocr_line' id='line_1_11' title="bbox 107 508 894 548; baseline 0.006 -14"><span class='ocrx_word' id='word_1_72' title='bbox 107 508 158 535; x_wconf 81' lang='grc' dir='ltr'>τὸν</span> <span class='ocrx_word' id='word_1_73' title='bbox 183 508 285 544; x_wconf 82' lang='grc' dir='ltr'><strong>Κύριον</strong></span> <span class='ocrx_word' id='word_1_74' title='bbox 311 509 340 535; x_wconf 85' lang='grc' dir='ltr'>τὸ</span> <span class='ocrx_word' id='word_1_75' title='bbox 357 508 532 545; x_wconf 80' lang='grc' dir='ltr'><strong>κολαστήριον</strong></span> <span class='ocrx_word' id='word_1_76' title='bbox 555 510 621 548; x_wconf 83' lang='grc' dir='ltr'>πῦρ,</span> <span class='ocrx_word' id='word_1_77' title='bbox 648 511 694 538; x_wconf 80' lang='grc' dir='ltr'><strong>καὶ</strong></span> <span class='ocrx_word' id='word_1_78' title='bbox 717 512 766 538; x_wconf 86' lang='grc' dir='ltr'>οὐκ</span> <span class='ocrx_word' id='word_1_79' title='bbox 787 512 894 540; x_wconf 84' lang='grc' dir='ltr'>αἰώνιον</span> 
     </span>
    </p>
   </div>
   <div class='ocr_carea' id='block_1_12' title="bbox 107 553 894 587">
    <p class='ocr_par' dir='ltr' id='par_1_12' title="bbox 107 553 894 587">
     <span class='ocr_line' id='line_1_12' title="bbox 107 553 894 587; baseline 0.009 -8"><span class='ocrx_word' id='word_1_80' title='bbox 107 553 229 580; x_wconf 72' lang='grc' dir='ltr'>αἰώνωνσ</span> <span class='ocrx_word' id='word_1_81' title='bbox 247 554 343 587; x_wconf 74' lang='lat' dir='ltr'><strong>«Quod</strong></span> <span class='ocrx_word' id='word_1_82' title='bbox 368 560 498 582; x_wconf 70' lang='lat' dir='ltr'><strong>aeternum</strong></span> <span class='ocrx_word' id='word_1_83' title='bbox 524 559 626 584; x_wconf 88' lang='lat' dir='ltr'><strong>tantum</strong></span> <span class='ocrx_word' id='word_1_84' title='bbox 645 557 743 585; x_wconf 79' lang='lat' dir='ltr'><strong>dixerit</strong></span> <span class='ocrx_word' id='word_1_85' title='bbox 766 558 894 587; x_wconf 86' lang='lat' dir='ltr'><strong>Dominus</strong></span> 
     </span>
    </p>
   </div>
   <div class='ocr_carea' id='block_1_13' title="bbox 105 599 894 636">
    <p class='ocr_par' dir='ltr' id='par_1_13' title="bbox 105 599 894 636">
     <span class='ocr_line' id='line_1_13' title="bbox 105 599 894 636; baseline 0.008 -10"><span class='ocrx_word' id='word_1_86' title='bbox 105 599 275 634; x_wconf 84' lang='lat' dir='ltr'><strong>piacularem</strong></span> <span class='ocrx_word' id='word_1_87' title='bbox 290 599 391 636; x_wconf 93' lang='lat' dir='ltr'><strong>ignem,</strong></span> <span class='ocrx_word' id='word_1_88' title='bbox 406 608 458 628; x_wconf 93' lang='lat' dir='ltr'><strong>non</strong></span> <span class='ocrx_word' id='word_1_89' title='bbox 475 605 606 629; x_wconf 60' lang='lat' dir='ltr'><strong>aternum</strong></span> <span class='ocrx_word' id='word_1_90' title='bbox 625 602 652 630; x_wconf 90' lang='lat' dir='ltr'><strong>in</strong></span> <span class='ocrx_word' id='word_1_91' title='bbox 663 603 781 631; x_wconf 55' lang='lat' dir='ltr'><strong>sucula?</strong></span> <span class='ocrx_word' id='word_1_92' title='bbox 792 613 801 630; x_wconf 78' lang='grc' dir='ltr'>ι</span> <span class='ocrx_word' id='word_1_93' title='bbox 821 604 894 632; x_wconf 87' lang='lat' dir='ltr'><strong>Asti-</strong></span> 
     </span>
    </p>
   </div>
   <div class='ocr_carea' id='block_1_14' title="bbox 105 644 894 684">
    <p class='ocr_par' dir='ltr' id='par_1_14' title="bbox 105 644 894 684">
     <span class='ocr_line' id='line_1_14' title="bbox 105 644 894 684; baseline 0.009 -13"><span class='ocrx_word' id='word_1_94' title='bbox 105 644 218 680; x_wconf 86' lang='lat' dir='ltr'><strong>pulatur</strong></span> <span class='ocrx_word' id='word_1_95' title='bbox 233 646 414 680; x_wconf 86' lang='lat' dir='ltr'><strong>superioribus</strong></span> <span class='ocrx_word' id='word_1_96' title='bbox 429 646 556 674; x_wconf 84' lang='lat' dir='ltr'><strong>Leontius</strong></span> <span class='ocrx_word' id='word_1_97' title='bbox 568 646 726 682; x_wconf 83' lang='lat' dir='ltr'><strong>Byzantius,</strong></span> <span class='ocrx_word' id='word_1_98' title='bbox 739 649 783 683; x_wconf 88' lang='lat' dir='ltr'><strong>qui</strong></span> <span class='ocrx_word' id='word_1_99' title='bbox 800 648 894 684; x_wconf 89' lang='lat' dir='ltr'><strong>Orige-</strong></span> 
     </span>
    </p>
   </div>
   <div class='ocr_carea' id='block_1_15' title="bbox 104 691 894 731">
    <p class='ocr_par' dir='ltr' id='par_1_15' title="bbox 104 691 894 731">
     <span class='ocr_line' id='line_1_15' title="bbox 104 691 894 731; baseline 0.005 -13"><span class='ocrx_word' id='word_1_100' title='bbox 104 691 195 719; x_wconf 84' lang='lat' dir='ltr'><strong>nistas</strong></span> <span class='ocrx_word' id='word_1_101' title='bbox 208 691 298 719; x_wconf 85' lang='lat' dir='ltr'><strong>dicere</strong></span> <span class='ocrx_word' id='word_1_102' title='bbox 308 692 355 723; x_wconf 85' lang='lat' dir='ltr'><strong>ait,</strong></span> <span class='ocrx_word' id='word_1_103' title='bbox 372 692 413 718; x_wconf 81' lang='grc' dir='ltr'>ὅτι</span> <span class='ocrx_word' id='word_1_104' title='bbox 427 692 457 719; x_wconf 78' lang='grc' dir='ltr'>τὸ</span> <span class='ocrx_word' id='word_1_105' title='bbox 471 692 518 719; x_wconf 80' lang='grc' dir='ltr'><strong>τοῦ</strong></span> <span class='ocrx_word' id='word_1_106' title='bbox 531 692 636 726; x_wconf 76' lang='grc' dir='ltr'><strong>αἰῶνος</strong></span> <span class='ocrx_word' id='word_1_107' title='bbox 649 694 734 730; x_wconf 73' lang='grc' dir='ltr'>ὄνομα</span> <span class='ocrx_word' id='word_1_108' title='bbox 756 695 807 722; x_wconf 66' lang='lat' dir='ltr'><strong>cui.</strong></span> <span class='ocrx_word' id='word_1_109' title='bbox 829 695 894 731; x_wconf 56' lang='lat' dir='ltr'><strong>dipt-</strong></span> 
     </span>
    </p>
   </div>
   <div class='ocr_carea' id='block_1_16' title="bbox 106 731 894 778">
    <p class='ocr_par' dir='ltr' id='par_1_16' title="bbox 106 731 894 778">
     <span class='ocr_line' id='line_1_16' title="bbox 106 731 894 778; baseline 0.006 -15"><span class='ocrx_word' id='word_1_110' title='bbox 106 736 210 772; x_wconf 77' lang='grc' dir='ltr'>σμένον</span> <span class='ocrx_word' id='word_1_111' title='bbox 227 737 322 773; x_wconf 83' lang='grc' dir='ltr'>χρόνον</span> <span class='ocrx_word' id='word_1_112' title='bbox 342 737 520 773; x_wconf 80' lang='grc' dir='ltr'>λαμϐάνεται,</span> <span class='ocrx_word' id='word_1_113' title='bbox 543 731 589 766; x_wconf 66' lang='lat' dir='ltr'><strong>irai</strong></span> <span class='ocrx_word' id='word_1_114' title='bbox 608 739 672 767; x_wconf 81' lang='grc' dir='ltr'>ὅταν</span> <span class='ocrx_word' id='word_1_115' title='bbox 686 741 750 777; x_wconf 79' lang='grc' dir='ltr'><strong>εἴπῃ</strong></span> <span class='ocrx_word' id='word_1_116' title='bbox 766 741 782 776; x_wconf 86' lang='grc' dir='ltr'>ὴ</span> <span class='ocrx_word' id='word_1_117' title='bbox 800 741 894 778; x_wconf 86' lang='grc' dir='ltr'>Γραφὴ</span> 
     </span>
    </p>
   </div>
   <div class='ocr_carea' id='block_1_17' title="bbox 103 782 894 822">
    <p class='ocr_par' dir='ltr' id='par_1_17' title="bbox 103 782 894 822">
     <span class='ocr_line' id='line_1_17' title="bbox 103 782 894 822; baseline 0.005 -14"><span class='ocrx_word' id='word_1_118' title='bbox 103 782 148 809; x_wconf 71' lang='grc' dir='ltr'>ὄτι</span> <span class='ocrx_word' id='word_1_119' title='bbox 168 782 264 809; x_wconf 82' lang='grc' dir='ltr'>αἰωνία</span> <span class='ocrx_word' id='word_1_120' title='bbox 278 782 350 810; x_wconf 75' lang='grc' dir='ltr'>ἐστὶν</span> <span class='ocrx_word' id='word_1_121' title='bbox 364 783 380 818; x_wconf 82' lang='grc' dir='ltr'>ἠ</span> <span class='ocrx_word' id='word_1_122' title='bbox 399 783 518 816; x_wconf 83' lang='grc' dir='ltr'>κόλασις,</span> <span class='ocrx_word' id='word_1_123' title='bbox 532 783 570 818; x_wconf 58' lang='lat' dir='ltr'><strong>of),</strong></span> <span class='ocrx_word' id='word_1_124' title='bbox 585 783 658 819; x_wconf 81' lang='grc' dir='ltr'><strong>λέγει</strong></span> <span class='ocrx_word' id='word_1_125' title='bbox 673 785 697 811; x_wconf 81' lang='grc' dir='ltr'>εἱ</span> <span class='ocrx_word' id='word_1_126' title='bbox 713 785 750 820; x_wconf 83' lang='grc' dir='ltr'><strong>μὴ</strong></span> <span class='ocrx_word' id='word_1_127' title='bbox 763 786 811 812; x_wconf 58' lang='grc' dir='ltr'><strong>ἐπὶ</strong></span> <span class='ocrx_word' id='word_1_128' title='bbox 829 786 894 822; x_wconf 77' lang='grc' dir='ltr'>ὠρι-</span> 
     </span>
    </p>
   </div>
   <div class='ocr_carea' id='block_1_18' title="bbox 105 828 894 866">
    <p class='ocr_par' dir='ltr' id='par_1_18' title="bbox 105 828 894 866">
     <span class='ocr_line' id='line_1_18' title="bbox 105 828 894 866; baseline 0.008 -12"><span class='ocrx_word' id='word_1_129' title='bbox 105 828 323 865; x_wconf 80' lang='grc' dir='ltr'>σμένουιχρόνου.</span> <span class='ocrx_word' id='word_1_130' title='bbox 338 838 348 855; x_wconf 79' lang='grc' dir='ltr'>ι</span> <span class='ocrx_word' id='word_1_131' title='bbox 359 828 461 856; x_wconf 85' lang='lat' dir='ltr'><strong>Nomen</strong></span> <span class='ocrx_word' id='word_1_132' title='bbox 473 829 570 861; x_wconf 72' lang='grc' dir='ltr'>αἰῶνος</span> <span class='ocrx_word' id='word_1_133' title='bbox 578 829 610 858; x_wconf 92' lang='lat' dir='ltr'><strong>de</strong></span> <span class='ocrx_word' id='word_1_134' title='bbox 620 834 739 866; x_wconf 89' lang='lat' dir='ltr'><strong>tempore</strong></span> <span class='ocrx_word' id='word_1_135' title='bbox 752 832 894 860; x_wconf 88' lang='lat' dir='ltr'><strong>terminato</strong></span> 
     </span>
    </p>
   </div>
   <div class='ocr_carea' id='block_1_19' title="bbox 946 239 1720 278">
    <p class='ocr_par' dir='ltr' id='par_1_19' title="bbox 946 239 1720 278">
     <span class='ocr_line' id='line_1_19' title="bbox 946 239 1720 278; baseline 0.005 -11"><span class='ocrx_word' id='word_1_136' title='bbox 946 240 1013 268; x_wconf 87' lang='lat' dir='ltr'><strong>duas</strong></span> <span class='ocrx_word' id='word_1_137' title='bbox 1026 239 1200 268; x_wconf 76' lang='lat' dir='ltr'><strong>brevissimus</strong></span> <span class='ocrx_word' id='word_1_138' title='bbox 1214 241 1342 277; x_wconf 80' lang='lat' dir='ltr'><strong>syllabas,</strong></span> <span class='ocrx_word' id='word_1_139' title='bbox 1370 241 1416 269; x_wconf 87' lang='lat' dir='ltr'><strong>sed</strong></span> <span class='ocrx_word' id='word_1_140' title='bbox 1431 242 1502 276; x_wconf 90' lang='lat' dir='ltr'><strong>quod</strong></span> <span class='ocrx_word' id='word_1_141' title='bbox 1522 242 1563 270; x_wconf 83' lang='lat' dir='ltr'><strong>eis</strong></span> <span class='ocrx_word' id='word_1_142' title='bbox 1584 243 1720 278; x_wconf 77' lang='lat' dir='ltr'><strong>signiﬁca-</strong></span> 
     </span>
    </p>
   </div>
   <div class='ocr_carea' id='block_1_20' title="bbox 945 286 1720 321">
    <p class='ocr_par' dir='ltr' id='par_1_20' title="bbox 945 286 1720 321">
     <span class='ocr_line' id='line_1_20' title="bbox 945 286 1720 321; baseline 0.003 -7"><span class='ocrx_word' id='word_1_143' title='bbox 945 289 999 314; x_wconf 85' lang='lat' dir='ltr'><strong>tur.</strong></span> <span class='ocrx_word' id='word_1_144' title='bbox 1014 295 1026 312; x_wconf 70' lang='grc' dir='ltr'>ι</span> <span class='ocrx_word' id='word_1_145' title='bbox 1043 286 1124 320; x_wconf 82' lang='lat' dir='ltr'><strong>Quasi</strong></span> <span class='ocrx_word' id='word_1_146' title='bbox 1137 293 1200 314; x_wconf 90' lang='lat' dir='ltr'><strong>vero</strong></span> <span class='ocrx_word' id='word_1_147' title='bbox 1212 294 1272 314; x_wconf 90' lang='lat' dir='ltr'><strong>cum</strong></span> <span class='ocrx_word' id='word_1_148' title='bbox 1285 287 1376 315; x_wconf 82' lang='lat' dir='ltr'><strong>sancit</strong></span> <span class='ocrx_word' id='word_1_149' title='bbox 1383 287 1462 321; x_wconf 83' lang='lat' dir='ltr'><strong>Deus,</strong></span> <span class='ocrx_word' id='word_1_150' title='bbox 1481 292 1511 316; x_wconf 92' lang='lat' dir='ltr'><strong>ut</strong></span> <span class='ocrx_word' id='word_1_151' title='bbox 1522 288 1629 316; x_wconf 88' lang='lat' dir='ltr'><strong>nonnisi</strong></span> <span class='ocrx_word' id='word_1_152' title='bbox 1643 289 1720 316; x_wconf 87' lang='lat' dir='ltr'><strong>indu-</strong></span> 
     </span>
    </p>
   </div>
   <div class='ocr_carea' id='block_1_21' title="bbox 944 332 1718 363">
    <p class='ocr_par' dir='ltr' id='par_1_21' title="bbox 944 332 1718 363">
     <span class='ocr_line' id='line_1_21' title="bbox 944 332 1718 363; baseline 0.005 -4"><span class='ocrx_word' id='word_1_153' title='bbox 944 336 987 360; x_wconf 87' lang='lat' dir='ltr'><strong>tus</strong></span> <span class='ocrx_word' id='word_1_154' title='bbox 1002 332 1079 361; x_wconf 86' lang='lat' dir='ltr'><strong>lineis</strong></span> <span class='ocrx_word' id='word_1_155' title='bbox 1093 332 1264 360; x_wconf 77' lang='lat' dir='ltr'><strong>feminalibus</strong></span> <span class='ocrx_word' id='word_1_156' title='bbox 1291 333 1490 361; x_wconf 87' lang='lat' dir='ltr'><strong>tabernaculum</strong></span> <span class='ocrx_word' id='word_1_157' title='bbox 1509 335 1655 363; x_wconf 83' lang='lat' dir='ltr'><strong>testimonii</strong></span> <span class='ocrx_word' id='word_1_158' title='bbox 1675 335 1718 362; x_wconf 51' lang='lat' dir='ltr'><strong>ina</strong></span> 
     </span>
    </p>
   </div>
   <div class='ocr_carea' id='block_1_22' title="bbox 944 377 1719 414">
    <p class='ocr_par' dir='ltr' id='par_1_22' title="bbox 944 377 1719 414">
     <span class='ocr_line' id='line_1_22' title="bbox 944 377 1719 414; baseline 0.004 -10"><span class='ocrx_word' id='word_1_159' title='bbox 944 377 1081 411; x_wconf 86' lang='lat' dir='ltr'><strong>grediatur</strong></span> <span class='ocrx_word' id='word_1_160' title='bbox 1094 377 1183 404; x_wconf 80' lang='lat' dir='ltr'><strong>Aaron</strong></span> <span class='ocrx_word' id='word_1_161' title='bbox 1196 385 1205 410; x_wconf 86' lang='lat'><strong>;</strong></span> <span class='ocrx_word' id='word_1_162' title='bbox 1221 377 1358 412; x_wconf 85' lang='lat' dir='ltr'><strong>additque,</strong></span> <span class='ocrx_word' id='word_1_163' title='bbox 1377 387 1386 404; x_wconf 80' lang='grc' dir='ltr'>ι</span> <span class='ocrx_word' id='word_1_164' title='bbox 1397 377 1558 413; x_wconf 84' lang='lat' dir='ltr'><strong>Legitimum</strong></span> <span class='ocrx_word' id='word_1_165' title='bbox 1577 379 1719 414; x_wconf 89' lang='lat' dir='ltr'><strong>sempiter-</strong></span> 
     </span>
    </p>
   </div>
   <div class='ocr_carea' id='block_1_23' title="bbox 944 422 1718 458">
    <p class='ocr_par' dir='ltr' id='par_1_23' title="bbox 944 422 1718 458">
     <span class='ocr_line' id='line_1_23' title="bbox 944 422 1718 458; baseline 0.005 -9"><span class='ocrx_word' id='word_1_166' title='bbox 944 430 1007 449; x_wconf 87' lang='lat' dir='ltr'><strong>num</strong></span> <span class='ocrx_word' id='word_1_167' title='bbox 1019 422 1071 450; x_wconf 90' lang='lat' dir='ltr'><strong>erit</strong></span> <span class='ocrx_word' id='word_1_168' title='bbox 1088 423 1177 450; x_wconf 86' lang='lat' dir='ltr'><strong>Aaron</strong></span> <span class='ocrx_word' id='word_1_169' title='bbox 1189 442 1197 456; x_wconf 92' lang='lat'><strong>,</strong></span> <span class='ocrx_word' id='word_1_170' title='bbox 1219 428 1247 450; x_wconf 88' lang='lat' dir='ltr'><strong>et</strong></span> <span class='ocrx_word' id='word_1_171' title='bbox 1265 423 1361 450; x_wconf 86' lang='lat' dir='ltr'><strong>semini</strong></span> <span class='ocrx_word' id='word_1_172' title='bbox 1377 423 1433 458; x_wconf 85' lang='lat' dir='ltr'><strong>ejus</strong></span> <span class='ocrx_word' id='word_1_173' title='bbox 1451 428 1510 458; x_wconf 86' lang='lat' dir='ltr'><strong>post</strong></span> <span class='ocrx_word' id='word_1_174' title='bbox 1529 431 1591 452; x_wconf 93' lang='lat' dir='ltr'><strong>eum</strong></span> <span class='ocrx_word' id='word_1_175' title='bbox 1606 424 1639 456; x_wconf 83' lang='lat'><strong>“,</strong></span> <span class='ocrx_word' id='word_1_176' title='bbox 1658 434 1667 450; x_wconf 74' lang='grc' dir='ltr'>ι</span> <span class='ocrx_word' id='word_1_177' title='bbox 1691 424 1718 453; x_wconf 92' lang='lat' dir='ltr'><strong>id</strong></span> 
     </span>
    </p>
   </div>
   <div class='ocr_carea' id='block_1_24' title="bbox 943 468 1717 506">
    <p class='ocr_par' dir='ltr' id='par_1_24' title="bbox 943 468 1717 506">
     <span class='ocr_line' id='line_1_24' title="bbox 943 468 1717 506; baseline 0.004 -11"><span class='ocrx_word' id='word_1_178' title='bbox 943 475 996 495; x_wconf 90' lang='lat' dir='ltr'><strong>non</strong></span> <span class='ocrx_word' id='word_1_179' title='bbox 1009 468 1042 495; x_wconf 90' lang='lat' dir='ltr'><strong>ad</strong></span> <span class='ocrx_word' id='word_1_180' title='bbox 1057 469 1211 496; x_wconf 85' lang='lat' dir='ltr'><strong>mandatum</strong></span> <span class='ocrx_word' id='word_1_181' title='bbox 1227 468 1349 504; x_wconf 80' lang='lat' dir='ltr'><strong>proxime</strong></span> <span class='ocrx_word' id='word_1_182' title='bbox 1361 469 1520 502; x_wconf 89' lang='lat' dir='ltr'><strong>institutum,</strong></span> <span class='ocrx_word' id='word_1_183' title='bbox 1537 470 1584 497; x_wconf 87' lang='lat' dir='ltr'><strong>sed</strong></span> <span class='ocrx_word' id='word_1_184' title='bbox 1598 471 1632 498; x_wconf 90' lang='lat' dir='ltr'><strong>ad</strong></span> <span class='ocrx_word' id='word_1_185' title='bbox 1659 479 1717 506; x_wconf 88' lang='lat' dir='ltr'><strong>my-</strong></span> 
     </span>
    </p>
   </div>
   <div class='ocr_carea' id='block_1_25' title="bbox 945 513 1717 550">
    <p class='ocr_par' dir='ltr' id='par_1_25' title="bbox 945 513 1717 550">
     <span class='ocr_line' id='line_1_25' title="bbox 945 513 1717 550; baseline 0.004 -10"><span class='ocrx_word' id='word_1_186' title='bbox 945 513 1056 541; x_wconf 89' lang='lat' dir='ltr'><strong>sterium</strong></span> <span class='ocrx_word' id='word_1_187' title='bbox 1079 513 1206 541; x_wconf 86' lang='lat' dir='ltr'><strong>mandato</strong></span> <span class='ocrx_word' id='word_1_188' title='bbox 1221 513 1272 541; x_wconf 92' lang='lat' dir='ltr'><strong>hoc</strong></span> <span class='ocrx_word' id='word_1_189' title='bbox 1289 514 1463 549; x_wconf 88' lang='lat' dir='ltr'><strong>signiﬁcatum</strong></span> <span class='ocrx_word' id='word_1_190' title='bbox 1481 515 1622 550; x_wconf 85' lang='lat' dir='ltr'><strong>pertineat.</strong></span> <span class='ocrx_word' id='word_1_191' title='bbox 1635 516 1717 550; x_wconf 85' lang='lat' dir='ltr'><strong>Quasi</strong></span> 
     </span>
    </p>
   </div>
   <div class='ocr_carea' id='block_1_26' title="bbox 948 558 1718 596">
    <p class='ocr_par' dir='ltr' id='par_1_26' title="bbox 948 558 1718 596">
     <span class='ocr_line' id='line_1_26' title="bbox 948 558 1718 596; baseline 0.003 -9"><span class='ocrx_word' id='word_1_192' title='bbox 948 559 1007 592; x_wconf 86' lang='lat' dir='ltr'><strong>has,</strong></span> <span class='ocrx_word' id='word_1_193' title='bbox 1024 566 1083 594; x_wconf 72' lang='lat' dir='ltr'><strong>quae</strong></span> <span class='ocrx_word' id='word_1_194' title='bbox 1094 558 1215 593; x_wconf 79' lang='lat' dir='ltr'><strong>proxime</strong></span> <span class='ocrx_word' id='word_1_195' title='bbox 1229 559 1336 594; x_wconf 80' lang='lat' dir='ltr'><strong>scriptae</strong></span> <span class='ocrx_word' id='word_1_196' title='bbox 1350 565 1423 592; x_wconf 91' lang='lat' dir='ltr'><strong>sunt,</strong></span> <span class='ocrx_word' id='word_1_197' title='bbox 1445 560 1560 596; x_wconf 81' lang='lat' dir='ltr'><strong>syllabas</strong></span> <span class='ocrx_word' id='word_1_198' title='bbox 1575 561 1718 596; x_wconf 80' lang='lat' dir='ltr'><strong>legitimum</strong></span> 
     </span>
    </p>
   </div>
   <div class='ocr_carea' id='block_1_27' title="bbox 942 604 1717 641">
    <p class='ocr_par' dir='ltr' id='par_1_27' title="bbox 942 604 1717 641">
     <span class='ocr_line' id='line_1_27' title="bbox 942 604 1717 641; baseline 0.004 -10"><span class='ocrx_word' id='word_1_199' title='bbox 942 604 1123 638; x_wconf 72' lang='lat' dir='ltr'><strong>sempiternum</strong></span> <span class='ocrx_word' id='word_1_200' title='bbox 1134 611 1193 632; x_wconf 88' lang='lat' dir='ltr'><strong>esse</strong></span> <span class='ocrx_word' id='word_1_201' title='bbox 1204 604 1284 638; x_wconf 81' lang='lat' dir='ltr'><strong>velit;</strong></span> <span class='ocrx_word' id='word_1_202' title='bbox 1299 612 1350 632; x_wconf 93' lang='lat' dir='ltr'><strong>non</strong></span> <span class='ocrx_word' id='word_1_203' title='bbox 1367 611 1527 640; x_wconf 67' lang='lat' dir='ltr'><strong>praeceptum</strong></span> <span class='ocrx_word' id='word_1_204' title='bbox 1541 606 1652 641; x_wconf 87' lang='lat' dir='ltr'><strong>syllabis</strong></span> <span class='ocrx_word' id='word_1_205' title='bbox 1665 607 1717 635; x_wconf 92' lang='lat' dir='ltr'><strong>illis</strong></span> 
     </span>
    </p>
   </div>
   <div class='ocr_carea' id='block_1_28' title="bbox 943 648 1715 687">
    <p class='ocr_par' dir='ltr' id='par_1_28' title="bbox 943 648 1715 687">
     <span class='ocr_line' id='line_1_28' title="bbox 943 648 1715 687; baseline 0.006 -12"><span class='ocrx_word' id='word_1_206' title='bbox 943 648 1104 682; x_wconf 87' lang='lat' dir='ltr'><strong>institutum,</strong></span> <span class='ocrx_word' id='word_1_207' title='bbox 1118 649 1206 684; x_wconf 88' lang='lat' dir='ltr'><strong>quoad</strong></span> <span class='ocrx_word' id='word_1_208' title='bbox 1219 649 1346 682; x_wconf 84' lang='lat' dir='ltr'><strong>litteram,</strong></span> <span class='ocrx_word' id='word_1_209' title='bbox 1370 658 1422 677; x_wconf 90' lang='lat' dir='ltr'><strong>non</strong></span> <span class='ocrx_word' id='word_1_210' title='bbox 1438 651 1525 685; x_wconf 87' lang='lat' dir='ltr'><strong>quoad</strong></span> <span class='ocrx_word' id='word_1_211' title='bbox 1541 652 1715 687; x_wconf 84' lang='lat' dir='ltr'><strong>anagogicum</strong></span> 
     </span>
    </p>
   </div>
   <div class='ocr_carea' id='block_1_29' title="bbox 943 695 1718 730">
    <p class='ocr_par' dir='ltr' id='par_1_29' title="bbox 943 695 1718 730">
     <span class='ocr_line' id='line_1_29' title="bbox 943 695 1718 730; baseline 0.003 -8"><span class='ocrx_word' id='word_1_212' title='bbox 943 701 1061 722; x_wconf 86' lang='lat' dir='ltr'><strong>sensum.</strong></span> <span class='ocrx_word' id='word_1_213' title='bbox 1077 695 1144 728; x_wconf 89' lang='lat' dir='ltr'><strong>Quid</strong></span> <span class='ocrx_word' id='word_1_214' title='bbox 1158 700 1201 723; x_wconf 83' lang='lat' dir='ltr'><strong>est</strong></span> <span class='ocrx_word' id='word_1_215' title='bbox 1219 700 1308 723; x_wconf 88' lang='lat' dir='ltr'><strong>autem</strong></span> <span class='ocrx_word' id='word_1_216' title='bbox 1320 695 1436 724; x_wconf 86' lang='lat' dir='ltr'><strong>litteram</strong></span> <span class='ocrx_word' id='word_1_217' title='bbox 1459 697 1615 730; x_wconf 88' lang='lat' dir='ltr'><strong>destruere,</strong></span> <span class='ocrx_word' id='word_1_218' title='bbox 1632 698 1654 724; x_wconf 88' lang='lat' dir='ltr'><strong>si</strong></span> <span class='ocrx_word' id='word_1_219' title='bbox 1668 697 1718 725; x_wconf 93' lang='lat' dir='ltr'><strong>hoc</strong></span> 
     </span>
    </p>
   </div>
   <div class='ocr_carea' id='block_1_30' title="bbox 942 739 1717 777">
    <p class='ocr_par' dir='ltr' id='par_1_30' title="bbox 942 739 1717 777">
     <span class='ocr_line' id='line_1_30' title="bbox 942 739 1717 777; baseline 0.004 -11"><span class='ocrx_word' id='word_1_220' title='bbox 942 747 995 766; x_wconf 90' lang='lat' dir='ltr'><strong>non</strong></span> <span class='ocrx_word' id='word_1_221' title='bbox 1013 740 1077 767; x_wconf 67' lang='lat' dir='ltr'><strong>est?</strong></span> <span class='ocrx_word' id='word_1_222' title='bbox 1097 739 1155 768; x_wconf 86' lang='lat' dir='ltr'><strong>Non</strong></span> <span class='ocrx_word' id='word_1_223' title='bbox 1170 741 1258 769; x_wconf 88' lang='lat' dir='ltr'><strong>minus</strong></span> <span class='ocrx_word' id='word_1_224' title='bbox 1272 742 1376 770; x_wconf 87' lang='lat' dir='ltr'><strong>validus</strong></span> <span class='ocrx_word' id='word_1_225' title='bbox 1388 746 1430 769; x_wconf 91' lang='lat' dir='ltr'><strong>est</strong></span> <span class='ocrx_word' id='word_1_226' title='bbox 1453 748 1567 777; x_wconf 87' lang='lat' dir='ltr'><strong>sequens</strong></span> <span class='ocrx_word' id='word_1_227' title='bbox 1588 742 1662 770; x_wconf 88' lang='lat' dir='ltr'><strong>locus</strong></span> <span class='ocrx_word' id='word_1_228' title='bbox 1684 750 1717 769; x_wconf 82' lang='lat' dir='ltr'><strong>ex</strong></span> 
     </span>
    </p>
   </div>
   <div class='ocr_carea' id='block_1_31' title="bbox 943 784 1718 822">
    <p class='ocr_par' dir='ltr' id='par_1_31' title="bbox 943 784 1718 822">
     <span class='ocr_line' id='line_1_31' title="bbox 943 784 1718 822; baseline 0.003 -10"><span class='ocrx_word' id='word_1_229' title='bbox 943 784 1030 819; x_wconf 88' lang='lat' dir='ltr'><strong>Epist.</strong></span> <span class='ocrx_word' id='word_1_230' title='bbox 1059 785 1091 813; x_wconf 91' lang='lat' dir='ltr'><strong>ad</strong></span> <span class='ocrx_word' id='word_1_231' title='bbox 1114 785 1167 813; x_wconf 85' lang='lat' dir='ltr'><strong>Tit.</strong></span> <span class='ocrx_word' id='word_1_232' title='bbox 1182 794 1201 819; x_wconf 90' lang='lat' dir='ltr'><strong>i,</strong></span> <span class='ocrx_word' id='word_1_233' title='bbox 1216 786 1234 813; x_wconf 69' lang='lat'><strong>2</strong></span> <span class='ocrx_word' id='word_1_234' title='bbox 1251 797 1257 815; x_wconf 88' lang='lat'>:</span> <span class='ocrx_word' id='word_1_235' title='bbox 1272 795 1282 812; x_wconf 74' lang='grc' dir='ltr'>ι</span> <span class='ocrx_word' id='word_1_236' title='bbox 1295 785 1374 822; x_wconf 88' lang='lat' dir='ltr'><strong>Spem</strong></span> <span class='ocrx_word' id='word_1_237' title='bbox 1403 787 1464 814; x_wconf 78' lang='lat' dir='ltr'><strong>vita:</strong></span> <span class='ocrx_word' id='word_1_238' title='bbox 1484 792 1606 820; x_wconf 67' lang='lat' dir='ltr'><strong>aeternae,</strong></span> <span class='ocrx_word' id='word_1_239' title='bbox 1637 794 1718 822; x_wconf 89' lang='lat' dir='ltr'><strong>quam</strong></span> 
     </span>
    </p>
   </div>
   <div class='ocr_carea' id='block_1_32' title="bbox 944 830 1714 866">
    <p class='ocr_par' dir='ltr' id='par_1_32' title="bbox 944 830 1714 866">
     <span class='ocr_line' id='line_1_32' title="bbox 944 830 1714 866; baseline 0 -9"><span class='ocrx_word' id='word_1_240' title='bbox 944 830 1065 864; x_wconf 84' lang='lat' dir='ltr'><strong>promisit</strong></span> <span class='ocrx_word' id='word_1_241' title='bbox 1080 839 1130 858; x_wconf 92' lang='lat' dir='ltr'><strong>non</strong></span> <span class='ocrx_word' id='word_1_242' title='bbox 1144 831 1258 858; x_wconf 84' lang='lat' dir='ltr'><strong>mendax</strong></span> <span class='ocrx_word' id='word_1_243' title='bbox 1278 831 1348 859; x_wconf 87' lang='lat' dir='ltr'><strong>Deus</strong></span> <span class='ocrx_word' id='word_1_244' title='bbox 1365 836 1428 859; x_wconf 85' lang='lat' dir='ltr'><strong>ante</strong></span> <span class='ocrx_word' id='word_1_245' title='bbox 1440 836 1558 866; x_wconf 86' lang='lat' dir='ltr'><strong>tempora</strong></span> <span class='ocrx_word' id='word_1_246' title='bbox 1569 837 1669 859; x_wconf 63' lang='lat' dir='ltr'><strong>aeterna</strong></span> <span class='ocrx_word' id='word_1_247' title='bbox 1683 841 1690 860; x_wconf 85' lang='lat'><strong>:</strong></span> <span class='ocrx_word' id='word_1_248' title='bbox 1705 841 1714 857; x_wconf 73' lang='grc' dir='ltr'>ι</span> 
     </span>
    </p>
   </div>
   <div class='ocr_carea' id='block_1_33' title="bbox 104 863 899 912">
    <p class='ocr_par' dir='ltr' id='par_1_33' title="bbox 104 863 891 912">
     <span class='ocr_line' id='line_1_33' title="bbox 104 863 891 912; baseline 0.005 -11"><span class='ocrx_word' id='word_1_249' title='bbox 104 863 241 909; x_wconf 72' lang='lat' dir='ltr'><strong>intelligi,</strong></span> <span class='ocrx_word' id='word_1_250' title='bbox 255 879 284 902; x_wconf 91' lang='lat' dir='ltr'><strong>et</strong></span> <span class='ocrx_word' id='word_1_251' title='bbox 306 882 366 902; x_wconf 91' lang='lat' dir='ltr'><strong>cum</strong></span> <span class='ocrx_word' id='word_1_252' title='bbox 390 875 429 902; x_wconf 86' lang='lat' dir='ltr'><strong>ait</strong></span> <span class='ocrx_word' id='word_1_253' title='bbox 453 874 595 910; x_wconf 83' lang='lat' dir='ltr'><strong>Scriptura</strong></span> <span class='ocrx_word' id='word_1_254' title='bbox 611 863 724 904; x_wconf 69' lang='grc' dir='ltr'>αἰωνίαν</span> <span class='ocrx_word' id='word_1_255' title='bbox 737 883 797 905; x_wconf 86' lang='lat' dir='ltr'><strong>esse</strong></span> <span class='ocrx_word' id='word_1_256' title='bbox 812 877 891 912; x_wconf 91' lang='lat' dir='ltr'><strong>puni-</strong></span> 
     </span>
    </p>
   </div>
   <div class='ocr_carea' id='block_1_34' title="bbox 942 863 1716 912">
    <p class='ocr_par' dir='ltr' id='par_1_34' title="bbox 943 863 1716 912">
     <span class='ocr_line' id='line_1_34' title="bbox 943 863 1716 912; baseline 0 -9"><span class='ocrx_word' id='word_1_257' title='bbox 943 863 1035 904; x_wconf 70' lang='lat' dir='ltr'><strong>Craece</strong></span> <span class='ocrx_word' id='word_1_258' title='bbox 1055 876 1109 912; x_wconf 77' lang='grc' dir='ltr'>πρὸ</span> <span class='ocrx_word' id='word_1_259' title='bbox 1123 876 1225 912; x_wconf 82' lang='grc' dir='ltr'>χρόνων</span> <span class='ocrx_word' id='word_1_260' title='bbox 1242 876 1366 904; x_wconf 72' lang='grc' dir='ltr'>αἰωνίων.</span> <span class='ocrx_word' id='word_1_261' title='bbox 1385 886 1395 903; x_wconf 73' lang='grc' dir='ltr'>ι</span> <span class='ocrx_word' id='word_1_262' title='bbox 1410 877 1475 905; x_wconf 86' lang='lat' dir='ltr'><strong>Cum</strong></span> <span class='ocrx_word' id='word_1_263' title='bbox 1492 863 1593 908; x_wconf 82' lang='lat' dir='ltr'><strong>autem,</strong></span> <span class='ocrx_word' id='word_1_264' title='bbox 1620 877 1716 912; x_wconf 90' lang='lat' dir='ltr'><strong>inquit,</strong></span> 
     </span>
    </p>
   </div>
   <div class='ocr_carea' id='block_1_35' title="bbox 105 920 892 957">
    <p class='ocr_par' dir='ltr' id='par_1_35' title="bbox 105 920 892 957">
     <span class='ocr_line' id='line_1_35' title="bbox 105 920 892 957; baseline 0.004 -10"><span class='ocrx_word' id='word_1_265' title='bbox 105 921 221 953; x_wconf 84' lang='lat' dir='ltr'><strong>tionem,</strong></span> <span class='ocrx_word' id='word_1_266' title='bbox 244 921 350 948; x_wconf 86' lang='lat' dir='ltr'><strong>nonnisi</strong></span> <span class='ocrx_word' id='word_1_267' title='bbox 375 920 479 949; x_wconf 90' lang='lat' dir='ltr'><strong>ﬁnitum</strong></span> <span class='ocrx_word' id='word_1_268' title='bbox 496 926 601 956; x_wconf 84' lang='lat' dir='ltr'><strong>tempus</strong></span> <span class='ocrx_word' id='word_1_269' title='bbox 620 921 803 957; x_wconf 68' lang='lat' dir='ltr'><strong>signiﬁcare.»</strong></span> <span class='ocrx_word' id='word_1_270' title='bbox 824 923 892 951; x_wconf 83' lang='lat' dir='ltr'><strong>Tum</strong></span> 
     </span>
    </p>
   </div>
   <div class='ocr_carea' id='block_1_36' title="bbox 104 965 893 1004">
    <p class='ocr_par' dir='ltr' id='par_1_36' title="bbox 104 965 893 1004">
     <span class='ocr_line' id='line_1_36' title="bbox 104 965 893 1004; baseline 0.003 -11"><span class='ocrx_word' id='word_1_271' title='bbox 104 965 220 998; x_wconf 80' lang='lat' dir='ltr'><strong>fatetur,</strong></span> <span class='ocrx_word' id='word_1_272' title='bbox 236 967 277 993; x_wconf 83' lang='grc' dir='ltr'>ὅτι</span> <span class='ocrx_word' id='word_1_273' title='bbox 292 966 332 1002; x_wconf 80' lang='grc' dir='ltr'>τῷ</span> <span class='ocrx_word' id='word_1_274' title='bbox 350 966 407 994; x_wconf 77' lang='grc' dir='ltr'>ὄντι</span> <span class='ocrx_word' id='word_1_275' title='bbox 420 967 451 994; x_wconf 77' lang='grc' dir='ltr'>τὸ</span> <span class='ocrx_word' id='word_1_276' title='bbox 472 967 519 994; x_wconf 82' lang='grc' dir='ltr'><strong>τοῦ</strong></span> <span class='ocrx_word' id='word_1_277' title='bbox 539 966 645 1000; x_wconf 72' lang='grc' dir='ltr'><strong>αἰῶνος</strong></span> <span class='ocrx_word' id='word_1_278' title='bbox 658 967 743 1003; x_wconf 75' lang='grc' dir='ltr'>ὄνομα</span> <span class='ocrx_word' id='word_1_279' title='bbox 756 968 803 995; x_wconf 78' lang='grc' dir='ltr'>καὶ</span> <span class='ocrx_word' id='word_1_280' title='bbox 819 968 893 1004; x_wconf 81' lang='grc' dir='ltr'>παρὰ</span> 
     </span>
    </p>
   </div>
   <div class='ocr_carea' id='block_1_37' title="bbox 104 1011 892 1049">
    <p class='ocr_par' dir='ltr' id='par_1_37' title="bbox 104 1011 892 1049">
     <span class='ocr_line' id='line_1_37' title="bbox 104 1011 892 1049; baseline 0.003 -12"><span class='ocrx_word' id='word_1_281' title='bbox 104 1012 165 1042; x_wconf 78' lang='grc' dir='ltr'>τοῖς</span> <span class='ocrx_word' id='word_1_282' title='bbox 178 1011 239 1043; x_wconf 79' lang='grc' dir='ltr'><strong>ἔξω,</strong></span> <span class='ocrx_word' id='word_1_283' title='bbox 257 1013 303 1039; x_wconf 78' lang='grc' dir='ltr'><strong>καὶ</strong></span> <span class='ocrx_word' id='word_1_284' title='bbox 319 1012 393 1048; x_wconf 80' lang='grc' dir='ltr'>παρὰ</span> <span class='ocrx_word' id='word_1_285' title='bbox 408 1013 441 1048; x_wconf 85' lang='grc' dir='ltr'><strong>τῇ</strong></span> <span class='ocrx_word' id='word_1_286' title='bbox 458 1012 551 1048; x_wconf 82' lang='grc' dir='ltr'>Γραφῇ</span> <span class='ocrx_word' id='word_1_287' title='bbox 570 1012 698 1045; x_wconf 82' lang='grc' dir='ltr'><strong>πολλάκις</strong></span> <span class='ocrx_word' id='word_1_288' title='bbox 715 1012 761 1039; x_wconf 79' lang='grc' dir='ltr'><strong>ἐπὶ</strong></span> <span class='ocrx_word' id='word_1_289' title='bbox 772 1013 892 1049; x_wconf 64' lang='grc' dir='ltr'><strong>ὡρισμέκ</strong></span> 
     </span>
    </p>
   </div>
   <div class='ocr_carea' id='block_1_38' title="bbox 104 1056 894 1092">
    <p class='ocr_par' dir='ltr' id='par_1_38' title="bbox 104 1056 894 1092">
     <span class='ocr_line' id='line_1_38' title="bbox 104 1056 894 1092; baseline 0.003 -9"><span class='ocrx_word' id='word_1_290' title='bbox 104 1064 156 1083; x_wconf 82' lang='grc' dir='ltr'>νου</span> <span class='ocrx_word' id='word_1_291' title='bbox 173 1057 269 1092; x_wconf 83' lang='grc' dir='ltr'>χρόνου</span> <span class='ocrx_word' id='word_1_292' title='bbox 285 1056 461 1092; x_wconf 78' lang='grc' dir='ltr'>λαμϐάνεται·</span> <span class='ocrx_word' id='word_1_293' title='bbox 481 1067 490 1083; x_wconf 80' lang='grc' dir='ltr'>ι</span> <span class='ocrx_word' id='word_1_294' title='bbox 504 1057 609 1085; x_wconf 80' lang='lat' dir='ltr'><strong>Revera</strong></span> <span class='ocrx_word' id='word_1_295' title='bbox 621 1065 717 1085; x_wconf 93' lang='lat' dir='ltr'><strong>nomen</strong></span> <span class='ocrx_word' id='word_1_296' title='bbox 746 1058 851 1091; x_wconf 72' lang='grc' dir='ltr'>αἰῶνος,</span> <span class='ocrx_word' id='word_1_297' title='bbox 865 1063 894 1086; x_wconf 89' lang='lat' dir='ltr'><strong>et</strong></span> 
     </span>
    </p>
   </div>
   <div class='ocr_carea' id='block_1_39' title="bbox 103 1102 893 1139">
    <p class='ocr_par' dir='ltr' id='par_1_39' title="bbox 103 1102 893 1139">
     <span class='ocr_line' id='line_1_39' title="bbox 103 1102 893 1139; baseline 0.004 -10"><span class='ocrx_word' id='word_1_298' title='bbox 103 1102 180 1137; x_wconf 75' lang='lat' dir='ltr'><strong>apud</strong></span> <span class='ocrx_word' id='word_1_299' title='bbox 190 1102 318 1138; x_wconf 86' lang='lat' dir='ltr'><strong>profanos</strong></span> <span class='ocrx_word' id='word_1_300' title='bbox 332 1107 470 1136; x_wconf 86' lang='lat' dir='ltr'><strong>auctores,</strong></span> <span class='ocrx_word' id='word_1_301' title='bbox 491 1107 518 1131; x_wconf 87' lang='lat' dir='ltr'><strong>et</strong></span> <span class='ocrx_word' id='word_1_302' title='bbox 539 1103 565 1131; x_wconf 87' lang='lat' dir='ltr'><strong>in</strong></span> <span class='ocrx_word' id='word_1_303' title='bbox 590 1103 731 1138; x_wconf 74' lang='lat' dir='ltr'><strong>Scriptum</strong></span> <span class='ocrx_word' id='word_1_304' title='bbox 749 1111 820 1138; x_wconf 65' lang='lat' dir='ltr'><strong>saepe</strong></span> <span class='ocrx_word' id='word_1_305' title='bbox 844 1111 893 1139; x_wconf 88' lang='lat' dir='ltr'><strong>pro</strong></span> 
     </span>
    </p>
   </div>
   <div class='ocr_carea' id='block_1_40' title="bbox 104 1148 891 1185">
    <p class='ocr_par' dir='ltr' id='par_1_40' title="bbox 104 1148 891 1185">
     <span class='ocr_line' id='line_1_40' title="bbox 104 1148 891 1185; baseline 0.003 -10"><span class='ocrx_word' id='word_1_306' title='bbox 104 1148 187 1175; x_wconf 84' lang='lat' dir='ltr'><strong>ﬁnito</strong></span> <span class='ocrx_word' id='word_1_307' title='bbox 205 1152 324 1183; x_wconf 88' lang='lat' dir='ltr'><strong>tempore</strong></span> <span class='ocrx_word' id='word_1_308' title='bbox 342 1149 422 1177; x_wconf 90' lang='lat' dir='ltr'><strong>sumi.</strong></span> <span class='ocrx_word' id='word_1_309' title='bbox 435 1158 445 1175; x_wconf 76' lang='grc' dir='ltr'>ι</span> <span class='ocrx_word' id='word_1_310' title='bbox 468 1148 623 1183; x_wconf 86' lang='lat' dir='ltr'><strong>Subjectam</strong></span> <span class='ocrx_word' id='word_1_311' title='bbox 652 1156 717 1176; x_wconf 90' lang='lat' dir='ltr'><strong>vero</strong></span> <span class='ocrx_word' id='word_1_312' title='bbox 737 1148 891 1185; x_wconf 82' lang='lat' dir='ltr'><strong>Origeniani</strong></span> 
     </span>
    </p>
   </div>
   <div class='ocr_carea' id='block_1_41' title="bbox 107 1193 911 1231">
    <p class='ocr_par' dir='ltr' id='par_1_41' title="bbox 107 1193 911 1231">
     <span class='ocr_line' id='line_1_41' title="bbox 107 1193 911 1231; baseline 0.002 -11"><span class='ocrx_word' id='word_1_313' title='bbox 107 1193 190 1228; x_wconf 87' lang='lat' dir='ltr'><strong>hujus</strong></span> <span class='ocrx_word' id='word_1_314' title='bbox 210 1193 345 1228; x_wconf 80' lang='lat' dir='ltr'><strong>dogmatis</strong></span> <span class='ocrx_word' id='word_1_315' title='bbox 364 1193 576 1222; x_wconf 86' lang='lat' dir='ltr'><strong>confutationem</strong></span> <span class='ocrx_word' id='word_1_316' title='bbox 600 1194 634 1222; x_wconf 89' lang='lat' dir='ltr'><strong>ab</strong></span> <span class='ocrx_word' id='word_1_317' title='bbox 649 1195 709 1223; x_wconf 88' lang='lat' dir='ltr'><strong>aliis</strong></span> <span class='ocrx_word' id='word_1_318' title='bbox 719 1195 775 1231; x_wconf 87' lang='lat' dir='ltr'><strong>jam</strong></span> <span class='ocrx_word' id='word_1_319' title='bbox 791 1195 892 1223; x_wconf 87' lang='lat' dir='ltr'><strong>contri-</strong></span> <span class='ocrx_word' id='word_1_320' title='bbox 909 1204 911 1206; x_wconf 94' lang='grc'>·</span> 
     </span>
    </p>
   </div>
   <div class='ocr_carea' id='block_1_42' title="bbox 107 1240 329 1274">
    <p class='ocr_par' dir='ltr' id='par_1_42' title="bbox 107 1240 329 1274">
     <span class='ocr_line' id='line_1_42' title="bbox 107 1240 329 1274; baseline 0.005 -8"><span class='ocrx_word' id='word_1_321' title='bbox 107 1243 165 1266; x_wconf 86' lang='lat' dir='ltr'><strong>tam</strong></span> <span class='ocrx_word' id='word_1_322' title='bbox 178 1240 329 1274; x_wconf 90' lang='lat' dir='ltr'><strong>usurpavit.</strong></span> 
     </span>
    </p>
   </div>
   <div class='ocr_carea' id='block_1_43' title="bbox 143 1282 889 1324">
    <p class='ocr_par' dir='ltr' id='par_1_43' title="bbox 143 1282 889 1324">
     <span class='ocr_line' id='line_1_43' title="bbox 143 1282 889 1324; baseline 0.008 -12"><span class='ocrx_word' id='word_1_323' title='bbox 143 1284 277 1313; x_wconf 88' lang='lat' dir='ltr'><strong>Primitivi</strong></span> <span class='ocrx_word' id='word_1_324' title='bbox 305 1286 346 1313; x_wconf 89' lang='lat' dir='ltr'><strong>sui</strong></span> <span class='ocrx_word' id='word_1_325' title='bbox 376 1286 543 1315; x_wconf 81' lang='lat' dir='ltr'><strong>notationem</strong></span> <span class='ocrx_word' id='word_1_326' title='bbox 569 1294 743 1324; x_wconf 73' lang='lat' dir='ltr'><strong>repraesentat</strong></span> <span class='ocrx_word' id='word_1_327' title='bbox 772 1282 889 1322; x_wconf 75' lang='grc' dir='ltr'>αἶώνιος,</span> 
     </span>
    </p>
   </div>
   <div class='ocr_carea' id='block_1_44' title="bbox 106 1331 889 1370">
    <p class='ocr_par' dir='ltr' id='par_1_44' title="bbox 106 1331 889 1370">
     <span class='ocr_line' id='line_1_44' title="bbox 106 1331 889 1370; baseline 0.008 -12"><span class='ocrx_word' id='word_1_328' title='bbox 106 1338 166 1358; x_wconf 88' lang='lat' dir='ltr'><strong>rem</strong></span> <span class='ocrx_word' id='word_1_329' title='bbox 183 1331 304 1359; x_wconf 87' lang='lat' dir='ltr'><strong>indicans</strong></span> <span class='ocrx_word' id='word_1_330' title='bbox 318 1332 479 1367; x_wconf 87' lang='lat' dir='ltr'><strong>quandoque</strong></span> <span class='ocrx_word' id='word_1_331' title='bbox 492 1333 590 1360; x_wconf 84' lang='lat' dir='ltr'><strong>infiniti</strong></span> <span class='ocrx_word' id='word_1_332' title='bbox 604 1336 750 1369; x_wconf 87' lang='lat' dir='ltr'><strong>temporis;</strong></span> <span class='ocrx_word' id='word_1_333' title='bbox 765 1336 889 1370; x_wconf 89' lang='lat' dir='ltr'><strong>quando-</strong></span> 
     </span>
    </p>
   </div>
   <div class='ocr_carea' id='block_1_45' title="bbox 105 1378 891 1418">
    <p class='ocr_par' dir='ltr' id='par_1_45' title="bbox 105 1378 891 1418">
     <span class='ocr_line' id='line_1_45' title="bbox 105 1378 891 1418; baseline 0.009 -15"><span class='ocrx_word' id='word_1_334' title='bbox 105 1384 162 1412; x_wconf 87' lang='lat' dir='ltr'><strong>que</strong></span> <span class='ocrx_word' id='word_1_335' title='bbox 182 1385 238 1405; x_wconf 88' lang='lat' dir='ltr'><strong>rem</strong></span> <span class='ocrx_word' id='word_1_336' title='bbox 255 1378 322 1405; x_wconf 85' lang='lat' dir='ltr'><strong>certi</strong></span> <span class='ocrx_word' id='word_1_337' title='bbox 339 1379 468 1414; x_wconf 89' lang='lat' dir='ltr'><strong>temporis</strong></span> <span class='ocrx_word' id='word_1_338' title='bbox 491 1384 520 1407; x_wconf 90' lang='lat' dir='ltr'><strong>et</strong></span> <span class='ocrx_word' id='word_1_339' title='bbox 546 1381 694 1409; x_wconf 89' lang='lat' dir='ltr'><strong>terminati.</strong></span> <span class='ocrx_word' id='word_1_340' title='bbox 722 1381 891 1418; x_wconf 83' lang='lat' dir='ltr'><strong>Quapropter</strong></span> 
     </span>
    </p>
   </div>
   <div class='ocr_carea' id='block_1_46' title="bbox 105 1422 888 1462">
    <p class='ocr_par' dir='ltr' id='par_1_46' title="bbox 105 1422 888 1462">
     <span class='ocr_line' id='line_1_46' title="bbox 105 1422 888 1462; baseline 0.006 -11"><span class='ocrx_word' id='word_1_341' title='bbox 105 1422 250 1451; x_wconf 63' lang='lat' dir='ltr'><strong>saculares</strong></span> <span class='ocrx_word' id='word_1_342' title='bbox 261 1422 337 1450; x_wconf 91' lang='lat' dir='ltr'><strong>ludos</strong></span> <span class='ocrx_word' id='word_1_343' title='bbox 347 1425 468 1452; x_wconf 87' lang='lat' dir='ltr'><strong>centenis</strong></span> <span class='ocrx_word' id='word_1_344' title='bbox 483 1425 540 1453; x_wconf 91' lang='lat' dir='ltr'><strong>fere</strong></span> <span class='ocrx_word' id='word_1_345' title='bbox 554 1425 705 1462; x_wconf 87' lang='lat' dir='ltr'><strong>quibusque</strong></span> <span class='ocrx_word' id='word_1_346' title='bbox 719 1433 888 1456; x_wconf 83' lang='lat' dir='ltr'><strong>recurrentes</strong></span> 
     </span>
    </p>
   </div>
   <div class='ocr_carea' id='block_1_47' title="bbox 104 1468 890 1508">
    <p class='ocr_par' dir='ltr' id='par_1_47' title="bbox 104 1468 890 1508">
     <span class='ocr_line' id='line_1_47' title="bbox 104 1468 890 1508; baseline 0.009 -14"><span class='ocrx_word' id='word_1_347' title='bbox 104 1468 197 1500; x_wconf 88' lang='lat' dir='ltr'><strong>annis,</strong></span> <span class='ocrx_word' id='word_1_348' title='bbox 214 1469 340 1501; x_wconf 78' lang='grc' dir='ltr'><strong>αἰωνίους</strong></span> <span class='ocrx_word' id='word_1_349' title='bbox 352 1469 438 1497; x_wconf 74' lang='lat' dir='ltr'><strong>Gneci</strong></span> <span class='ocrx_word' id='word_1_350' title='bbox 455 1470 560 1498; x_wconf 84' lang='lat' dir='ltr'><strong>dixere.</strong></span> <span class='ocrx_word' id='word_1_351' title='bbox 576 1471 687 1500; x_wconf 87' lang='lat' dir='ltr'><strong>Frustra</strong></span> <span class='ocrx_word' id='word_1_352' title='bbox 700 1480 764 1508; x_wconf 78' lang='lat' dir='ltr'><strong>ergo</strong></span> <span class='ocrx_word' id='word_1_353' title='bbox 784 1473 812 1501; x_wconf 92' lang='lat' dir='ltr'><strong>in</strong></span> <span class='ocrx_word' id='word_1_354' title='bbox 831 1473 890 1501; x_wconf 91' lang='lat' dir='ltr'><strong>Ori-</strong></span> 
     </span>
    </p>
   </div>
   <div class='ocr_carea' id='block_1_48' title="bbox 103 1513 889 1553">
    <p class='ocr_par' dir='ltr' id='par_1_48' title="bbox 103 1513 889 1553">
     <span class='ocr_line' id='line_1_48' title="bbox 103 1513 889 1553; baseline 0.008 -12"><span class='ocrx_word' id='word_1_355' title='bbox 103 1513 185 1550; x_wconf 81' lang='lat' dir='ltr'><strong>genis</strong></span> <span class='ocrx_word' id='word_1_356' title='bbox 196 1514 311 1550; x_wconf 89' lang='lat' dir='ltr'><strong>gratiam</strong></span> <span class='ocrx_word' id='word_1_357' title='bbox 323 1519 351 1542; x_wconf 93' lang='lat' dir='ltr'><strong>et</strong></span> <span class='ocrx_word' id='word_1_358' title='bbox 370 1515 479 1543; x_wconf 88' lang='lat' dir='ltr'><strong>tutelam</strong></span> <span class='ocrx_word' id='word_1_359' title='bbox 493 1524 524 1544; x_wconf 89' lang='lat' dir='ltr'><strong>ea</strong></span> <span class='ocrx_word' id='word_1_360' title='bbox 541 1517 710 1546; x_wconf 90' lang='lat' dir='ltr'><strong>adducuntur</strong></span> <span class='ocrx_word' id='word_1_361' title='bbox 723 1519 889 1553; x_wconf 89' lang='lat' dir='ltr'><strong>testimonia,</strong></span> 
     </span>
    </p>
   </div>
   <div class='ocr_carea' id='block_1_49' title="bbox 104 1559 894 1599">
    <p class='ocr_par' dir='ltr' id='par_1_49' title="bbox 104 1559 894 1599">
     <span class='ocr_line' id='line_1_49' title="bbox 104 1559 894 1599; baseline 0.006 -13"><span class='ocrx_word' id='word_1_362' title='bbox 104 1559 134 1588; x_wconf 87' lang='lat' dir='ltr'><strong>in</strong></span> <span class='ocrx_word' id='word_1_363' title='bbox 149 1560 247 1595; x_wconf 87' lang='lat' dir='ltr'><strong>quibus</strong></span> <span class='ocrx_word' id='word_1_364' title='bbox 259 1560 394 1588; x_wconf 87' lang='lat' dir='ltr'><strong>infernum</strong></span> <span class='ocrx_word' id='word_1_365' title='bbox 414 1561 519 1596; x_wconf 87' lang='lat' dir='ltr'><strong>ignem,</strong></span> <span class='ocrx_word' id='word_1_366' title='bbox 543 1567 676 1590; x_wconf 84' lang='lat' dir='ltr'><strong>aeternum</strong></span> <span class='ocrx_word' id='word_1_367' title='bbox 694 1563 753 1591; x_wconf 90' lang='lat' dir='ltr'><strong>fore</strong></span> <span class='ocrx_word' id='word_1_368' title='bbox 774 1571 894 1599; x_wconf 84' lang='lat' dir='ltr'><strong>pronun-</strong></span> 
     </span>
    </p>
   </div>
   <div class='ocr_carea' id='block_1_50' title="bbox 104 1605 893 1642">
    <p class='ocr_par' dir='ltr' id='par_1_50' title="bbox 104 1605 893 1642">
     <span class='ocr_line' id='line_1_50' title="bbox 104 1605 893 1642; baseline 0.005 -9"><span class='ocrx_word' id='word_1_369' title='bbox 104 1607 168 1639; x_wconf 87' lang='lat' dir='ltr'><strong>tiat,</strong></span> <span class='ocrx_word' id='word_1_370' title='bbox 183 1606 226 1634; x_wconf 85' lang='lat' dir='ltr'><strong>vel</strong></span> <span class='ocrx_word' id='word_1_371' title='bbox 240 1611 267 1633; x_wconf 90' lang='lat' dir='ltr'><strong>ut</strong></span> <span class='ocrx_word' id='word_1_372' title='bbox 280 1605 372 1634; x_wconf 68' lang='lat' dir='ltr'><strong>Graece</strong></span> <span class='ocrx_word' id='word_1_373' title='bbox 388 1608 534 1642; x_wconf 86' lang='lat' dir='ltr'><strong>scribebat,</strong></span> <span class='ocrx_word' id='word_1_374' title='bbox 552 1608 662 1636; x_wconf 85' lang='grc' dir='ltr'>αἰώνιον</span> <span class='ocrx_word' id='word_1_375' title='bbox 679 1609 729 1637; x_wconf 89' lang='lat' dir='ltr'><strong>hac</strong></span> <span class='ocrx_word' id='word_1_376' title='bbox 744 1609 816 1638; x_wconf 90' lang='lat' dir='ltr'><strong>enim</strong></span> <span class='ocrx_word' id='word_1_377' title='bbox 827 1616 893 1637; x_wconf 89' lang='lat' dir='ltr'><strong>voce</strong></span> 
     </span>
    </p>
   </div>
   <div class='ocr_carea' id='block_1_51' title="bbox 107 1652 891 1689">
    <p class='ocr_par' dir='ltr' id='par_1_51' title="bbox 107 1652 891 1689">
     <span class='ocr_line' id='line_1_51' title="bbox 107 1652 891 1689; baseline 0.005 -11"><span class='ocrx_word' id='word_1_378' title='bbox 107 1652 234 1688; x_wconf 85' lang='lat' dir='ltr'><strong>longum,</strong></span> <span class='ocrx_word' id='word_1_379' title='bbox 256 1652 302 1679; x_wconf 86' lang='lat' dir='ltr'><strong>sed</strong></span> <span class='ocrx_word' id='word_1_380' title='bbox 326 1652 472 1680; x_wconf 81' lang='lat' dir='ltr'><strong>ﬁniendum</strong></span> <span class='ocrx_word' id='word_1_381' title='bbox 487 1658 592 1689; x_wconf 87' lang='lat' dir='ltr'><strong>tempus</strong></span> <span class='ocrx_word' id='word_1_382' title='bbox 612 1654 755 1683; x_wconf 67' lang='lat' dir='ltr'><strong>intellexit.</strong></span> <span class='ocrx_word' id='word_1_383' title='bbox 781 1654 891 1689; x_wconf 84' lang='lat' dir='ltr'><strong>Qualem</strong></span> 
     </span>
    </p>
   </div>
   <div class='ocr_carea' id='block_1_52' title="bbox 104 1698 891 1735">
    <p class='ocr_par' dir='ltr' id='par_1_52' title="bbox 104 1698 891 1735">
     <span class='ocr_line' id='line_1_52' title="bbox 104 1698 891 1735; baseline 0.005 -10"><span class='ocrx_word' id='word_1_384' title='bbox 104 1698 192 1733; x_wconf 77' lang='lat' dir='ltr'><strong>igitur</strong></span> <span class='ocrx_word' id='word_1_385' title='bbox 206 1698 270 1726; x_wconf 85' lang='lat' dir='ltr'><strong>huic</strong></span> <span class='ocrx_word' id='word_1_386' title='bbox 285 1699 414 1726; x_wconf 87' lang='lat' dir='ltr'><strong>vocabulo</strong></span> <span class='ocrx_word' id='word_1_387' title='bbox 443 1699 588 1735; x_wconf 77' lang='lat' dir='ltr'><strong>attingebat</strong></span> <span class='ocrx_word' id='word_1_388' title='bbox 605 1708 726 1734; x_wconf 85' lang='lat' dir='ltr'><strong>sensum,</strong></span> <span class='ocrx_word' id='word_1_389' title='bbox 748 1700 829 1728; x_wconf 88' lang='lat' dir='ltr'><strong>talem</strong></span> <span class='ocrx_word' id='word_1_390' title='bbox 853 1700 891 1729; x_wconf 91' lang='lat' dir='ltr'><strong>illi</strong></span> 
     </span>
    </p>
   </div>
   <div class='ocr_carea' id='block_1_53' title="bbox 105 1744 891 1778">
    <p class='ocr_par' dir='ltr' id='par_1_53' title="bbox 105 1744 891 1778">
     <span class='ocr_line' id='line_1_53' title="bbox 105 1744 891 1778; baseline 0.004 -7"><span class='ocrx_word' id='word_1_391' title='bbox 105 1751 123 1771; x_wconf 66' lang='grc' dir='ltr'>ε</span> <span class='ocrx_word' id='word_1_392' title='bbox 140 1744 318 1778; x_wconf 83' lang='lat' dir='ltr'><strong>scriptoribus</strong></span> <span class='ocrx_word' id='word_1_393' title='bbox 332 1745 419 1772; x_wconf 83' lang='lat' dir='ltr'><strong>sacris</strong></span> <span class='ocrx_word' id='word_1_394' title='bbox 441 1744 524 1772; x_wconf 90' lang='lat' dir='ltr'><strong>fuisse</strong></span> <span class='ocrx_word' id='word_1_395' title='bbox 539 1745 652 1773; x_wconf 81' lang='lat' dir='ltr'><strong>inditum</strong></span> <span class='ocrx_word' id='word_1_396' title='bbox 674 1746 812 1774; x_wconf 82' lang='lat' dir='ltr'><strong>censebat.</strong></span> <span class='ocrx_word' id='word_1_397' title='bbox 837 1746 891 1774; x_wconf 86' lang='lat' dir='ltr'><strong>Me-</strong></span> 
     </span>
    </p>
   </div>
   <div class='ocr_carea' id='block_1_54' title="bbox 106 1789 890 1828">
    <p class='ocr_par' dir='ltr' id='par_1_54' title="bbox 106 1789 890 1828">
     <span class='ocr_line' id='line_1_54' title="bbox 106 1789 890 1828; baseline 0.001 -12"><span class='ocrx_word' id='word_1_398' title='bbox 106 1790 241 1816; x_wconf 89' lang='lat' dir='ltr'><strong>moranda</strong></span> <span class='ocrx_word' id='word_1_399' title='bbox 251 1789 277 1816; x_wconf 91' lang='lat' dir='ltr'><strong>in</strong></span> <span class='ocrx_word' id='word_1_400' title='bbox 289 1790 316 1816; x_wconf 89' lang='lat' dir='ltr'><strong>id</strong></span> <span class='ocrx_word' id='word_1_401' title='bbox 330 1795 519 1824; x_wconf 81' lang='lat' dir='ltr'><strong>argumentum</strong></span> <span class='ocrx_word' id='word_1_402' title='bbox 539 1790 648 1823; x_wconf 79' lang='lat' dir='ltr'><strong>scripsit</strong></span> <span class='ocrx_word' id='word_1_403' title='bbox 672 1789 890 1828; x_wconf 47' lang='lat' dir='ltr'><strong>Augustinus&#39;in</strong></span> 
     </span>
    </p>
   </div>
   <div class='ocr_carea' id='block_1_55' title="bbox 104 1834 891 1870">
    <p class='ocr_par' dir='ltr' id='par_1_55' title="bbox 104 1834 891 1870">
     <span class='ocr_line' id='line_1_55' title="bbox 104 1834 891 1870; baseline 0.001 -9"><span class='ocrx_word' id='word_1_404' title='bbox 104 1834 198 1862; x_wconf 87' lang='lat' dir='ltr'><strong>libello</strong></span> <span class='ocrx_word' id='word_1_405' title='bbox 218 1840 309 1861; x_wconf 82' lang='lat' dir='ltr'><strong>contra</strong></span> <span class='ocrx_word' id='word_1_406' title='bbox 332 1834 551 1862; x_wconf 73' lang='lat' dir='ltr'><strong>Priscillianiuas</strong></span> <span class='ocrx_word' id='word_1_407' title='bbox 575 1840 599 1862; x_wconf 80' lang='grc' dir='ltr'><strong>ει</strong></span> <span class='ocrx_word' id='word_1_408' title='bbox 626 1834 806 1870; x_wconf 73' lang='lat' dir='ltr'><strong>Origem‘uas;</strong></span> <span class='ocrx_word' id='word_1_409' title='bbox 830 1843 891 1863; x_wconf 85' lang='lat' dir='ltr'><strong>naut</strong></span> 
     </span>
    </p>
   </div>
   <div class='ocr_carea' id='block_1_56' title="bbox 104 1879 891 1914">
    <p class='ocr_par' dir='ltr' id='par_1_56' title="bbox 104 1879 891 1914">
     <span class='ocr_line' id='line_1_56' title="bbox 104 1879 891 1914; baseline -0.001 -6"><span class='ocrx_word' id='word_1_410' title='bbox 104 1888 170 1908; x_wconf 87' lang='lat' dir='ltr'><strong>cum</strong></span> <span class='ocrx_word' id='word_1_411' title='bbox 191 1880 225 1908; x_wconf 89' lang='lat' dir='ltr'><strong>ad</strong></span> <span class='ocrx_word' id='word_1_412' title='bbox 240 1887 299 1907; x_wconf 89' lang='lat' dir='ltr'><strong>eum</strong></span> <span class='ocrx_word' id='word_1_413' title='bbox 323 1879 556 1907; x_wconf 80' lang='lat' dir='ltr'><strong>Commonitorium</strong></span> <span class='ocrx_word' id='word_1_414' title='bbox 581 1879 737 1914; x_wconf 81' lang='lat' dir='ltr'><strong>scripsisset</strong></span> <span class='ocrx_word' id='word_1_415' title='bbox 769 1880 891 1913; x_wconf 83' lang='lat' dir='ltr'><strong>Orosius,</strong></span> 
     </span>
    </p>
   </div>
   <div class='ocr_carea' id='block_1_57' title="bbox 103 1925 891 1961">
    <p class='ocr_par' dir='ltr' id='par_1_57' title="bbox 103 1925 891 1961">
     <span class='ocr_line' id='line_1_57' title="bbox 103 1925 891 1961; baseline 0 -8"><span class='ocrx_word' id='word_1_416' title='bbox 103 1926 180 1961; x_wconf 89' lang='lat' dir='ltr'><strong>quod</strong></span> <span class='ocrx_word' id='word_1_417' title='bbox 196 1926 258 1954; x_wconf 84' lang='lat' dir='ltr'><strong>huic</strong></span> <span class='ocrx_word' id='word_1_418' title='bbox 270 1926 411 1960; x_wconf 76' lang='lat' dir='ltr'><strong>Augustini</strong></span> <span class='ocrx_word' id='word_1_419' title='bbox 425 1925 552 1960; x_wconf 88' lang='lat' dir='ltr'><strong>opusculo</strong></span> <span class='ocrx_word' id='word_1_420' title='bbox 569 1926 670 1961; x_wconf 64' lang='lat' dir='ltr'><strong>prsligi</strong></span> <span class='ocrx_word' id='word_1_421' title='bbox 683 1925 767 1958; x_wconf 87' lang='lat' dir='ltr'><strong>solet,</strong></span> <span class='ocrx_word' id='word_1_422' title='bbox 788 1926 815 1953; x_wconf 90' lang='lat' dir='ltr'><strong>in</strong></span> <span class='ocrx_word' id='word_1_423' title='bbox 838 1934 891 1961; x_wconf 92' lang='lat' dir='ltr'><strong>quo</strong></span> 
     </span>
    </p>
   </div>
   <div class='ocr_carea' id='block_1_58' title="bbox 102 1971 890 2007">
    <p class='ocr_par' dir='ltr' id='par_1_58' title="bbox 102 1971 890 2007">
     <span class='ocr_line' id='line_1_58' title="bbox 102 1971 890 2007; baseline -0.003 -7"><span class='ocrx_word' id='word_1_424' title='bbox 102 1972 202 2007; x_wconf 81' lang='lat' dir='ltr'><strong>jactari</strong></span> <span class='ocrx_word' id='word_1_425' title='bbox 217 1980 249 2000; x_wconf 90' lang='lat' dir='ltr'><strong>ex</strong></span> <span class='ocrx_word' id='word_1_426' title='bbox 265 1971 392 2007; x_wconf 86' lang='lat' dir='ltr'><strong>Origenis</strong></span> <span class='ocrx_word' id='word_1_427' title='bbox 409 1971 486 2000; x_wconf 81' lang='lat' dir='ltr'><strong>libris</strong></span> <span class='ocrx_word' id='word_1_428' title='bbox 507 1971 723 2006; x_wconf 84' lang='lat' dir='ltr'><strong>conquerebatur</strong></span> <span class='ocrx_word' id='word_1_429' title='bbox 744 1976 890 1998; x_wconf 76' lang='lat' dir='ltr'><strong>tartareuzn</strong></span> 
     </span>
    </p>
   </div>
   <div class='ocr_carea' id='block_1_59' title="bbox 105 2017 891 2053">
    <p class='ocr_par' dir='ltr' id='par_1_59' title="bbox 105 2017 891 2053">
     <span class='ocr_line' id='line_1_59' title="bbox 105 2017 891 2053; baseline -0.001 -8"><span class='ocrx_word' id='word_1_430' title='bbox 105 2018 183 2046; x_wconf 89' lang='lat' dir='ltr'><strong>illum</strong></span> <span class='ocrx_word' id='word_1_431' title='bbox 200 2018 300 2053; x_wconf 87' lang='lat' dir='ltr'><strong>ignem,</strong></span> <span class='ocrx_word' id='word_1_432' title='bbox 316 2018 361 2053; x_wconf 89' lang='lat' dir='ltr'><strong>qui</strong></span> <span class='ocrx_word' id='word_1_433' title='bbox 385 2021 502 2045; x_wconf 72' lang='lat' dir='ltr'><strong>aeternus</strong></span> <span class='ocrx_word' id='word_1_434' title='bbox 519 2017 689 2051; x_wconf 81' lang='lat' dir='ltr'><strong>praedicatur,</strong></span> <span class='ocrx_word' id='word_1_435' title='bbox 719 2025 729 2041; x_wconf 80' lang='grc' dir='ltr'>ι</span> <span class='ocrx_word' id='word_1_436' title='bbox 737 2017 814 2052; x_wconf 86' lang='lat' dir='ltr'><strong>juxta</strong></span> <span class='ocrx_word' id='word_1_437' title='bbox 833 2022 891 2053; x_wconf 86' lang='lat' dir='ltr'><strong>ety-</strong></span> 
     </span>
    </p>
   </div>
   <div class='ocr_carea' id='block_1_60' title="bbox 105 2061 891 2099">
    <p class='ocr_par' dir='ltr' id='par_1_60' title="bbox 105 2061 891 2099">
     <span class='ocr_line' id='line_1_60' title="bbox 105 2061 891 2099; baseline -0.004 -7"><span class='ocrx_word' id='word_1_438' title='bbox 105 2064 252 2099; x_wconf 85' lang='lat' dir='ltr'><strong>mologiam</strong></span> <span class='ocrx_word' id='word_1_439' title='bbox 265 2065 388 2092; x_wconf 74' lang='lat' dir='ltr'><strong>Graecam</strong></span> <span class='ocrx_word' id='word_1_440' title='bbox 401 2071 453 2090; x_wconf 92' lang='lat' dir='ltr'><strong>non</strong></span> <span class='ocrx_word' id='word_1_441' title='bbox 469 2070 529 2090; x_wconf 88' lang='lat' dir='ltr'><strong>esse</strong></span> <span class='ocrx_word' id='word_1_442' title='bbox 547 2066 718 2097; x_wconf 83' lang='lat' dir='ltr'><strong>perpetuum,</strong></span> <span class='ocrx_word' id='word_1_443' title='bbox 734 2063 814 2090; x_wconf 87' lang='lat' dir='ltr'><strong>etiam</strong></span> <span class='ocrx_word' id='word_1_444' title='bbox 838 2061 891 2089; x_wconf 87' lang='lat' dir='ltr'><strong>La-</strong></span> 
     </span>
    </p>
   </div>
   <div class='ocr_carea' id='block_1_61' title="bbox 105 2107 891 2143">
    <p class='ocr_par' dir='ltr' id='par_1_61' title="bbox 105 2107 891 2143">
     <span class='ocr_line' id='line_1_61' title="bbox 105 2107 891 2143; baseline -0.004 -6"><span class='ocrx_word' id='word_1_445' title='bbox 105 2111 166 2137; x_wconf 91' lang='lat' dir='ltr'><strong>tino</strong></span> <span class='ocrx_word' id='word_1_446' title='bbox 184 2110 335 2137; x_wconf 88' lang='lat' dir='ltr'><strong>testimonio</strong></span> <span class='ocrx_word' id='word_1_447' title='bbox 356 2109 470 2143; x_wconf 86' lang='lat' dir='ltr'><strong>adjecto,</strong></span> <span class='ocrx_word' id='word_1_448' title='bbox 488 2107 550 2143; x_wconf 84' lang='lat' dir='ltr'><strong>quia</strong></span> <span class='ocrx_word' id='word_1_449' title='bbox 571 2108 670 2135; x_wconf 81' lang='lat' dir='ltr'><strong>dictum</strong></span> <span class='ocrx_word' id='word_1_450' title='bbox 690 2107 737 2141; x_wconf 87' lang='lat' dir='ltr'><strong>sit,</strong></span> <span class='ocrx_word' id='word_1_451' title='bbox 760 2107 794 2134; x_wconf 84' lang='lat' dir='ltr'><strong>In</strong></span> <span class='ocrx_word' id='word_1_452' title='bbox 816 2113 891 2135; x_wconf 75' lang='lat' dir='ltr'><strong>mter—</strong></span> 
     </span>
    </p>
   </div>
   <div class='ocr_carea' id='block_1_62' title="bbox 105 2153 890 2189">
    <p class='ocr_par' dir='ltr' id='par_1_62' title="bbox 105 2153 890 2189">
     <span class='ocr_line' id='line_1_62' title="bbox 105 2153 890 2189; baseline -0.004 -6"><span class='ocrx_word' id='word_1_453' title='bbox 105 2164 182 2189; x_wconf 85' lang='lat' dir='ltr'><strong>num,</strong></span> <span class='ocrx_word' id='word_1_454' title='bbox 197 2160 226 2183; x_wconf 87' lang='lat' dir='ltr'><strong>et</strong></span> <span class='ocrx_word' id='word_1_455' title='bbox 236 2155 269 2182; x_wconf 84' lang='lat' dir='ltr'><strong>In</strong></span> <span class='ocrx_word' id='word_1_456' title='bbox 280 2155 403 2183; x_wconf 61' lang='lat' dir='ltr'><strong>naculum</strong></span> <span class='ocrx_word' id='word_1_457' title='bbox 417 2154 507 2182; x_wconf 62' lang='lat' dir='ltr'><strong>saeculi</strong></span> <span class='ocrx_word' id='word_1_458' title='bbox 514 2163 525 2186; x_wconf 92' lang='lat'><em>;</em></span> <span class='ocrx_word' id='word_1_459' title='bbox 536 2162 546 2180; x_wconf 75' lang='grc' dir='ltr'>ι</span> <span class='ocrx_word' id='word_1_460' title='bbox 570 2153 713 2189; x_wconf 85' lang='lat' dir='ltr'><strong>respondet</strong></span> <span class='ocrx_word' id='word_1_461' title='bbox 725 2153 890 2189; x_wconf 83' lang='lat' dir='ltr'><strong>Augustinus</strong></span> 
     </span>
    </p>
   </div>
   <div class='ocr_carea' id='block_1_63' title="bbox 105 2199 890 2237">
    <p class='ocr_par' dir='ltr' id='par_1_63' title="bbox 105 2199 890 2237">
     <span class='ocr_line' id='line_1_63' title="bbox 105 2199 890 2237; baseline -0.004 -8"><span class='ocrx_word' id='word_1_462' title='bbox 105 2210 168 2237; x_wconf 88' lang='lat' dir='ltr'><strong>cap.</strong></span> <span class='ocrx_word' id='word_1_463' title='bbox 185 2202 202 2229; x_wconf 85' lang='grc'>6</span> <span class='ocrx_word' id='word_1_464' title='bbox 214 2207 241 2229; x_wconf 90' lang='lat' dir='ltr'><strong>et</strong></span> <span class='ocrx_word' id='word_1_465' title='bbox 254 2202 282 2234; x_wconf 87' lang='lat'><strong>7,</strong></span> <span class='ocrx_word' id='word_1_466' title='bbox 303 2201 437 2237; x_wconf 88' lang='lat' dir='ltr'><strong>geminum</strong></span> <span class='ocrx_word' id='word_1_467' title='bbox 453 2207 515 2227; x_wconf 89' lang='lat' dir='ltr'><strong>esse</strong></span> <span class='ocrx_word' id='word_1_468' title='bbox 534 2199 698 2227; x_wconf 88' lang='lat' dir='ltr'><strong>intellectum</strong></span> <span class='ocrx_word' id='word_1_469' title='bbox 718 2200 792 2227; x_wconf 84' lang='lat' dir='ltr'><strong>vocis</strong></span> <span class='ocrx_word' id='word_1_470' title='bbox 812 2199 890 2233; x_wconf 75' lang='grc' dir='ltr'>αξὼν,</span> 
     </span>
    </p>
   </div>
   <div class='ocr_carea' id='block_1_64' title="bbox 105 2243 891 2279">
    <p class='ocr_par' dir='ltr' id='par_1_64' title="bbox 105 2243 891 2279">
     <span class='ocr_line' id='line_1_64' title="bbox 105 2243 891 2279; baseline 0 -8"><span class='ocrx_word' id='word_1_471' title='bbox 105 2245 254 2279; x_wconf 87' lang='lat' dir='ltr'><strong>aliquando</strong></span> <span class='ocrx_word' id='word_1_472' title='bbox 270 2244 397 2272; x_wconf 70' lang='lat' dir='ltr'><strong>saeculum</strong></span> <span class='ocrx_word' id='word_1_473' title='bbox 411 2263 419 2276; x_wconf 91' lang='lat'><strong>,</strong></span> <span class='ocrx_word' id='word_1_474' title='bbox 436 2243 580 2278; x_wconf 83' lang='lat' dir='ltr'><strong>aliquando</strong></span> <span class='ocrx_word' id='word_1_475' title='bbox 603 2244 779 2271; x_wconf 64' lang='lat' dir='ltr'><strong>aeternitatem</strong></span> <span class='ocrx_word' id='word_1_476' title='bbox 796 2248 891 2271; x_wconf 89' lang='lat' dir='ltr'><strong>notan-</strong></span> 
     </span>
    </p>
   </div>
   <div class='ocr_carea' id='block_1_65' title="bbox 106 2288 892 2324">
    <p class='ocr_par' dir='ltr' id='par_1_65' title="bbox 106 2288 892 2324">
     <span class='ocr_line' id='line_1_65' title="bbox 106 2288 892 2324; baseline -0.003 -6"><span class='ocrx_word' id='word_1_477' title='bbox 106 2290 159 2324; x_wconf 84' lang='lat' dir='ltr'><strong>tis;</strong></span> <span class='ocrx_word' id='word_1_478' title='bbox 172 2294 201 2317; x_wconf 89' lang='lat' dir='ltr'><strong>at</strong></span> <span class='ocrx_word' id='word_1_479' title='bbox 213 2297 306 2318; x_wconf 88' lang='lat' dir='ltr'><strong>vocem</strong></span> <span class='ocrx_word' id='word_1_480' title='bbox 320 2288 428 2320; x_wconf 76' lang='grc' dir='ltr'>αἰώνιος</span> <span class='ocrx_word' id='word_1_481' title='bbox 444 2290 524 2316; x_wconf 89' lang='lat' dir='ltr'><strong>rebus</strong></span> <span class='ocrx_word' id='word_1_482' title='bbox 545 2288 598 2316; x_wconf 85' lang='lat' dir='ltr'><strong>line</strong></span> <span class='ocrx_word' id='word_1_483' title='bbox 622 2289 776 2316; x_wconf 86' lang='lat' dir='ltr'><strong>carentibus</strong></span> <span class='ocrx_word' id='word_1_484' title='bbox 792 2289 892 2324; x_wconf 88' lang='lat' dir='ltr'><strong>imponi</strong></span> 
     </span>
    </p>
   </div>
   <div class='ocr_carea' id='block_1_66' title="bbox 105 2335 890 2370">
    <p class='ocr_par' dir='ltr' id='par_1_66' title="bbox 105 2335 890 2370">
     <span class='ocr_line' id='line_1_66' title="bbox 105 2335 890 2370; baseline -0.004 -6"><span class='ocrx_word' id='word_1_485' title='bbox 105 2336 206 2364; x_wconf 80' lang='lat' dir='ltr'><strong>solere.</strong></span> <span class='ocrx_word' id='word_1_486' title='bbox 221 2335 296 2369; x_wconf 91' lang='lat' dir='ltr'><strong>Quod</strong></span> <span class='ocrx_word' id='word_1_487' title='bbox 315 2335 351 2363; x_wconf 88' lang='lat' dir='ltr'><strong>ita</strong></span> <span class='ocrx_word' id='word_1_488' title='bbox 368 2340 456 2362; x_wconf 90' lang='lat' dir='ltr'><strong>tamen</strong></span> <span class='ocrx_word' id='word_1_489' title='bbox 472 2342 525 2362; x_wconf 92' lang='lat' dir='ltr'><strong>non</strong></span> <span class='ocrx_word' id='word_1_490' title='bbox 542 2340 602 2361; x_wconf 87' lang='lat' dir='ltr'><strong>esse</strong></span> <span class='ocrx_word' id='word_1_491' title='bbox 622 2339 649 2362; x_wconf 90' lang='lat' dir='ltr'><strong>et</strong></span> <span class='ocrx_word' id='word_1_492' title='bbox 665 2342 714 2362; x_wconf 89' lang='lat' dir='ltr'><strong>nos</strong></span> <span class='ocrx_word' id='word_1_493' title='bbox 734 2342 814 2369; x_wconf 88' lang='lat' dir='ltr'><strong>supra</strong></span> <span class='ocrx_word' id='word_1_494' title='bbox 827 2342 890 2370; x_wconf 91' lang='lat' dir='ltr'><strong>pro-</strong></span> 
     </span>
    </p>
   </div>
   <div class='ocr_carea' id='block_1_67' title="bbox 106 2381 892 2417">
    <p class='ocr_par' dir='ltr' id='par_1_67' title="bbox 106 2381 892 2417">
     <span class='ocr_line' id='line_1_67' title="bbox 106 2381 892 2417; baseline -0.005 -6"><span class='ocrx_word' id='word_1_495' title='bbox 106 2384 242 2416; x_wconf 88' lang='lat' dir='ltr'><strong>bavimus,</strong></span> <span class='ocrx_word' id='word_1_496' title='bbox 263 2387 290 2410; x_wconf 90' lang='lat' dir='ltr'><strong>et</strong></span> <span class='ocrx_word' id='word_1_497' title='bbox 304 2382 382 2410; x_wconf 81' lang='lat' dir='ltr'><strong>facile</strong></span> <span class='ocrx_word' id='word_1_498' title='bbox 399 2383 529 2417; x_wconf 88' lang='lat' dir='ltr'><strong>probatur</strong></span> <span class='ocrx_word' id='word_1_499' title='bbox 553 2389 587 2408; x_wconf 87' lang='lat' dir='ltr'><strong>ex</strong></span> <span class='ocrx_word' id='word_1_500' title='bbox 611 2381 715 2409; x_wconf 88' lang='lat' dir='ltr'><strong>duobus</strong></span> <span class='ocrx_word' id='word_1_501' title='bbox 745 2381 892 2416; x_wconf 57' lang='lat' dir='ltr'><strong>Scriptura;</strong></span> 
     </span>
    </p>
   </div>
   <div class='ocr_carea' id='block_1_68' title="bbox 106 2425 891 2463">
    <p class='ocr_par' dir='ltr' id='par_1_68' title="bbox 106 2425 891 2463">
     <span class='ocr_line' id='line_1_68' title="bbox 106 2425 891 2463; baseline -0.004 -7"><span class='ocrx_word' id='word_1_502' title='bbox 106 2429 188 2461; x_wconf 86' lang='lat' dir='ltr'><strong>locis,</strong></span> <span class='ocrx_word' id='word_1_503' title='bbox 206 2436 273 2463; x_wconf 89' lang='lat' dir='ltr'><strong>quos</strong></span> <span class='ocrx_word' id='word_1_504' title='bbox 295 2428 345 2455; x_wconf 87' lang='lat' dir='ltr'><strong>sibi</strong></span> <span class='ocrx_word' id='word_1_505' title='bbox 363 2427 646 2462; x_wconf 83' lang='lat' dir='ltr'><strong>objicitAugustinus,</strong></span> <span class='ocrx_word' id='word_1_506' title='bbox 670 2431 697 2454; x_wconf 89' lang='lat' dir='ltr'><strong>et</strong></span> <span class='ocrx_word' id='word_1_507' title='bbox 720 2425 840 2460; x_wconf 81' lang='lat' dir='ltr'><strong>frustra,</strong></span> <span class='ocrx_word' id='word_1_508' title='bbox 867 2425 891 2454; x_wconf 87' lang='lat' dir='ltr'><strong>si</strong></span> 
     </span>
    </p>
   </div>
   <div class='ocr_carea' id='block_1_69' title="bbox 105 2471 889 2509">
    <p class='ocr_par' dir='ltr' id='par_1_69' title="bbox 105 2471 889 2509">
     <span class='ocr_line' id='line_1_69' title="bbox 105 2471 889 2509; baseline -0.005 -7"><span class='ocrx_word' id='word_1_509' title='bbox 105 2475 172 2509; x_wconf 86' lang='lat' dir='ltr'><strong>quid</strong></span> <span class='ocrx_word' id='word_1_510' title='bbox 200 2474 286 2506; x_wconf 82' lang='lat' dir='ltr'><strong>video,</strong></span> <span class='ocrx_word' id='word_1_511' title='bbox 313 2473 418 2501; x_wconf 89' lang='lat' dir='ltr'><strong>solvere</strong></span> <span class='ocrx_word' id='word_1_512' title='bbox 444 2473 550 2508; x_wconf 80' lang='lat' dir='ltr'><strong>satagit.</strong></span> <span class='ocrx_word' id='word_1_513' title='bbox 582 2472 659 2499; x_wconf 84' lang='lat' dir='ltr'><strong>Prior</strong></span> <span class='ocrx_word' id='word_1_514' title='bbox 688 2471 836 2506; x_wconf 64' lang='lat' dir='ltr'><strong>saepissime</strong></span> <span class='ocrx_word' id='word_1_515' title='bbox 862 2471 889 2499; x_wconf 93' lang='lat' dir='ltr'><strong>in</strong></span> 
     </span>
    </p>
   </div>
   <div class='ocr_carea' id='block_1_70' title="bbox 106 2517 890 2551">
    <p class='ocr_par' dir='ltr' id='par_1_70' title="bbox 106 2517 890 2551">
     <span class='ocr_line' id='line_1_70' title="bbox 106 2517 890 2551; baseline -0.004 -3"><span class='ocrx_word' id='word_1_516' title='bbox 106 2520 295 2548; x_wconf 89' lang='lat' dir='ltr'><strong>Pentateucho</strong></span> <span class='ocrx_word' id='word_1_517' title='bbox 311 2519 450 2551; x_wconf 91' lang='lat' dir='ltr'><strong>occurrit,</strong></span> <span class='ocrx_word' id='word_1_518' title='bbox 470 2526 531 2546; x_wconf 91' lang='lat' dir='ltr'><strong>cum</strong></span> <span class='ocrx_word' id='word_1_519' title='bbox 553 2517 721 2545; x_wconf 67' lang='lat' dir='ltr'><strong>cteremoniis</strong></span> <span class='ocrx_word' id='word_1_520' title='bbox 741 2522 769 2544; x_wconf 87' lang='lat' dir='ltr'><strong>et</strong></span> <span class='ocrx_word' id='word_1_521' title='bbox 794 2517 890 2545; x_wconf 91' lang='lat' dir='ltr'><strong>ritibus</strong></span> 
     </span>
    </p>
   </div>
   <div class='ocr_carea' id='block_1_71' title="bbox 105 2563 889 2602">
    <p class='ocr_par' dir='ltr' id='par_1_71' title="bbox 105 2563 889 2602">
     <span class='ocr_line' id='line_1_71' title="bbox 105 2563 889 2602; baseline -0.004 -8"><span class='ocrx_word' id='word_1_522' title='bbox 105 2565 176 2602; x_wconf 80' lang='lat' dir='ltr'><strong>legis</strong></span> <span class='ocrx_word' id='word_1_523' title='bbox 197 2565 315 2599; x_wconf 66' lang='lat' dir='ltr'><strong>antiquae</strong></span> <span class='ocrx_word' id='word_1_524' title='bbox 337 2564 478 2597; x_wconf 85' lang='lat' dir='ltr'><strong>institutis,</strong></span> <span class='ocrx_word' id='word_1_525' title='bbox 499 2563 564 2591; x_wconf 91' lang='lat' dir='ltr'><strong>dicit</strong></span> <span class='ocrx_word' id='word_1_526' title='bbox 589 2563 658 2590; x_wconf 87' lang='lat' dir='ltr'><strong>Deus</strong></span> <span class='ocrx_word' id='word_1_527' title='bbox 677 2570 685 2589; x_wconf 86' lang='lat'><strong>:</strong></span> <span class='ocrx_word' id='word_1_528' title='bbox 706 2571 715 2588; x_wconf 78' lang='grc' dir='ltr'>ι</span> <span class='ocrx_word' id='word_1_529' title='bbox 732 2563 788 2591; x_wconf 90' lang='lat' dir='ltr'><strong>Hoc</strong></span> <span class='ocrx_word' id='word_1_530' title='bbox 813 2564 889 2592; x_wconf 88' lang='lat' dir='ltr'><strong>vobis</strong></span> 
     </span>
    </p>
   </div>
   <div class='ocr_carea' id='block_1_72' title="bbox 105 2608 889 2646">
    <p class='ocr_par' dir='ltr' id='par_1_72' title="bbox 105 2608 889 2646">
     <span class='ocr_line' id='line_1_72' title="bbox 105 2608 889 2646; baseline -0.004 -7"><span class='ocrx_word' id='word_1_531' title='bbox 105 2612 161 2640; x_wconf 90' lang='lat' dir='ltr'><strong>erit</strong></span> <span class='ocrx_word' id='word_1_532' title='bbox 175 2611 325 2646; x_wconf 86' lang='lat' dir='ltr'><strong>legitimum</strong></span> <span class='ocrx_word' id='word_1_533' title='bbox 337 2615 467 2637; x_wconf 77' lang='lat' dir='ltr'><strong>aeternum</strong></span> <span class='ocrx_word' id='word_1_534' title='bbox 475 2609 509 2636; x_wconf 78' lang='grc'><strong>⁸⁸.</strong></span> <span class='ocrx_word' id='word_1_535' title='bbox 526 2619 535 2635; x_wconf 79' lang='grc' dir='ltr'>ι</span> <span class='ocrx_word' id='word_1_536' title='bbox 553 2624 587 2629; x_wconf 89' lang='grc'><strong>-</strong></span> <span class='ocrx_word' id='word_1_537' title='bbox 603 2608 786 2643; x_wconf 73' lang='lat' dir='ltr'><strong>«Quanquam,</strong></span> <span class='ocrx_word' id='word_1_538' title='bbox 802 2610 889 2644; x_wconf 89' lang='lat' dir='ltr'><strong>inquit</strong></span> 
     </span>
    </p>
   </div>
   <div class='ocr_carea' id='block_1_73' title="bbox 105 2655 888 2692">
    <p class='ocr_par' dir='ltr' id='par_1_73' title="bbox 105 2655 888 2692">
     <span class='ocr_line' id='line_1_73' title="bbox 105 2655 888 2692; baseline -0.001 -7"><span class='ocrx_word' id='word_1_539' title='bbox 105 2658 285 2692; x_wconf 79' lang='lat' dir='ltr'><strong>Augustinus,</strong></span> <span class='ocrx_word' id='word_1_540' title='bbox 316 2656 338 2684; x_wconf 86' lang='lat' dir='ltr'><strong>si</strong></span> <span class='ocrx_word' id='word_1_541' title='bbox 361 2656 517 2690; x_wconf 82' lang='lat' dir='ltr'><strong>diligentius</strong></span> <span class='ocrx_word' id='word_1_542' title='bbox 542 2656 611 2684; x_wconf 89' lang='lat' dir='ltr'><strong>dicta</strong></span> <span class='ocrx_word' id='word_1_543' title='bbox 632 2655 826 2690; x_wconf 84' lang='lat' dir='ltr'><strong>intelligantur,</strong></span> <span class='ocrx_word' id='word_1_544' title='bbox 856 2663 888 2684; x_wconf 86' lang='lat' dir='ltr'><strong>ea</strong></span> 
     </span>
    </p>
   </div>
   <div class='ocr_carea' id='block_1_74' title="bbox 105 2700 889 2738">
    <p class='ocr_par' dir='ltr' id='par_1_74' title="bbox 105 2700 889 2738">
     <span class='ocr_line' id='line_1_74' title="bbox 105 2700 889 2738; baseline -0.003 -7"><span class='ocrx_word' id='word_1_545' title='bbox 105 2703 231 2732; x_wconf 82' lang='lat' dir='ltr'><strong>fortassis</strong></span> <span class='ocrx_word' id='word_1_546' title='bbox 266 2710 326 2738; x_wconf 82' lang='lat' dir='ltr'><strong>quae</strong></span> <span class='ocrx_word' id='word_1_547' title='bbox 362 2701 415 2729; x_wconf 92' lang='lat' dir='ltr'><strong>illis</strong></span> <span class='ocrx_word' id='word_1_548' title='bbox 448 2701 627 2729; x_wconf 88' lang='lat' dir='ltr'><strong>sacramentis</strong></span> <span class='ocrx_word' id='word_1_549' title='bbox 657 2700 889 2736; x_wconf 81' lang='lat' dir='ltr'><strong>signiﬁcabantur,</strong></span> 
     </span>
    </p>
   </div>
   <div class='ocr_carea' id='block_1_75' title="bbox 108 2747 889 2784">
    <p class='ocr_par' dir='ltr' id='par_1_75' title="bbox 108 2747 889 2784">
     <span class='ocr_line' id='line_1_75' title="bbox 108 2747 889 2784; baseline -0.001 -6"><span class='ocrx_word' id='word_1_550' title='bbox 108 2750 192 2778; x_wconf 86' lang='lat' dir='ltr'><strong>ﬁnem</strong></span> <span class='ocrx_word' id='word_1_551' title='bbox 209 2757 262 2777; x_wconf 86' lang='lat' dir='ltr'><strong>non</strong></span> <span class='ocrx_word' id='word_1_552' title='bbox 285 2752 365 2777; x_wconf 90' lang='lat' dir='ltr'><strong>erant</strong></span> <span class='ocrx_word' id='word_1_553' title='bbox 379 2749 515 2776; x_wconf 87' lang='lat' dir='ltr'><strong>habitura.</strong></span> <span class='ocrx_word' id='word_1_554' title='bbox 544 2748 583 2774; x_wconf 88' lang='lat' dir='ltr'><strong>lta</strong></span> <span class='ocrx_word' id='word_1_555' title='bbox 606 2747 695 2780; x_wconf 84' lang='lat' dir='ltr'><strong>enim,</strong></span> <span class='ocrx_word' id='word_1_556' title='bbox 725 2755 759 2775; x_wconf 84' lang='lat' dir='ltr'><strong>ne</strong></span> <span class='ocrx_word' id='word_1_557' title='bbox 785 2748 889 2784; x_wconf 77' lang='lat' dir='ltr'><strong>longius</strong></span> 
     </span>
    </p>
   </div>
   <div class='ocr_carea' id='block_1_76' title="bbox 144 2835 800 2872">
    <p class='ocr_par' dir='ltr' id='par_1_76' title="bbox 144 2835 800 2872">
     <span class='ocr_line' id='line_1_76' title="bbox 144 2835 800 2872; baseline -0.005 -7"><span class='ocrx_word' id='word_1_558' title='bbox 144 2836 168 2854; x_wconf 80' lang='lat'><strong>“</strong></span> <span class='ocrx_word' id='word_1_559' title='bbox 182 2835 269 2866; x_wconf 81' lang='lat' dir='ltr'><strong>chit.</strong></span> <span class='ocrx_word' id='word_1_560' title='bbox 286 2845 340 2872; x_wconf 71' lang='grc' dir='ltr'>ιιι,</span> <span class='ocrx_word' id='word_1_561' title='bbox 356 2837 403 2872; x_wconf 75' lang='lat'><strong>29,</strong></span> <span class='ocrx_word' id='word_1_562' title='bbox 423 2835 466 2864; x_wconf 68' lang='grc'><strong>34.</strong></span> <span class='ocrx_word' id='word_1_563' title='bbox 505 2835 527 2851; x_wconf 81' lang='grc'>⁶¹</span> <span class='ocrx_word' id='word_1_564' title='bbox 549 2835 631 2864; x_wconf 82' lang='lat' dir='ltr'><strong>Exod.</strong></span> <span class='ocrx_word' id='word_1_565' title='bbox 648 2843 742 2870; x_wconf 85' lang='lat' dir='ltr'><strong>xxvm,</strong></span> <span class='ocrx_word' id='word_1_566' title='bbox 756 2835 800 2863; x_wconf 67' lang='grc'><strong>45.</strong></span> 
     </span>
    </p>
   </div>
   <div class='ocr_carea' id='block_1_77' title="bbox 943 922 1719 957">
    <p class='ocr_par' dir='ltr' id='par_1_77' title="bbox 943 922 1719 957">
     <span class='ocr_line' id='line_1_77' title="bbox 943 922 1719 957; baseline 0.001 -8"><span class='ocrx_word' id='word_1_567' title='bbox 943 926 1089 950; x_wconf 83' lang='lat' dir='ltr'><strong>retrorsum</strong></span> <span class='ocrx_word' id='word_1_568' title='bbox 1105 927 1224 957; x_wconf 78' lang='lat' dir='ltr'><strong>tempore</strong></span> <span class='ocrx_word' id='word_1_569' title='bbox 1250 929 1264 950; x_wconf 89' lang='lat' dir='ltr'><strong>a</strong></span> <span class='ocrx_word' id='word_1_570' title='bbox 1292 922 1481 950; x_wconf 85' lang='lat' dir='ltr'><strong>constitutione</strong></span> <span class='ocrx_word' id='word_1_571' title='bbox 1505 923 1597 950; x_wconf 90' lang='lat' dir='ltr'><strong>mundi</strong></span> <span class='ocrx_word' id='word_1_572' title='bbox 1618 922 1719 950; x_wconf 82' lang='lat' dir='ltr'><strong>habere</strong></span> 
     </span>
    </p>
   </div>
   <div class='ocr_carea' id='block_1_78' title="bbox 942 967 1717 1003">
    <p class='ocr_par' dir='ltr' id='par_1_78' title="bbox 942 967 1717 1003">
     <span class='ocr_line' id='line_1_78' title="bbox 942 967 1717 1003; baseline -0.001 -8"><span class='ocrx_word' id='word_1_573' title='bbox 942 967 1082 995; x_wconf 83' lang='lat' dir='ltr'><strong>videantur</strong></span> <span class='ocrx_word' id='word_1_574' title='bbox 1101 967 1217 1000; x_wconf 87' lang='lat' dir='ltr'><strong>initium,</strong></span> <span class='ocrx_word' id='word_1_575' title='bbox 1237 968 1371 1003; x_wconf 92' lang='lat' dir='ltr'><strong>quomodo</strong></span> <span class='ocrx_word' id='word_1_576' title='bbox 1386 972 1449 996; x_wconf 88' lang='lat' dir='ltr'><strong>sunt</strong></span> <span class='ocrx_word' id='word_1_577' title='bbox 1464 973 1574 1000; x_wconf 63' lang='lat' dir='ltr'><strong>aeterna,</strong></span> <span class='ocrx_word' id='word_1_578' title='bbox 1590 968 1641 996; x_wconf 83' lang='lat' dir='ltr'><strong>nisi</strong></span> <span class='ocrx_word' id='word_1_579' title='bbox 1655 968 1717 1002; x_wconf 91' lang='lat' dir='ltr'><strong>quia</strong></span> 
     </span>
    </p>
   </div>
   <div class='ocr_carea' id='block_1_79' title="bbox 941 1013 1717 1047">
    <p class='ocr_par' dir='ltr' id='par_1_79' title="bbox 941 1013 1717 1047">
     <span class='ocr_line' id='line_1_79' title="bbox 941 1013 1717 1047; baseline 0.001 -8"><span class='ocrx_word' id='word_1_580' title='bbox 941 1018 1041 1040; x_wconf 70' lang='lat' dir='ltr'><strong>aeterna</strong></span> <span class='ocrx_word' id='word_1_581' title='bbox 1054 1013 1131 1046; x_wconf 84' lang='lat' dir='ltr'><strong>dixit,</strong></span> <span class='ocrx_word' id='word_1_582' title='bbox 1145 1020 1205 1047; x_wconf 60' lang='lat' dir='ltr'><strong>quas</strong></span> <span class='ocrx_word' id='word_1_583' title='bbox 1227 1017 1289 1041; x_wconf 89' lang='lat' dir='ltr'><strong>ante</strong></span> <span class='ocrx_word' id='word_1_584' title='bbox 1311 1020 1341 1040; x_wconf 89' lang='lat' dir='ltr'><strong>se</strong></span> <span class='ocrx_word' id='word_1_585' title='bbox 1360 1021 1412 1041; x_wconf 92' lang='lat' dir='ltr'><strong>non</strong></span> <span class='ocrx_word' id='word_1_586' title='bbox 1433 1013 1534 1041; x_wconf 83' lang='lat' dir='ltr'><strong>habent</strong></span> <span class='ocrx_word' id='word_1_587' title='bbox 1549 1013 1631 1040; x_wconf 90' lang='lat' dir='ltr'><strong>ullum</strong></span> <span class='ocrx_word' id='word_1_588' title='bbox 1648 1017 1717 1040; x_wconf 84' lang='lat' dir='ltr'><strong>tem—</strong></span> 
     </span>
    </p>
   </div>
   <div class='ocr_carea' id='block_1_80' title="bbox 942 1057 1717 1093">
    <p class='ocr_par' dir='ltr' id='par_1_80' title="bbox 942 1057 1717 1093">
     <span class='ocr_line' id='line_1_80' title="bbox 942 1057 1717 1093; baseline 0.001 -9"><span class='ocrx_word' id='word_1_589' title='bbox 942 1058 1031 1092; x_wconf 62' lang='lat' dir='ltr'><strong>pus?)</strong></span> <span class='ocrx_word' id='word_1_590' title='bbox 1061 1058 1141 1093; x_wconf 87' lang='lat' dir='ltr'><strong>Atqui</strong></span> <span class='ocrx_word' id='word_1_591' title='bbox 1170 1057 1272 1085; x_wconf 92' lang='lat' dir='ltr'><strong>nullum</strong></span> <span class='ocrx_word' id='word_1_592' title='bbox 1302 1058 1365 1087; x_wconf 88' lang='lat' dir='ltr'><strong>licet</strong></span> <span class='ocrx_word' id='word_1_593' title='bbox 1392 1064 1495 1093; x_wconf 85' lang='lat' dir='ltr'><strong>tempus</strong></span> <span class='ocrx_word' id='word_1_594' title='bbox 1524 1063 1644 1092; x_wconf 89' lang='lat' dir='ltr'><strong>tempora</strong></span> <span class='ocrx_word' id='word_1_595' title='bbox 1672 1057 1717 1085; x_wconf 83' lang='lat' dir='ltr'><strong>illa</strong></span> 
     </span>
    </p>
   </div>
   <div class='ocr_carea' id='block_1_81' title="bbox 941 1103 1717 1139">
    <p class='ocr_par' dir='ltr' id='par_1_81' title="bbox 941 1103 1717 1139">
     <span class='ocr_line' id='line_1_81' title="bbox 941 1103 1717 1139; baseline 0 -9"><span class='ocrx_word' id='word_1_596' title='bbox 941 1104 1120 1138; x_wconf 70' lang='lat' dir='ltr'><strong>praecesserit,</strong></span> <span class='ocrx_word' id='word_1_597' title='bbox 1148 1103 1182 1131; x_wconf 88' lang='lat' dir='ltr'><strong>ab</strong></span> <span class='ocrx_word' id='word_1_598' title='bbox 1204 1104 1280 1132; x_wconf 89' lang='lat' dir='ltr'><strong>initio</strong></span> <span class='ocrx_word' id='word_1_599' title='bbox 1301 1109 1400 1132; x_wconf 26' lang='lat' dir='ltr'><strong>tamen.</strong></span> <span class='ocrx_word' id='word_1_600' title='bbox 1413 1105 1504 1139; x_wconf 91' lang='lat' dir='ltr'><strong>aliquo</strong></span> <span class='ocrx_word' id='word_1_601' title='bbox 1518 1103 1651 1139; x_wconf 81' lang='lat' dir='ltr'><strong>proﬂuere</strong></span> <span class='ocrx_word' id='word_1_602' title='bbox 1673 1103 1717 1131; x_wconf 86' lang='lat' dir='ltr'><strong>illa</strong></span> 
     </span>
    </p>
   </div>
   <div class='ocr_carea' id='block_1_82' title="bbox 941 1149 1718 1184">
    <p class='ocr_par' dir='ltr' id='par_1_82' title="bbox 941 1149 1718 1184">
     <span class='ocr_line' id='line_1_82' title="bbox 941 1149 1718 1184; baseline 0 -8"><span class='ocrx_word' id='word_1_603' title='bbox 941 1149 1087 1183; x_wconf 82' lang='lat' dir='ltr'><strong>aliquando</strong></span> <span class='ocrx_word' id='word_1_604' title='bbox 1102 1154 1262 1184; x_wconf 81' lang='lat' dir='ltr'><strong>cceperunt;</strong></span> <span class='ocrx_word' id='word_1_605' title='bbox 1279 1157 1310 1177; x_wconf 90' lang='lat' dir='ltr'><strong>ac</strong></span> <span class='ocrx_word' id='word_1_606' title='bbox 1327 1150 1440 1184; x_wconf 79' lang='lat' dir='ltr'><strong>proinde</strong></span> <span class='ocrx_word' id='word_1_607' title='bbox 1453 1151 1487 1177; x_wconf 88' lang='lat' dir='ltr'><strong>ab</strong></span> <span class='ocrx_word' id='word_1_608' title='bbox 1496 1150 1625 1177; x_wconf 87' lang='lat' dir='ltr'><strong>anteriori</strong></span> <span class='ocrx_word' id='word_1_609' title='bbox 1641 1153 1718 1184; x_wconf 82' lang='lat' dir='ltr'><strong>parte</strong></span> 
     </span>
    </p>
   </div>
   <div class='ocr_carea' id='block_1_83' title="bbox 942 1193 1716 1231">
    <p class='ocr_par' dir='ltr' id='par_1_83' title="bbox 942 1193 1716 1231">
     <span class='ocr_line' id='line_1_83' title="bbox 942 1193 1716 1231; baseline 0.004 -11"><span class='ocrx_word' id='word_1_610' title='bbox 942 1193 1020 1221; x_wconf 85' lang='lat' dir='ltr'><strong>ﬁnita</strong></span> <span class='ocrx_word' id='word_1_611' title='bbox 1033 1199 1107 1222; x_wconf 90' lang='lat' dir='ltr'><strong>sunt.</strong></span> <span class='ocrx_word' id='word_1_612' title='bbox 1123 1194 1230 1222; x_wconf 85' lang='lat' dir='ltr'><strong>inﬁrma</strong></span> <span class='ocrx_word' id='word_1_613' title='bbox 1246 1200 1287 1223; x_wconf 85' lang='lat' dir='ltr'><strong>cst</strong></span> <span class='ocrx_word' id='word_1_614' title='bbox 1301 1195 1381 1231; x_wconf 78' lang='lat' dir='ltr'><strong>igitur</strong></span> <span class='ocrx_word' id='word_1_615' title='bbox 1397 1200 1510 1231; x_wconf 90' lang='lat' dir='ltr'><strong>utraque</strong></span> <span class='ocrx_word' id='word_1_616' title='bbox 1532 1195 1630 1223; x_wconf 81' lang='lat' dir='ltr'><strong>solutio</strong></span> <span class='ocrx_word' id='word_1_617' title='bbox 1649 1195 1716 1227; x_wconf 72' lang='lat' dir='ltr'><strong>btec.</strong></span> 
     </span>
    </p>
   </div>
   <div class='ocr_carea' id='block_1_84' title="bbox 940 1239 1717 1276">
    <p class='ocr_par' dir='ltr' id='par_1_84' title="bbox 940 1239 1717 1276">
     <span class='ocr_line' id='line_1_84' title="bbox 940 1239 1717 1276; baseline -0.001 -9"><span class='ocrx_word' id='word_1_618' title='bbox 940 1244 968 1267; x_wconf 91' lang='lat' dir='ltr'><strong>et</strong></span> <span class='ocrx_word' id='word_1_619' title='bbox 981 1239 1017 1267; x_wconf 89' lang='lat' dir='ltr'><strong>ita</strong></span> <span class='ocrx_word' id='word_1_620' title='bbox 1031 1247 1099 1268; x_wconf 88' lang='lat' dir='ltr'><strong>sane</strong></span> <span class='ocrx_word' id='word_1_621' title='bbox 1114 1241 1147 1268; x_wconf 93' lang='lat' dir='ltr'><strong>ab</strong></span> <span class='ocrx_word' id='word_1_622' title='bbox 1159 1242 1306 1276; x_wconf 86' lang='lat' dir='ltr'><strong>Augustino</strong></span> <span class='ocrx_word' id='word_1_623' title='bbox 1320 1242 1473 1276; x_wconf 84' lang='lat' dir='ltr'><strong>proposita.</strong></span> <span class='ocrx_word' id='word_1_624' title='bbox 1494 1245 1523 1269; x_wconf 88' lang='lat' dir='ltr'><strong>ut</strong></span> <span class='ocrx_word' id='word_1_625' title='bbox 1537 1249 1590 1269; x_wconf 92' lang='lat' dir='ltr'><strong>non</strong></span> <span class='ocrx_word' id='word_1_626' title='bbox 1605 1241 1717 1268; x_wconf 88' lang='lat' dir='ltr'><strong>multum</strong></span> 
     </span>
    </p>
   </div>
   <div class='ocr_carea' id='block_1_85' title="bbox 940 1285 1716 1319">
    <p class='ocr_par' dir='ltr' id='par_1_85' title="bbox 940 1285 1716 1319">
     <span class='ocr_line' id='line_1_85' title="bbox 940 1285 1716 1319; baseline 0.001 -7"><span class='ocrx_word' id='word_1_627' title='bbox 940 1285 967 1313; x_wconf 89' lang='lat' dir='ltr'><strong>ei</strong></span> <span class='ocrx_word' id='word_1_628' title='bbox 981 1285 1089 1313; x_wconf 81' lang='lat' dir='ltr'><strong>innixus</strong></span> <span class='ocrx_word' id='word_1_629' title='bbox 1104 1286 1151 1314; x_wconf 91' lang='lat' dir='ltr'><strong>sit.</strong></span> <span class='ocrx_word' id='word_1_630' title='bbox 1172 1286 1376 1319; x_wconf 72' lang='lat' dir='ltr'><strong>Addit-deinde,</strong></span> <span class='ocrx_word' id='word_1_631' title='bbox 1405 1287 1431 1314; x_wconf 94' lang='lat' dir='ltr'><strong>in</strong></span> <span class='ocrx_word' id='word_1_632' title='bbox 1458 1286 1505 1315; x_wconf 89' lang='lat' dir='ltr'><strong>illo</strong></span> <span class='ocrx_word' id='word_1_633' title='bbox 1528 1287 1622 1314; x_wconf 81' lang='lat' dir='ltr'><strong>Matth.</strong></span> <span class='ocrx_word' id='word_1_634' title='bbox 1652 1295 1716 1318; x_wconf 84' lang='lat' dir='ltr'><strong>xxv,</strong></span> 
     </span>
    </p>
   </div>
   <div class='ocr_carea' id='block_1_86' title="bbox 940 1331 1725 1372">
    <p class='ocr_par' dir='ltr' id='par_1_86' title="bbox 940 1331 1725 1372">
     <span class='ocr_line' id='line_1_86' title="bbox 940 1331 1725 1372; baseline 0.001 -13"><span class='ocrx_word' id='word_1_635' title='bbox 940 1331 974 1372; x_wconf 48' lang='lat'><strong>46</strong></span> <span class='ocrx_word' id='word_1_636' title='bbox 991 1340 997 1359; x_wconf 91' lang='lat'><strong>:</strong></span> <span class='ocrx_word' id='word_1_637' title='bbox 1014 1332 1114 1359; x_wconf 71' lang='lat' dir='ltr'><strong>«ibunt</strong></span> <span class='ocrx_word' id='word_1_638' title='bbox 1139 1331 1176 1360; x_wconf 87' lang='lat' dir='ltr'><strong>illi</strong></span> <span class='ocrx_word' id='word_1_639' title='bbox 1207 1332 1233 1360; x_wconf 90' lang='lat' dir='ltr'><strong>in</strong></span> <span class='ocrx_word' id='word_1_640' title='bbox 1261 1332 1458 1360; x_wconf 88' lang='lat' dir='ltr'><strong>ambustionem</strong></span> <span class='ocrx_word' id='word_1_641' title='bbox 1486 1337 1631 1365; x_wconf 73' lang='lat' dir='ltr'><strong>aeternam,</strong></span> <span class='ocrx_word' id='word_1_642' title='bbox 1652 1333 1725 1367; x_wconf 85' lang='lat' dir='ltr'><strong>justi.</strong></span> 
     </span>
    </p>
   </div>
   <div class='ocr_carea' id='block_1_87' title="bbox 940 1378 1717 1413">
    <p class='ocr_par' dir='ltr' id='par_1_87' title="bbox 940 1378 1717 1413">
     <span class='ocr_line' id='line_1_87' title="bbox 940 1378 1717 1413; baseline 0 -8"><span class='ocrx_word' id='word_1_643' title='bbox 940 1382 1028 1406; x_wconf 89' lang='lat' dir='ltr'><strong>autem</strong></span> <span class='ocrx_word' id='word_1_644' title='bbox 1041 1378 1070 1406; x_wconf 88' lang='lat' dir='ltr'><strong>in</strong></span> <span class='ocrx_word' id='word_1_645' title='bbox 1090 1378 1171 1405; x_wconf 80' lang='lat' dir='ltr'><strong>vitam</strong></span> <span class='ocrx_word' id='word_1_646' title='bbox 1189 1383 1334 1411; x_wconf 72' lang='lat' dir='ltr'><strong>aeternam,</strong></span> <span class='ocrx_word' id='word_1_647' title='bbox 1350 1388 1359 1405; x_wconf 75' lang='grc' dir='ltr'>ι</span> <span class='ocrx_word' id='word_1_648' title='bbox 1379 1386 1470 1413; x_wconf 88' lang='lat' dir='ltr'><strong>parem</strong></span> <span class='ocrx_word' id='word_1_649' title='bbox 1488 1386 1548 1407; x_wconf 87' lang='lat' dir='ltr'><strong>esse</strong></span> <span class='ocrx_word' id='word_1_650' title='bbox 1564 1379 1638 1407; x_wconf 81' lang='lat' dir='ltr'><strong>vocis</strong></span> <span class='ocrx_word' id='word_1_651' title='bbox 1652 1378 1717 1406; x_wconf 78' lang='grc' dir='ltr'>αιὼ-</span> 
     </span>
    </p>
   </div>
   <div class='ocr_carea' id='block_1_88' title="bbox 941 1424 1715 1460">
    <p class='ocr_par' dir='ltr' id='par_1_88' title="bbox 941 1424 1715 1460">
     <span class='ocr_line' id='line_1_88' title="bbox 941 1424 1715 1460; baseline -0.001 -8"><span class='ocrx_word' id='word_1_652' title='bbox 941 1433 996 1457; x_wconf 86' lang='grc' dir='ltr'>νιος</span> <span class='ocrx_word' id='word_1_653' title='bbox 1015 1424 1157 1460; x_wconf 86' lang='lat' dir='ltr'><strong>utrobique</strong></span> <span class='ocrx_word' id='word_1_654' title='bbox 1180 1425 1356 1458; x_wconf 80' lang='lat' dir='ltr'><strong>notationem,</strong></span> <span class='ocrx_word' id='word_1_655' title='bbox 1380 1425 1437 1453; x_wconf 89' lang='lat' dir='ltr'><strong>sive</strong></span> <span class='ocrx_word' id='word_1_656' title='bbox 1465 1432 1526 1452; x_wconf 89' lang='lat' dir='ltr'><strong>cum</strong></span> <span class='ocrx_word' id='word_1_657' title='bbox 1551 1424 1612 1452; x_wconf 61' lang='lat' dir='ltr'><strong>vita;</strong></span> <span class='ocrx_word' id='word_1_658' title='bbox 1631 1424 1715 1459; x_wconf 76' lang='lat' dir='ltr'><strong>justis</strong></span> 
     </span>
    </p>
   </div>
   <div class='ocr_carea' id='block_1_89' title="bbox 941 1469 1726 1506">
    <p class='ocr_par' dir='ltr' id='par_1_89' title="bbox 941 1469 1726 1506">
     <span class='ocr_line' id='line_1_89' title="bbox 941 1469 1726 1506; baseline -0.001 -9"><span class='ocrx_word' id='word_1_659' title='bbox 941 1470 1089 1506; x_wconf 75' lang='lat' dir='ltr'><strong>promissae,</strong></span> <span class='ocrx_word' id='word_1_660' title='bbox 1100 1470 1157 1498; x_wconf 88' lang='lat' dir='ltr'><strong>sive</strong></span> <span class='ocrx_word' id='word_1_661' title='bbox 1169 1478 1229 1499; x_wconf 88' lang='lat' dir='ltr'><strong>cum</strong></span> <span class='ocrx_word' id='word_1_662' title='bbox 1242 1470 1295 1505; x_wconf 86' lang='lat' dir='ltr'><strong>igni</strong></span> <span class='ocrx_word' id='word_1_663' title='bbox 1309 1470 1534 1498; x_wconf 80' lang='lat' dir='ltr'><strong>malis&#39;inferendo</strong></span> <span class='ocrx_word' id='word_1_664' title='bbox 1547 1469 1699 1506; x_wconf 71' lang='lat' dir='ltr'><strong>adiungitur</strong></span> <span class='ocrx_word' id='word_1_665' title='bbox 1708 1478 1726 1504; x_wconf 76' lang='grc' dir='ltr'>ς,</span> 
     </span>
    </p>
   </div>
   <div class='ocr_carea' id='block_1_90' title="bbox 904 1515 1718 1559">
    <p class='ocr_par' dir='ltr' id='par_1_90' title="bbox 904 1515 1718 1559">
     <span class='ocr_line' id='line_1_90' title="bbox 904 1515 1718 1559; baseline -0.002 -15"><span class='ocrx_word' id='word_1_666' title='bbox 904 1527 927 1559; x_wconf 68' lang='grc' dir='ltr'><strong>α</strong></span> <span class='ocrx_word' id='word_1_667' title='bbox 941 1523 973 1544; x_wconf 85' lang='lat' dir='ltr'><strong>ac</strong></span> <span class='ocrx_word' id='word_1_668' title='bbox 988 1516 1101 1551; x_wconf 90' lang='lat' dir='ltr'><strong>proinde</strong></span> <span class='ocrx_word' id='word_1_669' title='bbox 1115 1516 1191 1552; x_wconf 84' lang='lat' dir='ltr'><strong>ignes</strong></span> <span class='ocrx_word' id='word_1_670' title='bbox 1206 1516 1258 1544; x_wconf 90' lang='lat' dir='ltr'><strong>ﬁne</strong></span> <span class='ocrx_word' id='word_1_671' title='bbox 1269 1516 1402 1544; x_wconf 90' lang='lat' dir='ltr'><strong>carituros</strong></span> <span class='ocrx_word' id='word_1_672' title='bbox 1416 1515 1574 1550; x_wconf 86' lang='lat' dir='ltr'><strong>significari,</strong></span> <span class='ocrx_word' id='word_1_673' title='bbox 1591 1515 1718 1550; x_wconf 89' lang='lat' dir='ltr'><strong>quoniam</strong></span> 
     </span>
    </p>
   </div>
   <div class='ocr_carea' id='block_1_91' title="bbox 941 1561 1720 1596">
    <p class='ocr_par' dir='ltr' id='par_1_91' title="bbox 941 1561 1720 1596">
     <span class='ocr_line' id='line_1_91' title="bbox 941 1561 1720 1596; baseline -0.001 -8"><span class='ocrx_word' id='word_1_674' title='bbox 941 1561 1023 1588; x_wconf 91' lang='lat' dir='ltr'><strong>vitam</strong></span> <span class='ocrx_word' id='word_1_675' title='bbox 1045 1561 1117 1588; x_wconf 91' lang='lat' dir='ltr'><strong>illam</strong></span> <span class='ocrx_word' id='word_1_676' title='bbox 1139 1561 1191 1588; x_wconf 86' lang='lat' dir='ltr'><strong>ﬁne</strong></span> <span class='ocrx_word' id='word_1_677' title='bbox 1214 1561 1359 1588; x_wconf 84' lang='lat' dir='ltr'><strong>carituram</strong></span> <span class='ocrx_word' id='word_1_678' title='bbox 1386 1568 1420 1589; x_wconf 83' lang='lat' dir='ltr'><strong>ex</strong></span> <span class='ocrx_word' id='word_1_679' title='bbox 1441 1567 1518 1595; x_wconf 71' lang='lat' dir='ltr'><strong>aequo</strong></span> <span class='ocrx_word' id='word_1_680' title='bbox 1538 1561 1608 1596; x_wconf 85' lang='lat' dir='ltr'><strong>apud</strong></span> <span class='ocrx_word' id='word_1_681' title='bbox 1625 1567 1720 1588; x_wconf 88' lang='lat' dir='ltr'><strong>omnes</strong></span> 
     </span>
    </p>
   </div>
   <div class='ocr_carea' id='block_1_92' title="bbox 941 1604 1718 1641">
    <p class='ocr_par' dir='ltr' id='par_1_92' title="bbox 941 1604 1718 1641">
     <span class='ocr_line' id='line_1_92' title="bbox 941 1604 1718 1641; baseline -0.004 -7"><span class='ocrx_word' id='word_1_682' title='bbox 941 1611 1069 1640; x_wconf 83' lang='lat' dir='ltr'><strong>constat;</strong></span> <span class='ocrx_word' id='word_1_683' title='bbox 1084 1607 1155 1641; x_wconf 88' lang='lat' dir='ltr'><strong>quod</strong></span> <span class='ocrx_word' id='word_1_684' title='bbox 1170 1606 1238 1634; x_wconf 93' lang='lat' dir='ltr'><strong>idem</strong></span> <span class='ocrx_word' id='word_1_685' title='bbox 1254 1606 1352 1641; x_wconf 84' lang='lat' dir='ltr'><strong>legitur</strong></span> <span class='ocrx_word' id='word_1_686' title='bbox 1366 1613 1472 1641; x_wconf 90' lang='lat' dir='ltr'><strong>quoque</strong></span> <span class='ocrx_word' id='word_1_687' title='bbox 1482 1605 1528 1633; x_wconf 89' lang='lat' dir='ltr'><strong>lib.</strong></span> <span class='ocrx_word' id='word_1_688' title='bbox 1539 1613 1584 1632; x_wconf 85' lang='lat' dir='ltr'><strong>xxI</strong></span> <span class='ocrx_word' id='word_1_689' title='bbox 1598 1604 1636 1632; x_wconf 85' lang='lat' dir='ltr'><strong>De</strong></span> <span class='ocrx_word' id='word_1_690' title='bbox 1649 1605 1718 1632; x_wconf 75' lang='lat' dir='ltr'><strong>civil.</strong></span> 
     </span>
    </p>
   </div>
   <div class='ocr_carea' id='block_1_93' title="bbox 941 1650 1726 1686">
    <p class='ocr_par' dir='ltr' id='par_1_93' title="bbox 941 1650 1726 1686">
     <span class='ocr_line' id='line_1_93' title="bbox 941 1650 1726 1686; baseline -0.004 -7"><span class='ocrx_word' id='word_1_691' title='bbox 941 1651 1007 1685; x_wconf 77' lang='lat' dir='ltr'><strong>Dei,</strong></span> <span class='ocrx_word' id='word_1_692' title='bbox 1027 1659 1087 1686; x_wconf 80' lang='lat' dir='ltr'><strong>cap.</strong></span> <span class='ocrx_word' id='word_1_693' title='bbox 1108 1652 1155 1679; x_wconf 75' lang='grc'><strong>25.</strong></span> <span class='ocrx_word' id='word_1_694' title='bbox 1173 1651 1209 1679; x_wconf 79' lang='lat' dir='ltr'><strong>At</strong></span> <span class='ocrx_word' id='word_1_695' title='bbox 1231 1652 1258 1678; x_wconf 88' lang='lat' dir='ltr'><strong>id</strong></span> <span class='ocrx_word' id='word_1_696' title='bbox 1281 1659 1375 1686; x_wconf 89' lang='lat' dir='ltr'><strong>parum</strong></span> <span class='ocrx_word' id='word_1_697' title='bbox 1396 1652 1505 1678; x_wconf 91' lang='lat' dir='ltr'><strong>omnino</strong></span> <span class='ocrx_word' id='word_1_698' title='bbox 1529 1650 1599 1677; x_wconf 86' lang='lat' dir='ltr'><strong>valet</strong></span> <span class='ocrx_word' id='word_1_699' title='bbox 1626 1654 1726 1677; x_wconf 80' lang='lat' dir='ltr'><strong>contra</strong></span> 
     </span>
    </p>
   </div>
   <div class='ocr_carea' id='block_1_94' title="bbox 942 1696 1720 1732">
    <p class='ocr_par' dir='ltr' id='par_1_94' title="bbox 942 1696 1720 1732">
     <span class='ocr_line' id='line_1_94' title="bbox 942 1696 1720 1732; baseline -0.004 -7"><span class='ocrx_word' id='word_1_700' title='bbox 942 1697 1094 1732; x_wconf 86' lang='lat' dir='ltr'><strong>Origenem,</strong></span> <span class='ocrx_word' id='word_1_701' title='bbox 1109 1697 1154 1732; x_wconf 90' lang='lat' dir='ltr'><strong>qui</strong></span> <span class='ocrx_word' id='word_1_702' title='bbox 1169 1702 1222 1724; x_wconf 88' lang='lat' dir='ltr'><strong>tam</strong></span> <span class='ocrx_word' id='word_1_703' title='bbox 1239 1697 1378 1724; x_wconf 85' lang='lat' dir='ltr'><strong>beatorum</strong></span> <span class='ocrx_word' id='word_1_704' title='bbox 1391 1696 1511 1724; x_wconf 85' lang='lat' dir='ltr'><strong>felicitati</strong></span> <span class='ocrx_word' id='word_1_705' title='bbox 1527 1703 1607 1731; x_wconf 87' lang='lat' dir='ltr'><strong>qualn</strong></span> <span class='ocrx_word' id='word_1_706' title='bbox 1623 1696 1720 1730; x_wconf 84' lang='lat' dir='ltr'><strong>impio-</strong></span> 
     </span>
    </p>
   </div>
   <div class='ocr_carea' id='block_1_95' title="bbox 942 1743 1549 1778">
    <p class='ocr_par' dir='ltr' id='par_1_95' title="bbox 942 1743 1549 1778">
     <span class='ocr_line' id='line_1_95' title="bbox 942 1743 1549 1778; baseline 0.003 -9"><span class='ocrx_word' id='word_1_707' title='bbox 942 1750 1001 1770; x_wconf 88' lang='lat' dir='ltr'><strong>rum</strong></span> <span class='ocrx_word' id='word_1_708' title='bbox 1011 1743 1173 1770; x_wconf 89' lang='lat' dir='ltr'><strong>cruciatibus</strong></span> <span class='ocrx_word' id='word_1_709' title='bbox 1188 1743 1330 1770; x_wconf 90' lang='lat' dir='ltr'><strong>tcrminum</strong></span> <span class='ocrx_word' id='word_1_710' title='bbox 1348 1743 1549 1778; x_wconf 72' lang='lat' dir='ltr'><strong>praescrihebat.</strong></span> 
     </span>
    </p>
   </div>
   <div class='ocr_carea' id='block_1_96' title="bbox 975 1787 1721 1823">
    <p class='ocr_par' dir='ltr' id='par_1_96' title="bbox 975 1787 1721 1823">
     <span class='ocr_line' id='line_1_96' title="bbox 975 1787 1721 1823; baseline -0.001 -8"><span class='ocrx_word' id='word_1_711' title='bbox 975 1788 1266 1823; x_wconf 79' lang='lat' dir='ltr'><strong>Compiuresvocabuli</strong></span> <span class='ocrx_word' id='word_1_712' title='bbox 1279 1788 1350 1816; x_wconf 86' lang='grc' dir='ltr'>αιών</span> <span class='ocrx_word' id='word_1_713' title='bbox 1367 1789 1490 1816; x_wconf 88' lang='lat' dir='ltr'><strong>notiones</strong></span> <span class='ocrx_word' id='word_1_714' title='bbox 1508 1787 1634 1822; x_wconf 85' lang='lat' dir='ltr'><strong>proponit</strong></span> <span class='ocrx_word' id='word_1_715' title='bbox 1655 1787 1721 1822; x_wconf 83' lang='lat' dir='ltr'><strong>Ely-</strong></span> 
     </span>
    </p>
   </div>
   <div class='ocr_carea' id='block_1_97' title="bbox 940 1833 1722 1868">
    <p class='ocr_par' dir='ltr' id='par_1_97' title="bbox 940 1833 1722 1868">
     <span class='ocr_line' id='line_1_97' title="bbox 940 1833 1722 1868; baseline -0.001 -7"><span class='ocrx_word' id='word_1_716' title='bbox 940 1833 1069 1868; x_wconf 71' lang='lat' dir='ltr'><strong>mologus,</strong></span> <span class='ocrx_word' id='word_1_717' title='bbox 1084 1834 1169 1861; x_wconf 85' lang='lat' dir='ltr'><strong>modo.</strong></span> <span class='ocrx_word' id='word_1_718' title='bbox 1177 1833 1271 1866; x_wconf 85' lang='lat' dir='ltr'><strong>vitam,</strong></span> <span class='ocrx_word' id='word_1_719' title='bbox 1284 1834 1362 1862; x_wconf 86' lang='lat' dir='ltr'><strong>modo</strong></span> <span class='ocrx_word' id='word_1_720' title='bbox 1377 1834 1552 1867; x_wconf 68' lang='lat' dir='ltr'><strong>vitaetempus</strong></span> <span class='ocrx_word' id='word_1_721' title='bbox 1567 1833 1722 1867; x_wconf 81' lang='lat' dir='ltr'><strong>signiﬁcan-</strong></span> 
     </span>
    </p>
   </div>
   <div class='ocr_carea' id='block_1_98' title="bbox 941 1878 1726 1914">
    <p class='ocr_par' dir='ltr' id='par_1_98' title="bbox 941 1878 1726 1914">
     <span class='ocr_line' id='line_1_98' title="bbox 941 1878 1726 1914; baseline 0 -8"><span class='ocrx_word' id='word_1_722' title='bbox 941 1879 990 1911; x_wconf 82' lang='lat' dir='ltr'><strong>tis;</strong></span> <span class='ocrx_word' id='word_1_723' title='bbox 1008 1883 1065 1906; x_wconf 85' lang='lat' dir='ltr'><strong>tum</strong></span> <span class='ocrx_word' id='word_1_724' title='bbox 1081 1878 1137 1907; x_wconf 70' lang='lat' dir='ltr'><strong>haec</strong></span> <span class='ocrx_word' id='word_1_725' title='bbox 1153 1880 1233 1907; x_wconf 88' lang='lat' dir='ltr'><strong>habet</strong></span> <span class='ocrx_word' id='word_1_726' title='bbox 1248 1888 1256 1907; x_wconf 92' lang='lat'><strong>:</strong></span> <span class='ocrx_word' id='word_1_727' title='bbox 1271 1878 1341 1907; x_wconf 83' lang='grc' dir='ltr'><strong>Αἱὼν</strong></span> <span class='ocrx_word' id='word_1_728' title='bbox 1360 1879 1406 1906; x_wconf 79' lang='grc' dir='ltr'>καὶ</span> <span class='ocrx_word' id='word_1_729' title='bbox 1434 1880 1448 1905; x_wconf 85' lang='grc' dir='ltr'>ὁ</span> <span class='ocrx_word' id='word_1_730' title='bbox 1470 1879 1524 1907; x_wconf 82' lang='grc' dir='ltr'>τῶν</span> <span class='ocrx_word' id='word_1_731' title='bbox 1541 1879 1631 1914; x_wconf 86' lang='grc' dir='ltr'>χιλίων</span> <span class='ocrx_word' id='word_1_732' title='bbox 1653 1878 1726 1906; x_wconf 72' lang='grc' dir='ltr'>ἐτῶν.</span> 
     </span>
    </p>
   </div>
   <div class='ocr_carea' id='block_1_99' title="bbox 940 1923 1722 1960">
    <p class='ocr_par' dir='ltr' id='par_1_99' title="bbox 940 1923 1722 1960">
     <span class='ocr_line' id='line_1_99' title="bbox 940 1923 1722 1960; baseline 0.001 -11"><span class='ocrx_word' id='word_1_733' title='bbox 940 1923 1070 1960; x_wconf 76' lang='grc' dir='ltr'><strong>ἀριθμός·</strong></span> <span class='ocrx_word' id='word_1_734' title='bbox 1089 1929 1116 1951; x_wconf 93' lang='lat' dir='ltr'><strong>et</strong></span> <span class='ocrx_word' id='word_1_735' title='bbox 1132 1924 1211 1959; x_wconf 83' lang='lat' dir='ltr'><strong>paulo</strong></span> <span class='ocrx_word' id='word_1_736' title='bbox 1232 1930 1290 1960; x_wconf 84' lang='lat' dir='ltr'><strong>post</strong></span> <span class='ocrx_word' id='word_1_737' title='bbox 1305 1933 1311 1951; x_wconf 90' lang='lat'><strong>:</strong></span> <span class='ocrx_word' id='word_1_738' title='bbox 1327 1923 1398 1953; x_wconf 78' lang='grc' dir='ltr'><strong>Αἰὼν</strong></span> <span class='ocrx_word' id='word_1_739' title='bbox 1417 1924 1523 1959; x_wconf 83' lang='grc' dir='ltr'>λέγεται</span> <span class='ocrx_word' id='word_1_740' title='bbox 1548 1924 1594 1951; x_wconf 81' lang='grc' dir='ltr'><strong>καὶ</strong></span> <span class='ocrx_word' id='word_1_741' title='bbox 1612 1924 1636 1950; x_wconf 84' lang='grc' dir='ltr'><strong>οι</strong></span> <span class='ocrx_word' id='word_1_742' title='bbox 1652 1923 1722 1950; x_wconf 80' lang='grc' dir='ltr'>ἑπτὰ</span> 
     </span>
    </p>
   </div>
   <div class='ocr_carea' id='block_1_100' title="bbox 940 1970 1725 2007">
    <p class='ocr_par' dir='ltr' id='par_1_100' title="bbox 940 1970 1725 2007">
     <span class='ocr_line' id='line_1_100' title="bbox 940 1970 1725 2007; baseline 0.003 -11"><span class='ocrx_word' id='word_1_743' title='bbox 940 1970 1035 2001; x_wconf 84' lang='grc' dir='ltr'>αἰῶνες</span> <span class='ocrx_word' id='word_1_744' title='bbox 1046 1970 1098 1997; x_wconf 83' lang='grc' dir='ltr'><strong>ἀπὺ</strong></span> <span class='ocrx_word' id='word_1_745' title='bbox 1114 1971 1162 2006; x_wconf 78' lang='grc' dir='ltr'>τῆς</span> <span class='ocrx_word' id='word_1_746' title='bbox 1182 1970 1228 1997; x_wconf 80' lang='grc' dir='ltr'>τοῦ</span> <span class='ocrx_word' id='word_1_747' title='bbox 1250 1970 1362 2007; x_wconf 79' lang='grc' dir='ltr'>οὐρανοῦ</span> <span class='ocrx_word' id='word_1_748' title='bbox 1381 1970 1429 1999; x_wconf 77' lang='grc' dir='ltr'>καὶ</span> <span class='ocrx_word' id='word_1_749' title='bbox 1446 1971 1496 2006; x_wconf 84' lang='grc' dir='ltr'><strong>γῆς</strong></span> <span class='ocrx_word' id='word_1_750' title='bbox 1515 1970 1628 2002; x_wconf 81' lang='grc' dir='ltr'>κτίσεως</span> <span class='ocrx_word' id='word_1_751' title='bbox 1642 1971 1725 2006; x_wconf 78' lang='grc' dir='ltr'><strong>μέχρι</strong></span> 
     </span>
    </p>
   </div>
   <div class='ocr_carea' id='block_1_101' title="bbox 941 2015 1725 2052">
    <p class='ocr_par' dir='ltr' id='par_1_101' title="bbox 941 2015 1725 2052">
     <span class='ocr_line' id='line_1_101' title="bbox 941 2015 1725 2052; baseline 0.003 -10"><span class='ocrx_word' id='word_1_752' title='bbox 941 2016 990 2052; x_wconf 80' lang='grc' dir='ltr'><strong>τῆς</strong></span> <span class='ocrx_word' id='word_1_753' title='bbox 1003 2016 1093 2051; x_wconf 85' lang='grc' dir='ltr'>κοινῆς</span> <span class='ocrx_word' id='word_1_754' title='bbox 1105 2016 1158 2042; x_wconf 86' lang='grc' dir='ltr'><strong>τῶν</strong></span> <span class='ocrx_word' id='word_1_755' title='bbox 1169 2015 1318 2051; x_wconf 86' lang='grc' dir='ltr'>ἀνθρώπων</span> <span class='ocrx_word' id='word_1_756' title='bbox 1338 2016 1520 2048; x_wconf 75' lang='grc' dir='ltr'><strong>ἀναστάσεως.</strong></span> <span class='ocrx_word' id='word_1_757' title='bbox 1537 2015 1631 2043; x_wconf 87' lang='lat' dir='ltr'><strong>Priore</strong></span> <span class='ocrx_word' id='word_1_758' title='bbox 1643 2017 1725 2044; x_wconf 83' lang='lat' dir='ltr'><strong>modo.</strong></span> 
     </span>
    </p>
   </div>
   <div class='ocr_carea' id='block_1_102' title="bbox 940 2060 1723 2095">
    <p class='ocr_par' dir='ltr' id='par_1_102' title="bbox 940 2060 1723 2095">
     <span class='ocr_line' id='line_1_102' title="bbox 940 2060 1723 2095; baseline -0.001 -7"><span class='ocrx_word' id='word_1_759' title='bbox 940 2069 1005 2088; x_wconf 90' lang='lat' dir='ltr'><strong>usus</strong></span> <span class='ocrx_word' id='word_1_760' title='bbox 1015 2064 1056 2088; x_wconf 88' lang='lat' dir='ltr'><strong>est</strong></span> <span class='ocrx_word' id='word_1_761' title='bbox 1076 2068 1142 2088; x_wconf 92' lang='lat' dir='ltr'><strong>voce</strong></span> <span class='ocrx_word' id='word_1_762' title='bbox 1157 2060 1224 2088; x_wconf 87' lang='grc' dir='ltr'>αἰὼν</span> <span class='ocrx_word' id='word_1_763' title='bbox 1240 2061 1386 2095; x_wconf 81' lang='lat' dir='ltr'><strong>Origenes,</strong></span> <span class='ocrx_word' id='word_1_764' title='bbox 1409 2068 1470 2088; x_wconf 88' lang='lat' dir='ltr'><strong>cttm</strong></span> <span class='ocrx_word' id='word_1_765' title='bbox 1493 2061 1561 2088; x_wconf 87' lang='lat' dir='ltr'><strong>dixit</strong></span> <span class='ocrx_word' id='word_1_766' title='bbox 1582 2061 1723 2088; x_wconf 86' lang='lat' dir='ltr'><strong>damnatos</strong></span> 
     </span>
    </p>
   </div>
   <div class='ocr_carea' id='block_1_103' title="bbox 940 2107 1725 2142">
    <p class='ocr_par' dir='ltr' id='par_1_103' title="bbox 940 2107 1725 2142">
     <span class='ocr_line' id='line_1_103' title="bbox 940 2107 1725 2142; baseline 0 -8"><span class='ocrx_word' id='word_1_767' title='bbox 940 2108 1089 2135; x_wconf 88' lang='lat' dir='ltr'><strong>cruciatum</strong></span> <span class='ocrx_word' id='word_1_768' title='bbox 1103 2107 1134 2134; x_wconf 94' lang='lat' dir='ltr'><strong>iri</strong></span> <span class='ocrx_word' id='word_1_769' title='bbox 1155 2108 1188 2135; x_wconf 89' lang='lat' dir='ltr'><strong>ad</strong></span> <span class='ocrx_word' id='word_1_770' title='bbox 1207 2108 1279 2135; x_wconf 89' lang='lat' dir='ltr'><strong>mille</strong></span> <span class='ocrx_word' id='word_1_771' title='bbox 1298 2115 1393 2139; x_wconf 87' lang='lat' dir='ltr'><strong>annos,</strong></span> <span class='ocrx_word' id='word_1_772' title='bbox 1415 2107 1439 2134; x_wconf 84' lang='lat' dir='ltr'><strong>si</strong></span> <span class='ocrx_word' id='word_1_773' title='bbox 1454 2107 1534 2134; x_wconf 88' lang='lat' dir='ltr'><strong>modo</strong></span> <span class='ocrx_word' id='word_1_774' title='bbox 1555 2114 1649 2134; x_wconf 87' lang='lat' dir='ltr'><strong>revera</strong></span> <span class='ocrx_word' id='word_1_775' title='bbox 1663 2111 1725 2142; x_wconf 83' lang='lat' dir='ltr'><strong>post</strong></span> 
     </span>
    </p>
   </div>
   <div class='ocr_carea' id='block_1_104' title="bbox 940 2152 1722 2188">
    <p class='ocr_par' dir='ltr' id='par_1_104' title="bbox 940 2152 1722 2188">
     <span class='ocr_line' id='line_1_104' title="bbox 940 2152 1722 2188; baseline -0.001 -8"><span class='ocrx_word' id='word_1_776' title='bbox 940 2152 1014 2180; x_wconf 86' lang='lat' dir='ltr'><strong>mille</strong></span> <span class='ocrx_word' id='word_1_777' title='bbox 1028 2161 1158 2181; x_wconf 88' lang='lat' dir='ltr'><strong>annorum</strong></span> <span class='ocrx_word' id='word_1_778' title='bbox 1175 2154 1318 2181; x_wconf 89' lang='lat' dir='ltr'><strong>decursum</strong></span> <span class='ocrx_word' id='word_1_779' title='bbox 1330 2153 1357 2181; x_wconf 92' lang='lat' dir='ltr'><strong>in</strong></span> <span class='ocrx_word' id='word_1_780' title='bbox 1369 2153 1503 2188; x_wconf 85' lang='lat' dir='ltr'><strong>integrum</strong></span> <span class='ocrx_word' id='word_1_781' title='bbox 1519 2153 1672 2180; x_wconf 89' lang='lat' dir='ltr'><strong>restitutum</strong></span> <span class='ocrx_word' id='word_1_782' title='bbox 1686 2152 1722 2180; x_wconf 89' lang='lat' dir='ltr'><strong>iri</strong></span> 
     </span>
    </p>
   </div>
   <div class='ocr_carea' id='block_1_105' title="bbox 904 2196 1722 2233">
    <p class='ocr_par' dir='ltr' id='par_1_105' title="bbox 904 2196 1722 2233">
     <span class='ocr_line' id='line_1_105' title="bbox 904 2196 1722 2233; baseline -0.001 -7"><span class='ocrx_word' id='word_1_783' title='bbox 904 2196 1082 2227; x_wconf 78' lang='lat' dir='ltr'><strong>Ddamnatos</strong></span> <span class='ocrx_word' id='word_1_784' title='bbox 1106 2199 1231 2233; x_wconf 88' lang='lat' dir='ltr'><strong>opinatus</strong></span> <span class='ocrx_word' id='word_1_785' title='bbox 1255 2203 1306 2232; x_wconf 89' lang='lat' dir='ltr'><strong>est,</strong></span> <span class='ocrx_word' id='word_1_786' title='bbox 1334 2204 1363 2226; x_wconf 96' lang='lat' dir='ltr'><strong>ut</strong></span> <span class='ocrx_word' id='word_1_787' title='bbox 1390 2206 1470 2232; x_wconf 90' lang='lat' dir='ltr'><strong>supra</strong></span> <span class='ocrx_word' id='word_1_788' title='bbox 1497 2198 1632 2233; x_wconf 89' lang='lat' dir='ltr'><strong>objectum</strong></span> <span class='ocrx_word' id='word_1_789' title='bbox 1658 2198 1683 2225; x_wconf 90' lang='lat' dir='ltr'><strong>ei</strong></span> <span class='ocrx_word' id='word_1_790' title='bbox 1707 2206 1722 2225; x_wconf 89' lang='lat' dir='ltr'><strong>a</strong></span> 
     </span>
    </p>
   </div>
   <div class='ocr_carea' id='block_1_106' title="bbox 941 2243 1724 2279">
    <p class='ocr_par' dir='ltr' id='par_1_106' title="bbox 941 2243 1724 2279">
     <span class='ocr_line' id='line_1_106' title="bbox 941 2243 1724 2279; baseline -0.001 -8"><span class='ocrx_word' id='word_1_791' title='bbox 941 2243 1043 2272; x_wconf 84' lang='lat' dir='ltr'><strong>Joanne</strong></span> <span class='ocrx_word' id='word_1_792' title='bbox 1072 2244 1240 2273; x_wconf 82' lang='lat' dir='ltr'><strong>Damasceno</strong></span> <span class='ocrx_word' id='word_1_793' title='bbox 1270 2245 1471 2272; x_wconf 81' lang='lat' dir='ltr'><strong>narrabantus:</strong></span> <span class='ocrx_word' id='word_1_794' title='bbox 1493 2245 1641 2279; x_wconf 89' lang='lat' dir='ltr'><strong>posteriore</strong></span> <span class='ocrx_word' id='word_1_795' title='bbox 1668 2243 1724 2271; x_wconf 84' lang='lat' dir='ltr'><strong>for-</strong></span> 
     </span>
    </p>
   </div>
   <div class='ocr_carea' id='block_1_107' title="bbox 940 2289 1724 2322">
    <p class='ocr_par' dir='ltr' id='par_1_107' title="bbox 940 2289 1724 2322">
     <span class='ocr_line' id='line_1_107' title="bbox 940 2289 1724 2322; baseline -0.001 -6"><span class='ocrx_word' id='word_1_796' title='bbox 940 2293 1023 2322; x_wconf 85' lang='lat' dir='ltr'><strong>tasse,</strong></span> <span class='ocrx_word' id='word_1_797' title='bbox 1035 2297 1096 2317; x_wconf 91' lang='lat' dir='ltr'><strong>cum</strong></span> <span class='ocrx_word' id='word_1_798' title='bbox 1112 2290 1219 2317; x_wconf 86' lang='lat' dir='ltr'><strong>eosdem</strong></span> <span class='ocrx_word' id='word_1_799' title='bbox 1233 2295 1331 2318; x_wconf 91' lang='lat' dir='ltr'><strong>tortum</strong></span> <span class='ocrx_word' id='word_1_800' title='bbox 1353 2291 1386 2318; x_wconf 91' lang='lat' dir='ltr'><strong>iri</strong></span> <span class='ocrx_word' id='word_1_801' title='bbox 1402 2290 1540 2318; x_wconf 87' lang='lat' dir='ltr'><strong>confessus</strong></span> <span class='ocrx_word' id='word_1_802' title='bbox 1554 2290 1644 2321; x_wconf 80' lang='grc' dir='ltr'><strong>εςιεὶς</strong></span> <span class='ocrx_word' id='word_1_803' title='bbox 1661 2289 1724 2321; x_wconf 77' lang='grc' dir='ltr'>τοὺς</span> 
     </span>
    </p>
   </div>
   <div class='ocr_carea' id='block_1_108' title="bbox 941 2335 1723 2370">
    <p class='ocr_par' dir='ltr' id='par_1_108' title="bbox 941 2335 1723 2370">
     <span class='ocr_line' id='line_1_108' title="bbox 941 2335 1723 2370; baseline -0.003 -7"><span class='ocrx_word' id='word_1_804' title='bbox 941 2335 1043 2367; x_wconf 81' lang='grc' dir='ltr'>αἰῶνας</span> <span class='ocrx_word' id='word_1_805' title='bbox 1052 2335 1107 2361; x_wconf 85' lang='grc' dir='ltr'><strong>τῶν</strong></span> <span class='ocrx_word' id='word_1_806' title='bbox 1119 2335 1235 2364; x_wconf 68' lang='grc' dir='ltr'>αἰώνων.</span> <span class='ocrx_word' id='word_1_807' title='bbox 1247 2335 1380 2363; x_wconf 68' lang='lat' dir='ltr'><strong>(laterum</strong></span> <span class='ocrx_word' id='word_1_808' title='bbox 1396 2344 1449 2363; x_wconf 91' lang='lat' dir='ltr'><strong>non</strong></span> <span class='ocrx_word' id='word_1_809' title='bbox 1464 2341 1504 2363; x_wconf 87' lang='lat' dir='ltr'><strong>est</strong></span> <span class='ocrx_word' id='word_1_810' title='bbox 1517 2340 1614 2370; x_wconf 73' lang='lat' dir='ltr'><strong>praeter</strong></span> <span class='ocrx_word' id='word_1_811' title='bbox 1628 2335 1723 2370; x_wconf 88' lang='lat' dir='ltr'><strong>Orige-</strong></span> 
     </span>
    </p>
   </div>
   <div class='ocr_carea' id='block_1_109' title="bbox 940 2379 1722 2415">
    <p class='ocr_par' dir='ltr' id='par_1_109' title="bbox 940 2379 1722 2415">
     <span class='ocr_line' id='line_1_109' title="bbox 940 2379 1722 2415; baseline 0 -8"><span class='ocrx_word' id='word_1_812' title='bbox 940 2379 983 2407; x_wconf 92' lang='lat' dir='ltr'><strong>nis</strong></span> <span class='ocrx_word' id='word_1_813' title='bbox 995 2379 1148 2414; x_wconf 89' lang='lat' dir='ltr'><strong>opinionem</strong></span> <span class='ocrx_word' id='word_1_814' title='bbox 1170 2379 1222 2406; x_wconf 92' lang='lat' dir='ltr'><strong>alia</strong></span> <span class='ocrx_word' id='word_1_815' title='bbox 1239 2379 1297 2407; x_wconf 81' lang='lat' dir='ltr'><strong>hzec</strong></span> <span class='ocrx_word' id='word_1_816' title='bbox 1311 2380 1434 2408; x_wconf 83' lang='lat' dir='ltr'><strong>vocabuli</strong></span> <span class='ocrx_word' id='word_1_817' title='bbox 1458 2380 1525 2408; x_wconf 65' lang='grc' dir='ltr'>αἰὼν</span> <span class='ocrx_word' id='word_1_818' title='bbox 1548 2380 1722 2415; x_wconf 82' lang='lat' dir='ltr'><strong>signiﬁcatio.</strong></span> 
     </span>
    </p>
   </div>
   <div class='ocr_carea' id='block_1_110' title="bbox 944 2424 1723 2461">
    <p class='ocr_par' dir='ltr' id='par_1_110' title="bbox 944 2424 1723 2461">
     <span class='ocr_line' id='line_1_110' title="bbox 944 2424 1723 2461; baseline 0 -10"><span class='ocrx_word' id='word_1_819' title='bbox 944 2431 1025 2458; x_wconf 90' lang='lat' dir='ltr'><strong>quam</strong></span> <span class='ocrx_word' id='word_1_820' title='bbox 1041 2428 1115 2452; x_wconf 92' lang='lat' dir='ltr'><strong>notat</strong></span> <span class='ocrx_word' id='word_1_821' title='bbox 1129 2424 1227 2452; x_wconf 88' lang='lat' dir='ltr'><strong>ibidem</strong></span> <span class='ocrx_word' id='word_1_822' title='bbox 1244 2424 1416 2461; x_wconf 69' lang='lat' dir='ltr'><strong>Elymologus</strong></span> <span class='ocrx_word' id='word_1_823' title='bbox 1436 2433 1446 2453; x_wconf 91' lang='lat'><strong><em>:</em></strong></span> <span class='ocrx_word' id='word_1_824' title='bbox 1471 2426 1543 2454; x_wconf 73' lang='grc' dir='ltr'><strong>Αιὼυ</strong></span> <span class='ocrx_word' id='word_1_825' title='bbox 1559 2426 1606 2454; x_wconf 71' lang='grc' dir='ltr'><strong>καὶ</strong></span> <span class='ocrx_word' id='word_1_826' title='bbox 1618 2425 1723 2456; x_wconf 58' lang='lat' dir='ltr'><strong>datam;</strong></span> 
     </span>
    </p>
   </div>
   <div class='ocr_carea' id='block_1_111' title="bbox 944 2469 1722 2504">
    <p class='ocr_par' dir='ltr' id='par_1_111' title="bbox 944 2469 1722 2504">
     <span class='ocr_line' id='line_1_111' title="bbox 944 2469 1722 2504; baseline 0.001 -7"><span class='ocrx_word' id='word_1_827' title='bbox 944 2471 991 2497; x_wconf 72' lang='lat' dir='ltr'><strong>xui.</strong></span> <span class='ocrx_word' id='word_1_828' title='bbox 1009 2470 1024 2496; x_wconf 82' lang='grc' dir='ltr'>ὁ</span> <span class='ocrx_word' id='word_1_829' title='bbox 1035 2469 1224 2504; x_wconf 84' lang='grc' dir='ltr'>ἀτελεύτητος·</span> <span class='ocrx_word' id='word_1_830' title='bbox 1237 2479 1299 2499; x_wconf 91' lang='lat' dir='ltr'><strong>nam</strong></span> <span class='ocrx_word' id='word_1_831' title='bbox 1317 2476 1383 2500; x_wconf 89' lang='lat' dir='ltr'><strong>tom.</strong></span> <span class='ocrx_word' id='word_1_832' title='bbox 1403 2480 1487 2500; x_wconf 86' lang='lat' dir='ltr'><strong>xxvnt</strong></span> <span class='ocrx_word' id='word_1_833' title='bbox 1504 2473 1531 2500; x_wconf 79' lang='lat' dir='ltr'><strong>in</strong></span> <span class='ocrx_word' id='word_1_834' title='bbox 1542 2472 1635 2504; x_wconf 82' lang='lat' dir='ltr'><strong>Joan.,</strong></span> <span class='ocrx_word' id='word_1_835' title='bbox 1648 2480 1722 2499; x_wconf 89' lang='lat' dir='ltr'><strong>num.</strong></span> 
     </span>
    </p>
   </div>
   <div class='ocr_carea' id='block_1_112' title="bbox 943 2516 1722 2554">
    <p class='ocr_par' dir='ltr' id='par_1_112' title="bbox 943 2516 1722 2554">
     <span class='ocr_line' id='line_1_112' title="bbox 943 2516 1722 2554; baseline 0.005 -13"><span class='ocrx_word' id='word_1_836' title='bbox 943 2516 971 2549; x_wconf 90' lang='lat'><strong>7,</strong></span> <span class='ocrx_word' id='word_1_837' title='bbox 997 2517 1038 2549; x_wconf 80' lang='grc' dir='ltr'><strong>εἱς</strong></span> <span class='ocrx_word' id='word_1_838' title='bbox 1061 2517 1156 2551; x_wconf 84' lang='grc' dir='ltr'>αἰῶνα,</span> <span class='ocrx_word' id='word_1_839' title='bbox 1181 2517 1223 2545; x_wconf 90' lang='lat' dir='ltr'><strong>vel</strong></span> <span class='ocrx_word' id='word_1_840' title='bbox 1245 2519 1284 2550; x_wconf 80' lang='lat' dir='ltr'><strong>sl;</strong></span> <span class='ocrx_word' id='word_1_841' title='bbox 1307 2517 1408 2550; x_wconf 74' lang='grc' dir='ltr'>αἰῶνας</span> <span class='ocrx_word' id='word_1_842' title='bbox 1440 2518 1550 2554; x_wconf 82' lang='lat' dir='ltr'><strong>intelligi</strong></span> <span class='ocrx_word' id='word_1_843' title='bbox 1585 2519 1640 2545; x_wconf 88' lang='lat' dir='ltr'><strong>vult</strong></span> <span class='ocrx_word' id='word_1_844' title='bbox 1661 2517 1722 2546; x_wconf 91' lang='lat' dir='ltr'><strong>Ori-</strong></span> 
     </span>
    </p>
   </div>
   <div class='ocr_carea' id='block_1_113' title="bbox 942 2563 1722 2598">
    <p class='ocr_par' dir='ltr' id='par_1_113' title="bbox 942 2563 1722 2598">
     <span class='ocr_line' id='line_1_113' title="bbox 942 2563 1722 2598; baseline 0.003 -8"><span class='ocrx_word' id='word_1_845' title='bbox 942 2570 1033 2598; x_wconf 88' lang='lat' dir='ltr'><strong>genes,</strong></span> <span class='ocrx_word' id='word_1_846' title='bbox 1059 2570 1108 2598; x_wconf 90' lang='lat' dir='ltr'><strong>pro</strong></span> <span class='ocrx_word' id='word_1_847' title='bbox 1131 2571 1163 2591; x_wconf 92' lang='lat' dir='ltr'><strong>eo</strong></span> <span class='ocrx_word' id='word_1_848' title='bbox 1188 2564 1257 2598; x_wconf 90' lang='lat' dir='ltr'><strong>quod</strong></span> <span class='ocrx_word' id='word_1_849' title='bbox 1288 2569 1330 2592; x_wconf 88' lang='lat' dir='ltr'><strong>est</strong></span> <span class='ocrx_word' id='word_1_850' title='bbox 1348 2563 1401 2590; x_wconf 80' lang='grc' dir='ltr'>ἀεί.</span> <span class='ocrx_word' id='word_1_851' title='bbox 1426 2563 1513 2591; x_wconf 84' lang='lat' dir='ltr'><strong>Verba</strong></span> <span class='ocrx_word' id='word_1_852' title='bbox 1543 2564 1602 2592; x_wconf 63' lang='lat' dir='ltr'><strong>haec</strong></span> <span class='ocrx_word' id='word_1_853' title='bbox 1632 2569 1722 2593; x_wconf 83' lang='lat' dir='ltr'><strong>sunt:</strong></span> 
     </span>
    </p>
   </div>
   <div class='ocr_carea' id='block_1_114' title="bbox 943 2603 1723 2646">
    <p class='ocr_par' dir='ltr' id='par_1_114' title="bbox 943 2603 1723 2646">
     <span class='ocr_line' id='line_1_114' title="bbox 943 2603 1723 2646; baseline 0 -10"><span class='ocrx_word' id='word_1_854' title='bbox 943 2603 1114 2644; x_wconf 71' lang='grc' dir='ltr'><strong>Ζητήσειςδὲ</strong></span> <span class='ocrx_word' id='word_1_855' title='bbox 1124 2610 1188 2645; x_wconf 75' lang='grc' dir='ltr'>περὶ</span> <span class='ocrx_word' id='word_1_856' title='bbox 1202 2609 1249 2636; x_wconf 82' lang='grc' dir='ltr'>τοῦ</span> <span class='ocrx_word' id='word_1_857' title='bbox 1266 2609 1304 2645; x_wconf 88' lang='grc' dir='ltr'>μὴ</span> <span class='ocrx_word' id='word_1_858' title='bbox 1320 2609 1491 2644; x_wconf 77' lang='grc' dir='ltr'>ἐνδεδυμένον</span> <span class='ocrx_word' id='word_1_859' title='bbox 1511 2609 1610 2644; x_wconf 77' lang='grc' dir='ltr'>ἔνδυμα</span> <span class='ocrx_word' id='word_1_860' title='bbox 1623 2610 1723 2646; x_wconf 85' lang='grc' dir='ltr'><strong>γάμου,</strong></span> 
     </span>
    </p>
   </div>
   <div class='ocr_carea' id='block_1_115' title="bbox 942 2652 1722 2692">
    <p class='ocr_par' dir='ltr' id='par_1_115' title="bbox 942 2652 1722 2692">
     <span class='ocr_line' id='line_1_115' title="bbox 942 2652 1722 2692; baseline 0.001 -10"><span class='ocrx_word' id='word_1_861' title='bbox 942 2656 1006 2692; x_wconf 78' lang='grc' dir='ltr'>περὶ</span> <span class='ocrx_word' id='word_1_862' title='bbox 1021 2652 1051 2683; x_wconf 76' lang='grc' dir='ltr'>οὗ</span> <span class='ocrx_word' id='word_1_863' title='bbox 1064 2656 1170 2691; x_wconf 78' lang='grc' dir='ltr'>εῐρηται</span> <span class='ocrx_word' id='word_1_864' title='bbox 1181 2664 1188 2671; x_wconf 75' lang='grc'><strong><em>⁸</em></strong></span> <span class='ocrx_word' id='word_1_865' title='bbox 1205 2657 1340 2692; x_wconf 85' lang='grc' dir='ltr'><strong>Δήσαντες</strong></span> <span class='ocrx_word' id='word_1_866' title='bbox 1353 2655 1433 2682; x_wconf 83' lang='grc' dir='ltr'>αὑτὸν</span> <span class='ocrx_word' id='word_1_867' title='bbox 1453 2655 1540 2682; x_wconf 85' lang='grc' dir='ltr'>ποδῶν</span> <span class='ocrx_word' id='word_1_868' title='bbox 1555 2656 1602 2682; x_wconf 70' lang='grc' dir='ltr'>καὶ</span> <span class='ocrx_word' id='word_1_869' title='bbox 1614 2657 1722 2692; x_wconf 84' lang='grc' dir='ltr'>χειρῶν,</span> 
     </span>
    </p>
   </div>
   <div class='ocr_carea' id='block_1_116' title="bbox 943 2700 1750 2737">
    <p class='ocr_par' dir='ltr' id='par_1_116' title="bbox 943 2700 1750 2737">
     <span class='ocr_line' id='line_1_116' title="bbox 943 2700 1750 2737; baseline 0 -9"><span class='ocrx_word' id='word_1_870' title='bbox 943 2701 1087 2731; x_wconf 75' lang='grc' dir='ltr'>ἐκϐάλλετε</span> <span class='ocrx_word' id='word_1_871' title='bbox 1103 2701 1184 2729; x_wconf 74' lang='grc' dir='ltr'>αὑτὸν</span> <span class='ocrx_word' id='word_1_872' title='bbox 1202 2702 1242 2733; x_wconf 83' lang='grc' dir='ltr'>εις</span> <span class='ocrx_word' id='word_1_873' title='bbox 1260 2702 1290 2728; x_wconf 80' lang='grc' dir='ltr'>τὸ</span> <span class='ocrx_word' id='word_1_874' title='bbox 1305 2702 1397 2733; x_wconf 58' lang='lat' dir='ltr'><strong>excito;</strong></span> <span class='ocrx_word' id='word_1_875' title='bbox 1410 2701 1441 2728; x_wconf 87' lang='grc' dir='ltr'>τδ</span> <span class='ocrx_word' id='word_1_876' title='bbox 1454 2700 1595 2736; x_wconf 77' lang='grc' dir='ltr'>ἐξώτερον,</span> <span class='ocrx_word' id='word_1_877' title='bbox 1611 2702 1725 2737; x_wconf 69' lang='grc' dir='ltr'>πότερον</span> <span class='ocrx_word' id='word_1_878' title='bbox 1748 2722 1750 2724; x_wconf 56' lang='grc' dir='ltr'><strong>τ</strong></span> 
     </span>
    </p>
   </div>
   <div class='ocr_carea' id='block_1_117' title="bbox 944 2745 1744 2783">
    <p class='ocr_par' dir='ltr' id='par_1_117' title="bbox 944 2745 1744 2783">
     <span class='ocr_line' id='line_1_117' title="bbox 944 2745 1744 2783; baseline 0.001 -10"><span class='ocrx_word' id='word_1_879' title='bbox 944 2747 969 2774; x_wconf 78' lang='grc' dir='ltr'>εἰ</span> <span class='ocrx_word' id='word_1_880' title='bbox 984 2746 1027 2774; x_wconf 74' lang='grc' dir='ltr'><strong>ἀεὶ</strong></span> <span class='ocrx_word' id='word_1_881' title='bbox 1040 2747 1114 2783; x_wconf 77' lang='grc' dir='ltr'>μένει</span> <span class='ocrx_word' id='word_1_882' title='bbox 1125 2746 1275 2783; x_wconf 84' lang='grc' dir='ltr'>δεδεμένος,</span> <span class='ocrx_word' id='word_1_883' title='bbox 1293 2746 1340 2774; x_wconf 78' lang='grc' dir='ltr'><strong>καὶ</strong></span> <span class='ocrx_word' id='word_1_884' title='bbox 1358 2747 1387 2774; x_wconf 77' lang='grc' dir='ltr'>ἑν</span> <span class='ocrx_word' id='word_1_885' title='bbox 1411 2745 1450 2782; x_wconf 80' lang='grc' dir='ltr'>τῷ</span> <span class='ocrx_word' id='word_1_886' title='bbox 1473 2745 1596 2781; x_wconf 78' lang='grc' dir='ltr'><strong>ὲξωτέρῳ</strong></span> <span class='ocrx_word' id='word_1_887' title='bbox 1614 2747 1700 2783; x_wconf 74' lang='grc' dir='ltr'><strong>σκότῳ</strong></span> <span class='ocrx_word' id='word_1_888' title='bbox 1713 2754 1744 2783; x_wconf 53' lang='grc' dir='ltr'>τε</span> 
     </span>
    </p>
   </div>
  </div>
