1927 3076
207 106 274 144 ia'u

836 116 865 143 Ρ.
888 115 1045 144 DANIELIS
1063 115 1180 144 IIUETII

1752 115 1822 144 I0l8

205 174 239 200 οὔ
250 172 474 218 γὰρθπρόοκειται
490 171 534 198 τό·
547 173 598 204 Εἰς
617 172 669 218 c67-
691 173 782 200 αἰῶνα
794 193 802 207 ,
820 174 836 209 ἢ
852 175 904 207 El;-
919 174 986 207 τοὺς

1048 179 1095 202 ate
1112 179 1192 208 alque
1212 172 1354 201 concordia
1366 193 1373 206 ,
1395 172 1421 200 in
1435 179 1488 208 qua
1511 179 1526 200 a
1545 172 1601 200 Deo
1616 171 1745 208 primitus
1759 180 1823 207 pro-

206 215 324 250 aldwuq,
341 217 357 251 ἢ
373 216 515 252 λυθήσεται
533 224 608 244 ποτε.
624 215 678 244 Nec
697 216 776 244 aliter
786 217 987 253 intelligendum

206 267 270 298 puto
297 262 465 293 vocabulum,
488 260 604 296 αἰώνιος,
631 263 678 290 lib.
706 270 744 290 vn
778 268 863 291 contr.
893 264 988 292 Cels.:

213 309 281 336 Ἀλλ’
302 308 356 334 οὐδ’
381 307 520 334 ἀκίνδυνον
538 307 587 342 τὴν
611 307 665 334 τῶν
688 308 814 335 τοιούτων
840 310 988 344 σαφήνειαν

207 355 347 382 πιστεῦσαι
373 354 483 389 Γραφῇ·
499 353 546 380 ἅτε
562 354 616 380 τῶν
648 354 753 381 πολλῶν
779 355 809 381 οὐ
836 355 990 392 χρῃζόντων

207 401 325 432 πλείονος
347 399 519 431 διδασκαλίας
536 399 611 436 παρὰ
634 400 683 435 τὴν
702 401 766 436 περὶ
787 401 836 436 τῆς
852 401 922 428 κατὰ
937 402 989 429 τῶν

206 446 413 482 ἁμαρτανόντων
439 445 592 477 κολάσεως·
609 447 649 477 εἰς
673 445 727 483 γὰρ
748 446 781 473 τὰ
810 447 879 482 ὑπὲρ
901 448 990 475 ἐκεῖνα.

205 492 289 528 αὐτῆς
302 491 332 518 οὐ
346 492 480 528 χρήσιμον
499 491 654 519 ἀναϐαίνειν
668 492 712 519 διὰ
730 493 791 524 τοὺς
813 493 891 528 μόγις
916 493 990 529 φόϐῳ

205 539 254 574 τῆς
273 538 380 566 αἰωνίου
401 537 536 569 κολάσεως
555 538 607 565 κᾶν
634 539 823 571 συστέλλοντας
842 539 887 565 ἐπὶ
909 539 991 566 ποσὸν

206 585 256 620 τῆς
288 584 396 618 κακίας,
426 584 472 612 καὶ
496 585 550 612 τῶν
572 585 619 612 ἀπ’
651 585 735 620 αὐτῆς
761 586 991 621 ἁμαρτανομένων

206 639 295 667 χυσιν.

475 719 640 753 ΩΠᾸΕΒἹῚΟ
669 719 726 747 XII.

265 772 300 793 DE
319 773 420 798 IL'NDO,
440 773 570 794 PARADISO
589 773 751 799 TEI’IBESTIII,
773 774 807 793 ΕΤ
828 773 930 794 ΔΒΛΗΟ.

209 812 230 840 1.
252 813 310 840 Duo
322 812 354 839 de
364 812 462 839 mundo
476 813 562 846 quaeri
574 818 679 846 possunt
692 820 701 837 :
715 811 746 840 Il.
761 812 890 844 Primum,
904 816 994 838 utrum

243 847 710 893 €'_._.‘l'.‘.°_.ff"f',‘...d_'f”.’_ﬂ_97W?
733 848 993 893 Ϊῖ¹3⁴5¹ε¹ίέἕῗῗλῖἷ9¹³ἔῗῖ
1007 855 1029 884 Β
1045 867 1097 889 tem
1112 869 1171 889 cum
1189 860 1262 888 nulla
1279 860 1315 887 sit
1327 860 1482 893 diversitas,

244 881 386 910 rationales
404 887 512 909 naturas
527 882 608 916 [uisse
621 891 637 908 a
654 882 708 908 Deo
728 882 878 914 conditum;
895 881 937 909 lll.
951 882 989 909 ita

243 923 271 943 ut
301 917 465 944 existimasse
483 925 540 943 eum
568 916 660 944 Patres
689 917 773 950 aliqui
795 917 988 951 testiﬁcantur:

242 951 288 979 IV.
318 951 447 983 alterum,
469 957 557 978 utrum
576 951 663 986 plures
685 952 725 978 vel
745 951 836 986 fuisse,
850 951 898 981 tvel
915 960 987 984 esse,

243 987 282 1014 vel
296 988 352 1019 fore
371 987 481 1014 mundos
500 987 702 1018 existimaverit;
725 986 756 1014 V.
771 987 990 1021 quemadmodum

242 1022 293 1056 ipsi
301 1031 317 1049 α
329 1021 454 1062 Pati-ibus
465 1022 618 1056 quibusdam
628 1023 762 1062 objectum
778 1027 815 1049 est
821 1021 887 1062 εχι.
897 1030 991 1062 'quau-

244 1065 323 1091 quam
340 1057 396 1091 ejus
410 1065 517 1083 causam
534 1057 662 1083 nonnulla
671 1057 808 1091 adjuvant.
821 1056 876 1084 VII.
893 1056 991 1089 Explo-

244 1096 318 1118 ratur
329 1092 449 1125 Origenis
464 1092 589 1118 sententia
601 1094 634 1119 de
649 1093 791 1118 consitione
809 1092 927 1126 paradisi
939 1097 992 1118 ter-

245 1127 346 1159 restris,
368 1126 433 1153 VIII.
461 1131 485 1153 et
509 1126 540 1153 de
560 1127 666 1154 scerteis
693 1127 800 1158 tunicis,
819 1127 912 1160 quibus
935 1131 991 1160 post

244 1167 378 1196 peccatum
391 1161 508 1188 Adamus
521 1162 627 1188 indutus
637 1167 684 1188 est.
697 1161 742 1190 IX.
757 1161 891 1194 Quceritur
904 1168 993 1188 utrum

244 1197 342 1224 dixerit
360 1196 490 1223 Adanmm
506 1205 552 1231 per
571 1203 703 1231 peccatum
724 1197 922 1223 similitudinem
945 1196 994 1223 Dei

244 1232 364 1259 amisisse
376 1239 385 1258 :
399 1231 433 1258 X.
443 1236 467 1258 et
482 1237 569 1258 utrum
577 1232 693 1259 homines
706 1231 897 1260 Prteadamitas
914 1232 994 1259 exsti-

246 1268 308 1294 tisse
323 1267 373 1294 sibi
391 1267 507 1301 ﬁnxerit.

245 1312 266 1340 1.
280 1313 359 1340 Circa
379 1313 555 1347 qutestionem
574 1313 607 1340 de
628 1313 727 1340 mundo
748 1313 844 1348 duplex
857 1312 996 1340 excutien-

211 1359 274 1386 dum
288 1358 361 1387 venit
373 1359 538 1393 paradoxum
555 1358 663 1392 Origeni
677 1358 824 1392 ascriptum
844 1368 850 1385 τ
867 1358 994 1392 primum,

209 1409 300 1431 utrum
316 1411 343 1432 et
366 1412 420 1439 quo
436 1412 515 1432 sensu
536 1405 635 1432 dixerit
660 1403 789 1431 mundum
806 1409 918 1439 propter
933 1405 995 1431 ani-

211 1458 271 1477 mas
293 1450 440 1477 rationales
461 1457 476 1477 a
502 1451 556 1478 Deo
580 1449 666 1477 fuisse
686 1449 824 1477 conditum
846 1449 995 1482 :altcrum,

212 1503 246 1523 an
260 1496 366 1522 unicutn
376 1497 506 1523 duntaxat
527 1498 656 1522 mundum
680 1501 789 1522 creasse
804 1494 935 1527 antehac,
955 1495 996 1523 vel

212 1542 325 1576 posthac
350 1546 502 1569 creaturam
528 1548 589 1569 esse
614 1541 821 1569 asseveraverit.
850 1540 914 1574 Qua:
945 1542 998 1569 duo

213 1587 357 1622 quaerenda
384 1588 435 1615 sibi
457 1587 582 1623 proponit
605 1586 736 1622 Origenes
762 1587 789 1614 in
812 1587 891 1615 tertio
912 1589 1000 1622 capite

213 1633 274 1661 libri
300 1642 318 1660 ll
342 1633 411 1668 Περὶ
430 1633 539 1668 ἀρχῷγ,
560 1633 632 1668 quod
645 1633 828 1668 inscribitur,
862 1632 901 1661 De
924 1634 999 1660 initio

213 1680 305 1706 mundi
315 1686 337 1706 et
354 1680 440 1706 causis
453 1680 520 1714 ejus.

249 1725 280 1753 ll.
296 1725 416 1752 Primum
445 1725 516 1760 quod
544 1725 656 1758 attinet,
677 1731 756 1752 nemo
782 1732 836 1751 non
866 1725 939 1751 videt
967 1732 999 1751 ex

213 1772 384 1799 antecedenti
401 1771 484 1806 ipsius
500 1771 623 1806 doctrina
641 1774 732 1805 aptum
754 1771 780 1797 id
802 1778 873 1803 esse,
891 1777 1000 1797 natura-

214 1827 273 1846 rum
288 1818 393 1845 illarum
413 1818 499 1852 gratia
513 1837 521 1850 ,
537 1825 598 1852 quae
614 1821 677 1845 sunt
702 1816 815 1844 rati0nis
844 1817 999 1851 participes,

214 1864 342 1891 mundum
360 1872 374 1890 a
392 1864 446 1891 Deo
461 1865 543 1891 fuisse
562 1869 745 1899 procreatum.
769 1863 835 1891 Cum
851 1863 923 1890 enim
941 1863 1000 1889 atti-

215 1918 273 1937 rnas
292 1918 455 1946 quocunque
476 1915 547 1937 statu
571 1909 707 1937 collocata
738 1910 802 1942 sint,
831 1909 934 1936 arbitrii
961 1907 1001 1935 sui

215 1957 341 1983 libertate
366 1957 399 1983 ad
428 1956 595 1991 peccandum
624 1955 677 1991 vclg
691 1960 767 1983 recte
799 1955 932 1990 agendum
963 1954 1001 1980 uti

215 2003 340 2035 voluerit,
370 2007 397 2029 ct
425 2010 473 2037 pro
497 2002 617 2035 peccatis
642 2002 712 2028 hanc
740 2003 773 2030 iis
798 2002 946 2036 irrogatum
967 2000 1000 2028 iri

215 2055 335 2083 poenam,
355 2053 385 2074 ut
401 2048 427 2074 in
441 2048 564 2083 graviora
581 2054 613 2073 ac
628 2047 761 2074 crassiora
775 2053 887 2081 corpora
906 2054 1002 2073 amart-

216 2095 324 2127 denlur,
342 2102 400 2121 eam
419 2094 454 2120 ob
473 2101 529 2120 rem
546 2093 636 2120 dicere
648 2093 742 2120 debuit
764 2093 858 2128 gravia
876 2092 919 2119 illa
943 2100 1004 2119 cor-

216 2147 281 2174 pora
308 2140 418 2167 formari
441 2147 456 2166 a
480 2139 544 2171 Deo,
568 2138 796 2173 quemadmodum
811 2139 948 2173 ergastula
969 2139 1003 2166 ad

216 2187 371 2214 retinendos
396 2194 456 2213 reos
475 2191 680 2214 construuntur.
703 2185 818 2220 Copiosa
835 2185 870 2213 ad
892 2184 919 2212 id
941 2192 1003 2220 pro-

215 2231 334 2258 bandum
351 2231 476 2268 Origenis
502 2231 618 2259 habetur
640 2231 795 2258 dissertatio
813 2230 860 2258 lib.
890 2238 909 2259 tt
933 2230 1004 2266 Περὶ

215 2277 326 2313 ἀρχῶν,
347 2286 408 2312 cap.
431 2279 442 2305 I
459 2287 466 2305 :
484 2278 571 2305 (Cum
589 2285 665 2313 ergo,
687 2277 777 2312 inquit
791 2285 866 2304 num.
881 2277 910 2310 1,
928 2276 1015 2305 tanta"

216 2327 252 2353 sit
273 2325 365 2352 mundi
382 2325 518 2358 varietas,
544 2330 625 2360 atque
647 2325 674 2353 in
705 2325 771 2360 ipsis
799 2324 1006 2352 rationabilibus

216 2370 401 2398 animantibus
432 2370 467 2399 sit
493 2374 567 2397 tanta
595 2370 751 2401 diversitas,
786 2373 898 2403 propter
922 2375 1005 2403 quam

217 2417 299 2445 etiam
316 2417 404 2445 omnis
416 2416 516 2451 reliqua
536 2417 654 2444 varietas
672 2423 704 2443 ac
722 2414 868 2443 diversitas
888 2413 1006 2450 putanda

216 2467 258 2491 est
268 2462 424 2495 exstitisse;
444 2469 524 2497 quam
542 2469 654 2489 causam
677 2461 757 2488 aliain
782 2460 835 2488 dici
859 2459 1006 2495 oportebit,

217 2517 271 2544 qua
298 2510 414 2537 mundus
447 2510 610 2542 exstiterit,
635 2509 769 2544 praecipuo
798 2507 820 2535 si
852 2507 1007 2535 intueamur

218 2554 294 2582 illurn
315 2555 397 2583 linem
413 2562 460 2590 per
476 2563 557 2590 quem
571 2553 663 2582 omnia
679 2553 846 2581 restituenda
861 2553 887 2580 in
905 2556 1004 2580 statum

218 2601 289 2629 initii
304 2602 345 2629 sui
359 2601 430 2629 libro
441 2601 572 2637 superiori
588 2600 733 2628 dissertum
747 2603 789 2626 est
799 2598 896 2632 ‘lQuod
913 2599 1006 2633 utique

219 2647 243 2675 si
263 2654 466 2684 consequenter
486 2648 588 2676 dictum
614 2646 732 2677 videtur,
754 2652 834 2680 quam
863 2644 956 2678 aliam,
977 2648 1007 2671 ut

219 2693 348 2726 diximus.
375 2703 487 2722 causam
517 2694 670 2729 putabimus
696 2695 778 2720 tantte
806 2690 887 2726 hujus
914 2690 1005 2718 mundi

220 2739 399 2774 diversitalis,
425 2741 478 2768 nisi
502 2741 688 2768 diversitatem
712 2745 744 2766 ac
767 2738 926 2766 varietatem
949 2744 1006 2764 mo-

220 2788 306 2816 tuum.
321 2794 353 2814 ae
371 2787 547 2822 prolapsuum
562 2794 655 2816 eorum
671 2805 679 2821 ,
692 2785 738 2821 qui
753 2785 786 2813 ab
797 2784 842 2812 illa
863 2783 932 2812 initii
948 2782 1007 2811 uni-

257 2832 279 2848 “
295 2832 373 2859 ﬂom.
391 2821 511 2866 “11,720.
832 2821 846 2827 ﬂ
857 2823 859 2825 I
870 2822 893 2829 Ἢ

1039 219 1123 248 creati
1137 225 1211 252 sunt,
1225 219 1405 247 deciderunt?
1418 228 1428 245 ι
1451 218 1550 246 Eadem
1568 219 1635 246 dicit
1653 225 1714 253 cap.
1731 218 1747 245 9
1763 217 1823 245 libri

1039 274 1058 294 tt
1076 267 1113 293 De
1129 266 1252 301 princip.,
1273 273 1348 292 num.
1371 263 1408 291 2:
1425 274 1434 290 ι
1456 264 1510 292 Pro
1533 264 1652 292 motibus
1679 264 1737 291 suis
1758 272 1824 290 una-

1040 319 1152 348 quaeque
1170 319 1246 339 mens
1258 311 1299 338 vel
1316 310 1433 345 amplius
1448 310 1490 338 vel
1506 310 1614 346 parcius
1627 310 1728 337 bonum
1744 309 1826 345 negli-

1039 366 1114 394 gens,
1131 359 1157 384 in
1170 357 1335 386 contrarium
1353 357 1434 389 bonl,
1450 357 1521 391 quod
1542 357 1601 384 sine
1623 356 1705 383 dubio
1726 355 1825 382 malum

1040 410 1094 438 est,
1110 404 1276 432 trahebatur.
1292 404 1331 431 Ex
1348 411 1401 439 quo
1421 403 1530 430 videtur
1546 403 1650 430 semina
1663 402 1788 437 quaedam
1801 406 1828 428 et

1042 458 1139 478 causas
1149 450 1291 478 varietatis
1308 457 1340 477 ac
1359 449 1525 476 diversitatis
1539 448 1583 476 ille
1598 448 1718 475 omnium
1733 446 1828 474 condi-

1041 499 1083 523 tor
1100 495 1247 531 accepisse,
1266 500 1295 523 ut
1313 502 1362 531 pro
1380 494 1539 523 diversitate
1563 493 1707 525 tuentium,
1735 492 1761 520 id
1785 497 1827 519 est

1042 541 1243 569 rationabilium
1265 545 1466 573 creaturarum,
1487 547 1567 575 quam
1585 539 1771 567 diversitatem
1793 547 1827 566 ex

1041 594 1072 615 ea
1102 594 1183 614 causa
1204 594 1285 622 quam
1309 586 1431 622 superius
1456 586 1583 618 diximus,
1612 585 1741 620 putanda:
1765 591 1829 612 sunt

1043 632 1211 666 concepisse,
1228 632 1331 659 varium
1346 638 1378 658 ac
1390 631 1526 658 diversum
1541 630 1671 657 tnundum
1686 634 1803 658 crearet.
1817 639 1826 656 ι

1043 677 1138 711 Capite
1150 684 1215 704 vero
1232 677 1339 709 eodem,
1361 684 1437 703 num.
1463 675 1491 708 6,
1504 683 1561 703 rem
1588 675 1670 702 altius
1692 680 1829 710 repetens,

1044 723 1127 750 Deum
1150 723 1188 749 ait
1210 722 1243 749 ab
1260 722 1337 749 initio
1358 729 1420 748 cum
1439 721 1553 748 rationis
1567 725 1706 755 compotes
1720 724 1831 747 naturas

1043 775 1138 796 creare
1152 767 1243 799 vellet,
1261 767 1361 794 nullam
1376 766 1504 794 habuisse
1515 766 1625 793 creandi
1644 766 1750 793 illarum
1766 773 1831 792 cau—

1044 822 1102 842 sam
1121 819 1219 849 praeter
1230 814 1361 849 seipsum,
1375 820 1504 848 suamque
1520 813 1723 840 bonitatemzin
1739 819 1771 839 eo
1786 819 1832 838 an.

1495 867 1584 895 neque
1600 867 1634 887 ex
1648 865 1725 894 parte
1741 866 1831 886 rerum

1040 908 1220 936 creandarum
1239 907 1291 934 ulla
1307 911 1391 939 esset,
1408 906 1525 941 requales
1540 913 1597 939 eas,
1610 911 1638 933 et
1653 905 1833 940 undequaquc

1041 954 1142 981 similes
1158 954 1244 989 ipsum
1261 960 1421 988 procreasse
1439 961 1444 979 :
1460 952 1510 980 bas
1529 959 1605 985 vero,
1625 955 1655 978 ut
1670 955 1733 986 pote
1747 950 1833 978 libero

1041 999 1166 1035 praeditas
1182 999 1307 1031 arbitrio,
1327 1007 1380 1026 non
1395 998 1489 1027 eodem
1505 998 1585 1026 modo
1597 1005 1692 1025 omnes
1705 997 1758 1024 hac
1770 1003 1834 1024 usas

1042 1053 1101 1073 esse
1117 1045 1255 1079 facultate,
1268 1045 1329 1072 aliis
1349 1045 1374 1072 in
1394 1045 1491 1072 vitium
1507 1051 1539 1072 ac
1557 1044 1705 1078 nequitiam
1722 1042 1832 1070 ruenti-

1041 1093 1103 1126 bus,
1116 1092 1176 1119 aliis
1185 1091 1218 1119 ad
1231 1091 1342 1118 meliora
1355 1091 1577 1127 assurgentibus:
1587 1088 1743 1125 atquejnde
1755 1088 1836 1116 ratio-

1042 1139 1143 1166 nalium
1154 1143 1312 1166 naturarum
1330 1137 1467 1164 exstitisse
1478 1135 1654 1163 diﬁ'erentiam
1667 1142 1675 1161 :
1688 1134 1772 1161 Deum
1787 1141 1836 1160 au-

1044 1190 1097 1213 tem
1110 1190 1328 1219 unamquamque
1345 1190 1394 1217 pro
1409 1182 1514 1208 meritis
1530 1188 1628 1208 ornare
1644 1179 1779 1207 volentem
1795 1178 1836 1206 vel

1043 1231 1330 1263 ulcisci,diversitates
1344 1229 1476 1256 utentium
1491 1228 1517 1254 in
1530 1227 1611 1254 unius
1628 1226 1720 1253 mundi
1734 1232 1835 1253 conso-

1044 1277 1165 1306 nantiasn
1176 1276 1290 1303 traxisse
1303 1296 1310 1309 ,
1322 1275 1362 1302 sic
1372 1279 1500 1308 tanquam
1510 1273 1536 1300 in
1545 1280 1625 1299 uuam
1636 1272 1766 1304 domum,
1775 1278 1836 1306 qua

1046 1322 1118 1350 vasis
1143 1321 1233 1349 aureis
1245 1341 1253 1353 ,
1266 1321 1403 1356 argenteis
1424 1324 1450 1347 et
1473 1319 1601 1346 ﬁctilibus
1614 1317 1766 1345 instruitur.
1781 1326 1791 1342 ι
1804 1316 1837 1344 Et

1045 1367 1095 1394 has
1109 1373 1222 1400 causas,
1244 1365 1354 1400 inquit,
1379 1370 1408 1392 ut
1433 1372 1483 1399 ego
1500 1364 1633 1394 arbitror.
1652 1363 1767 1389 mundus
1787 1362 1838 1389 iste

1046 1421 1103 1441 sua:
1122 1412 1287 1440 diversitatis
1303 1411 1419 1446 accepit,
1437 1411 1498 1438 dum
1513 1415 1733 1443 unumquemque
1745 1407 1836 1434 divina

1047 1457 1216 1494 providentia
1231 1465 1279 1493 pro
1294 1457 1426 1484 varietate
1443 1459 1562 1482 motuum
1581 1461 1704 1486 suorum,
1718 1453 1761 1480 vel
1777 1453 1837 1480 ani-

1048 1511 1171 1535 morum,
1191 1503 1384 1538 propositoque
1407 1502 1555 1536 dispensat.
1571 1510 1580 1527 ι
1602 1500 1736 1534 Quocirca
1763 1504 1838 1527 tomo

1050 1557 1094 1577 xix
1112 1550 1139 1576 in
1151 1549 1245 1582 Joan.,
1261 1557 1337 1576 num.
1355 1549 1382 1580 5,
1394 1553 1422 1576 et
1436 1548 1525 1580 capite
1539 1547 1556 1574 5
1574 1547 1632 1574 libri
1650 1554 1680 1576 ιιι
1698 1547 1767 1581 Περὶ
1786 1546 1839 1580 dp-

1049 1596 1121 1632 χῶν,
1148 1603 1221 1623 num.
1243 1596 1270 1628 5,
1299 1595 1425 1622 observat
1447 1594 1610 1621 creationem
1641 1594 1734 1620 mundi
1765 1593 1839 1626 apud

1050 1643 1196 1677 scriptores
1219 1648 1312 1669 sacros
1333 1648 1403 1668 novo
1427 1640 1478 1668 hoc
1502 1644 1529 1667 et
1553 1639 1663 1675 proprio
1685 1639 1840 1674 καταὸδλῆς

1051 1689 1159 1716 nomine
1172 1686 1338 1722 nuncupari,
1359 1686 1422 1721 quia
1437 1685 1564 1712 nimirum
1583 1694 1592 1710 ι
1606 1685 1638 1712 de
1653 1684 1841 1718 superioribus

1052 1735 1084 1761 ad
1105 1733 1235 1761 inferiora
1252 1735 1413 1760 descensum
1426 1736 1482 1763 est,
1498 1739 1552 1758 non
1565 1731 1650 1758 solum
1668 1730 1702 1757 ab
1723 1730 1766 1758 his
1781 1729 1842 1756 atti-

1051 1779 1148 1806 mabus
1172 1785 1231 1813 qua:
1257 1778 1282 1805 id
1303 1782 1424 1804 motuum
1442 1783 1556 1803 suorum
1574 1776 1706 1802 varietate
1730 1781 1842 1801 merue-

1051 1829 1135 1857 runt,
1160 1832 1253 1858 verum
1271 1829 1299 1851 et
1317 1824 1351 1850 ab
1371 1823 1405 1851 iis
1424 1831 1484 1858 quae
1503 1823 1536 1850 ad
1554 1823 1634 1850 totius
1649 1821 1742 1848 mundi
1760 1820 1843 1848 mini-

1053 1860 1165 1898 sterium
1180 1876 1212 1897 ex
1226 1869 1278 1896 illis
1294 1868 1479 1903 superioribus
1494 1872 1521 1896 et
1538 1867 1720 1894 invisibilibus
1734 1867 1767 1893 ad
1783 1866 1842 1893 haec

1052 1915 1180 1943 inferiora
1207 1919 1234 1942 ct
1250 1914 1365 1942 visibilia
1386 1914 1506 1941 deducta:
1530 1918 1614 1945 sunt,
1639 1913 1702 1940 licet
1720 1920 1772 1939 non
1795 1919 1843 1937 vo-

1053 1960 1160 1994 lentes;
1186 1960 1296 1988 eanitati
1319 1960 1413 1994 quippe
1436 1958 1702 1993 creaturalsubjecla
1727 1963 1764 1984 est
1790 1964 1843 1984 non

1053 2008 1150 2040 volens,
1165 2007 1211 2034 sed
1222 2011 1327 2041 propter
1338 2013 1395 2033 eum
1407 2005 1451 2039 qui
1463 2004 1569 2039 subjecit
1582 2012 1638 2031 eam
1650 2004 1676 2030 in
1687 2011 1731 2037 spe
1745 2003 1778 2035 ",
1788 2009 1843 2037 qua

1053 2053 1097 2080 vel
1118 2053 1168 2087 sol,
1193 2052 1234 2080 vel
1258 2052 1332 2086 luna,
1354 2052 1395 2079 vel
1410 2051 1504 2083 stellae,
1523 2050 1563 2077 vel
1587 2049 1674 2084 angeli
1700 2048 1845 2083 explerent

1053 2099 1213 2134 obsequium
1230 2098 1330 2126 mundo
1343 2118 1350 2130 ,
1366 2102 1393 2125 et
1407 2097 1450 2124 bis
1463 2096 1606 2123 animabus
1621 2102 1680 2130 qua
1693 2095 1727 2121 ob
1745 2094 1844 2121 nimios

1056 2144 1181 2172 defectus
1204 2137 1304 2172 mentis
1325 2143 1505 2171 crassioribus
1528 2141 1589 2169 istis
1614 2145 1642 2168 et
1667 2138 1843 2167 solidioribus

1018 2203 1041 2230 ι)
1056 2190 1195 2225 indignere
1217 2190 1393 2226 corporibus,
1419 2193 1447 2216 et
1473 2192 1583 2224 propter
1603 2194 1649 2215 eos
1670 2185 1770 2221 quibus
1792 2185 1846 2213 hoc

1056 2240 1116 2263 erat
1129 2236 1314 2263 necessarium
1327 2255 1335 2268 ,
1359 2234 1477 2262 mundus
1500 2233 1552 2260 iste
1570 2232 1651 2259 etiam
1666 2230 1784 2258 visibilis
1803 2230 1846 2257 in.

1057 2283 1169 2310 stitutus
1185 2287 1237 2310 est.
1253 2292 1262 2308 ι
1279 2282 1311 2309 Ει
1323 2289 1385 2309 mox
1399 2291 1406 2309 :
1424 2291 1433 2307 t
1446 2280 1538 2308 Talem
1554 2287 1617 2307 vero
1628 2285 1659 2306 ac
1671 2283 1776 2305 tantum
1793 2284 1846 2312 pu-

1059 2329 1172 2357 tandum
1191 2333 1233 2356 est
1256 2328 1358 2356 factum
1379 2335 1438 2355 esse
1462 2327 1607 2358 mundum,
1627 2324 1672 2360 qui
1689 2324 1731 2351 vel
1749 2330 1846 2351 omnes

1058 2382 1106 2403 eas
1122 2375 1238 2408 animas,
1253 2381 1314 2409 quae
1327 2374 1353 2400 in
1376 2373 1428 2401 hoc
1449 2372 1548 2400 mundo
1565 2375 1672 2399 statuta:
1686 2374 1751 2397 sunt
1764 2377 1846 2397 exer-

1057 2420 1124 2453 ceri,
1144 2425 1265 2455 caperet,
1282 2419 1324 2447 vel
1343 2426 1437 2446 omnes
1459 2425 1507 2446 eas
1529 2416 1642 2445 virtutes
1665 2423 1725 2451 qua:
1748 2415 1848 2442 adesa:

1056 2466 1107 2499 eis,
1132 2470 1160 2493 et
1186 2466 1344 2500 dispensare
1368 2472 1415 2492 eas
1441 2471 1472 2491 ac
1495 2463 1592 2498 juvare
1620 2466 1723 2497 parata:
1741 2465 1817 2489 sunt.
1834 2469 1844 2486 ι

1056 2509 1145 2545 Atque
1167 2510 1225 2538 btet:
1248 2510 1305 2545 ipsa
1326 2509 1385 2537 loca
1400 2508 1532 2536 librorum
1547 2507 1617 2542 Περὶ
1634 2505 1736 2541 ἀρχῶν
1751 2512 1847 2540 repre-

1060 2555 1200 2584 hensionis
1223 2562 1304 2583 causa
1320 2555 1422 2590 profert
1442 2554 1624 2589 Hieronymus
1644 2553 1724 2587 epist.
1741 2551 1791 2583 59,
1813 2550 1847 2578 ad

1058 2603 1145 2637 Avit.,
1164 2611 1225 2639 cap.
1236 2603 1253 2630 2
1265 2608 1292 2630 et
1302 2602 1330 2629 5.
1345 2601 1405 2628 Alia
1422 2605 1552 2636 praeterea
1566 2600 1619 2627 duo
1631 2606 1646 2626 e
1661 2598 1730 2625 libro
1742 2605 1760 2624 ιι
1776 2595 1848 2630 Περὶ

1059 2649 1169 2686 ἀρχῶν,
1195 2657 1255 2685 cap.
1270 2650 1296 2682 Ι,
1317 2657 1390 2677 num.
1408 2649 1434 2682 l,
1460 2652 1488 2676 et
1512 2655 1528 2676 e
1547 2647 1594 2675 lib.
1610 2654 1636 2674 tv
1656 2645 1739 2673 refert
1763 2645 1848 2673 Justi-

1060 2698 1156 2725 nianus
1180 2697 1214 2723 ad
1242 2696 1342 2724 calcem
1367 2694 1488 2728 epistolae
1511 2694 1544 2720 ad
1564 2692 1690 2726 Menam,
1716 2699 1778 2726 quae
1795 2691 1848 2718 huc

1061 2742 1207 2771 inseruisse
1221 2749 1416 2776 supervacuum
1437 2747 1488 2767 non
1515 2739 1606 2766 fuerit.
1625 2737 1705 2765 Prior
1721 2737 1768 2765 hic
1785 2742 1845 2764 est:

1061 2787 1138 2815 Οὕτω
1154 2787 1186 2823 δὴ
1203 2785 1396 2814 ποικιλωτάτου
1415 2785 1517 2820 κόσμου
1532 2783 1708 2819 τυγχάνοντος
1719 2802 1727 2815 ,
1743 2782 1792 2810 καὶ
1806 2789 1847 2807 το·
