  <div class='ocr_page' id='page_1' title='image "/cluster/home/n/w/nwhite01/storage/ocr_20150623/17/njp.32101010944583/728.png"; bbox 0 0 1927 3076; ppageno 0'>
   <div class='ocr_carea' id='block_1_1' title="bbox 37 129 112 158">
    <p class='ocr_par' dir='ltr' id='par_1_1' title="bbox 37 129 112 158">
     <span class='ocr_line' id='line_1_1' title="bbox 37 129 112 158; baseline 0.027 -2"><span class='ocrx_word' id='word_1_1' title='bbox 37 129 112 158; x_wconf 72' lang='grc'><strong>1049</strong></span> 
     </span>
    </p>
   </div>
   <div class='ocr_carea' id='block_1_2' title="bbox 453 130 1268 168">
    <p class='ocr_par' dir='ltr' id='par_1_2' title="bbox 453 130 1268 168">
     <span class='ocr_line' id='line_1_2' title="bbox 453 130 1268 168; baseline 0.007 -11"><span class='ocrx_word' id='word_1_2' title='bbox 453 130 742 159; x_wconf 76' lang='lat' dir='ltr'><strong>ORIGENIANOHUM</strong></span> <span class='ocrx_word' id='word_1_3' title='bbox 764 132 828 160; x_wconf 85' lang='lat' dir='ltr'><strong>LIB.</strong></span> <span class='ocrx_word' id='word_1_4' title='bbox 850 132 882 166; x_wconf 92' lang='lat' dir='ltr'><strong>ll,</strong></span> <span class='ocrx_word' id='word_1_5' title='bbox 901 133 978 161; x_wconf 81' lang='lat' dir='ltr'><strong>CAP.</strong></span> <span class='ocrx_word' id='word_1_6' title='bbox 1000 134 1032 166; x_wconf 89' lang='lat' dir='ltr'><strong>ll,</strong></span> <span class='ocrx_word' id='word_1_7' title='bbox 1052 134 1190 168; x_wconf 68' lang='grc' dir='ltr'><strong>ρυΑςδτ.</strong></span> <span class='ocrx_word' id='word_1_8' title='bbox 1212 135 1268 162; x_wconf 76' lang='grc' dir='ltr'><strong>ΧΠ.</strong></span> 
     </span>
    </p>
   </div>
   <div class='ocr_carea' id='block_1_3' title="bbox 1600 139 1669 168">
    <p class='ocr_par' dir='ltr' id='par_1_3' title="bbox 1600 139 1669 168">
     <span class='ocr_line' id='line_1_3' title="bbox 1600 139 1669 168; baseline 0.029 -2"><span class='ocrx_word' id='word_1_9' title='bbox 1600 139 1669 168; x_wconf 75' lang='grc'><strong>1059</strong></span> 
     </span>
    </p>
   </div>
   <div class='ocr_carea' id='block_1_4' title="bbox 38 190 842 233">
    <p class='ocr_par' dir='ltr' id='par_1_4' title="bbox 38 190 834 230">
     <span class='ocr_line' id='line_1_4' title="bbox 38 190 834 230; baseline 0.004 -13"><span class='ocrx_word' id='word_1_10' title='bbox 38 191 131 218; x_wconf 82' lang='grc' dir='ltr'><strong>σαῦτα</strong></span> <span class='ocrx_word' id='word_1_11' title='bbox 150 190 267 226; x_wconf 60' lang='grc' dir='ltr'><strong>διάφορα</strong></span> <span class='ocrx_word' id='word_1_12' title='bbox 282 191 378 226; x_wconf 80' lang='grc' dir='ltr'>λογικὰ</span> <span class='ocrx_word' id='word_1_13' title='bbox 394 191 583 227; x_wconf 78' lang='grc' dir='ltr'><strong>περιέχοντος,</strong></span> <span class='ocrx_word' id='word_1_14' title='bbox 600 192 626 219; x_wconf 82' lang='grc' dir='ltr'>τί</span> <span class='ocrx_word' id='word_1_15' title='bbox 641 193 704 220; x_wconf 82' lang='grc' dir='ltr'><strong>ἄλλο</strong></span> <span class='ocrx_word' id='word_1_16' title='bbox 721 193 774 230; x_wconf 85' lang='grc' dir='ltr'><strong>χρὴ</strong></span> <span class='ocrx_word' id='word_1_17' title='bbox 793 194 834 221; x_wconf 83' lang='grc' dir='ltr'><strong>λέ-</strong></span> 
     </span>
    </p>
   </div>
   <div class='ocr_carea' id='block_1_5' title="bbox 895 190 1669 233">
    <p class='ocr_par' dir='ltr' id='par_1_5' title="bbox 895 195 1669 233">
     <span class='ocr_line' id='line_1_5' title="bbox 895 195 1669 233; baseline 0.009 -12"><span class='ocrx_word' id='word_1_18' title='bbox 895 195 977 222; x_wconf 88' lang='lat' dir='ltr'><strong>licunt</strong></span> <span class='ocrx_word' id='word_1_19' title='bbox 999 203 1137 230; x_wconf 79' lang='lat' dir='ltr'><strong>peccasse,</strong></span> <span class='ocrx_word' id='word_1_20' title='bbox 1157 202 1186 224; x_wconf 91' lang='lat' dir='ltr'><strong>et</strong></span> <span class='ocrx_word' id='word_1_21' title='bbox 1207 205 1255 232; x_wconf 92' lang='lat' dir='ltr'><strong>pro</strong></span> <span class='ocrx_word' id='word_1_22' title='bbox 1270 197 1430 225; x_wconf 85' lang='lat' dir='ltr'><strong>diversitate</strong></span> <span class='ocrx_word' id='word_1_23' title='bbox 1450 206 1621 233; x_wconf 77' lang='lat' dir='ltr'><strong>peccatorum</strong></span> <span class='ocrx_word' id='word_1_24' title='bbox 1637 201 1669 229; x_wconf 87' lang='lat' dir='ltr'><strong>de</strong></span> 
     </span>
    </p>
   </div>
   <div class='ocr_carea' id='block_1_6' title="bbox 36 236 833 275">
    <p class='ocr_par' dir='ltr' id='par_1_6' title="bbox 36 236 833 275">
     <span class='ocr_line' id='line_1_6' title="bbox 36 236 833 275; baseline 0.004 -12"><span class='ocrx_word' id='word_1_25' title='bbox 36 247 100 272; x_wconf 83' lang='grc' dir='ltr'>γειν</span> <span class='ocrx_word' id='word_1_26' title='bbox 111 236 199 264; x_wconf 79' lang='grc' dir='ltr'><strong>αἴτιον</strong></span> <span class='ocrx_word' id='word_1_27' title='bbox 213 237 352 272; x_wconf 78' lang='grc' dir='ltr'><strong>γεγονέναι</strong></span> <span class='ocrx_word' id='word_1_28' title='bbox 366 237 413 264; x_wconf 78' lang='grc' dir='ltr'><strong>τοῦ</strong></span> <span class='ocrx_word' id='word_1_29' title='bbox 428 238 577 274; x_wconf 73' lang='grc' dir='ltr'><strong>ὑποστῆναι</strong></span> <span class='ocrx_word' id='word_1_30' title='bbox 593 239 683 271; x_wconf 79' lang='grc' dir='ltr'><strong>αὐτὸν,</strong></span> <span class='ocrx_word' id='word_1_31' title='bbox 702 240 718 275; x_wconf 82' lang='grc' dir='ltr'>ἢ</span> <span class='ocrx_word' id='word_1_32' title='bbox 736 240 765 266; x_wconf 82' lang='grc' dir='ltr'>τὸ</span> <span class='ocrx_word' id='word_1_33' title='bbox 778 249 833 266; x_wconf 90' lang='grc' dir='ltr'><strong>ποι-</strong></span> 
     </span>
    </p>
   </div>
   <div class='ocr_carea' id='block_1_7' title="bbox 35 283 834 321">
    <p class='ocr_par' dir='ltr' id='par_1_7' title="bbox 35 283 834 321">
     <span class='ocr_line' id='line_1_7' title="bbox 35 283 834 321; baseline 0.001 -11"><span class='ocrx_word' id='word_1_34' title='bbox 35 284 116 311; x_wconf 80' lang='grc' dir='ltr'><strong>κίλον</strong></span> <span class='ocrx_word' id='word_1_35' title='bbox 137 284 187 319; x_wconf 77' lang='grc' dir='ltr'><strong>τῆς</strong></span> <span class='ocrx_word' id='word_1_36' title='bbox 207 283 391 316; x_wconf 78' lang='grc' dir='ltr'><strong>ἀποπτώὰἑως</strong></span> <span class='ocrx_word' id='word_1_37' title='bbox 413 283 465 310; x_wconf 79' lang='grc' dir='ltr'><strong>τῶν</strong></span> <span class='ocrx_word' id='word_1_38' title='bbox 487 284 535 319; x_wconf 71' lang='grc' dir='ltr'><strong>οὐχ</strong></span> <span class='ocrx_word' id='word_1_39' title='bbox 554 284 653 320; x_wconf 80' lang='grc' dir='ltr'><strong>ὁμοίως</strong></span> <span class='ocrx_word' id='word_1_40' title='bbox 671 285 720 321; x_wconf 80' lang='grc' dir='ltr'><strong>τῆς</strong></span> <span class='ocrx_word' id='word_1_41' title='bbox 742 285 834 317; x_wconf 78' lang='grc' dir='ltr'><strong>ἐνάδος</strong></span> 
     </span>
    </p>
   </div>
   <div class='ocr_carea' id='block_1_8' title="bbox 36 329 833 367">
    <p class='ocr_par' dir='ltr' id='par_1_8' title="bbox 36 329 833 367">
     <span class='ocr_line' id='line_1_8' title="bbox 36 329 833 367; baseline 0.001 -10"><span class='ocrx_word' id='word_1_42' title='bbox 36 330 235 367; x_wconf 68' lang='grc' dir='ltr'><strong>ἀπορρεόντων</strong></span> <span class='ocrx_word' id='word_1_43' title='bbox 247 338 254 345; x_wconf 88' lang='grc'><strong>·</strong></span> <span class='ocrx_word' id='word_1_44' title='bbox 273 339 282 356; x_wconf 84' lang='grc'><em>‹</em></span> <span class='ocrx_word' id='word_1_45' title='bbox 294 329 332 357; x_wconf 89' lang='lat' dir='ltr'><strong>lta</strong></span> <span class='ocrx_word' id='word_1_46' title='bbox 347 338 409 357; x_wconf 81' lang='lat' dir='ltr'><strong>cuin</strong></span> <span class='ocrx_word' id='word_1_47' title='bbox 429 338 534 358; x_wconf 89' lang='lat' dir='ltr'><strong>sutnma</strong></span> <span class='ocrx_word' id='word_1_48' title='bbox 555 331 713 358; x_wconf 72' lang='lat' dir='ltr'><strong>diversitate</strong></span> <span class='ocrx_word' id='word_1_49' title='bbox 727 337 833 359; x_wconf 88' lang='lat' dir='ltr'><strong>constet</strong></span> 
     </span>
    </p>
   </div>
   <div class='ocr_carea' id='block_1_9' title="bbox 36 376 833 410">
    <p class='ocr_par' dir='ltr' id='par_1_9' title="bbox 36 376 833 410">
     <span class='ocr_line' id='line_1_9' title="bbox 36 376 833 410; baseline 0 -6"><span class='ocrx_word' id='word_1_50' title='bbox 36 377 180 409; x_wconf 77' lang='lat' dir='ltr'><strong>mundus,</strong></span> <span class='ocrx_word' id='word_1_51' title='bbox 208 380 302 410; x_wconf 92' lang='lat' dir='ltr'><strong>totque</strong></span> <span class='ocrx_word' id='word_1_52' title='bbox 319 376 440 403; x_wconf 83' lang='lat' dir='ltr'><strong>diversas</strong></span> <span class='ocrx_word' id='word_1_53' title='bbox 463 376 601 403; x_wconf 89' lang='lat' dir='ltr'><strong>contineat</strong></span> <span class='ocrx_word' id='word_1_54' title='bbox 623 376 768 404; x_wconf 79' lang='lat' dir='ltr'><strong>rationales</strong></span> <span class='ocrx_word' id='word_1_55' title='bbox 786 385 833 404; x_wconf 86' lang='lat' dir='ltr'><strong>na-</strong></span> 
     </span>
    </p>
   </div>
   <div class='ocr_carea' id='block_1_10' title="bbox 36 421 833 457">
    <p class='ocr_par' dir='ltr' id='par_1_10' title="bbox 36 421 833 457">
     <span class='ocr_line' id='line_1_10' title="bbox 36 421 833 457; baseline -0.003 -7"><span class='ocrx_word' id='word_1_56' title='bbox 36 427 137 454; x_wconf 88' lang='lat' dir='ltr'><strong>turas,</strong></span> <span class='ocrx_word' id='word_1_57' title='bbox 158 429 219 457; x_wconf 65' lang='lat' dir='ltr'><strong>quas</strong></span> <span class='ocrx_word' id='word_1_58' title='bbox 242 421 295 448; x_wconf 89' lang='lat' dir='ltr'><strong>alia</strong></span> <span class='ocrx_word' id='word_1_59' title='bbox 317 429 399 449; x_wconf 88' lang='lat' dir='ltr'><strong>causa</strong></span> <span class='ocrx_word' id='word_1_60' title='bbox 415 421 527 449; x_wconf 86' lang='lat' dir='ltr'><strong>dicenda</strong></span> <span class='ocrx_word' id='word_1_61' title='bbox 550 426 592 449; x_wconf 88' lang='lat' dir='ltr'><strong>est</strong></span> <span class='ocrx_word' id='word_1_62' title='bbox 619 429 667 449; x_wconf 93' lang='lat' dir='ltr'><strong>cur</strong></span> <span class='ocrx_word' id='word_1_63' title='bbox 691 422 833 453; x_wconf 77' lang='lat' dir='ltr'><strong>subsistat,</strong></span> 
     </span>
    </p>
   </div>
   <div class='ocr_carea' id='block_1_11' title="bbox 37 467 834 504">
    <p class='ocr_par' dir='ltr' id='par_1_11' title="bbox 37 467 834 504">
     <span class='ocr_line' id='line_1_11' title="bbox 37 467 834 504; baseline 0.001 -9"><span class='ocrx_word' id='word_1_64' title='bbox 37 476 123 504; x_wconf 90' lang='lat' dir='ltr'><strong>quam</strong></span> <span class='ocrx_word' id='word_1_65' title='bbox 136 468 229 495; x_wconf 87' lang='lat' dir='ltr'><strong>varios</strong></span> <span class='ocrx_word' id='word_1_66' title='bbox 243 468 383 495; x_wconf 90' lang='lat' dir='ltr'><strong>decidendi</strong></span> <span class='ocrx_word' id='word_1_67' title='bbox 397 467 501 500; x_wconf 89' lang='lat' dir='ltr'><strong>modos,</strong></span> <span class='ocrx_word' id='word_1_68' title='bbox 517 475 611 495; x_wconf 88' lang='lat' dir='ltr'><strong>eorum</strong></span> <span class='ocrx_word' id='word_1_69' title='bbox 623 469 669 503; x_wconf 91' lang='lat' dir='ltr'><strong>qui</strong></span> <span class='ocrx_word' id='word_1_70' title='bbox 682 469 716 496; x_wconf 89' lang='lat' dir='ltr'><strong>ab</strong></span> <span class='ocrx_word' id='word_1_71' title='bbox 729 468 834 496; x_wconf 84' lang='lat' dir='ltr'><strong>unitate</strong></span> 
     </span>
    </p>
   </div>
   <div class='ocr_carea' id='block_1_12' title="bbox 37 513 832 549">
    <p class='ocr_par' dir='ltr' id='par_1_12' title="bbox 37 513 832 549">
     <span class='ocr_line' id='line_1_12' title="bbox 37 513 832 549; baseline -0.001 -8"><span class='ocrx_word' id='word_1_72' title='bbox 37 514 169 541; x_wconf 86' lang='lat' dir='ltr'><strong>similiter</strong></span> <span class='ocrx_word' id='word_1_73' title='bbox 180 521 233 541; x_wconf 88' lang='lat' dir='ltr'><strong>non</strong></span> <span class='ocrx_word' id='word_1_74' title='bbox 244 513 398 541; x_wconf 62' lang='lat' dir='ltr'><strong>defluunt?»</strong></span> <span class='ocrx_word' id='word_1_75' title='bbox 413 513 487 541; x_wconf 81' lang='lat' dir='ltr'><strong>Alter</strong></span> <span class='ocrx_word' id='word_1_76' title='bbox 499 514 534 541; x_wconf 92' lang='lat' dir='ltr'><strong>ita</strong></span> <span class='ocrx_word' id='word_1_77' title='bbox 549 521 578 541; x_wconf 88' lang='lat' dir='ltr'><strong>se</strong></span> <span class='ocrx_word' id='word_1_78' title='bbox 591 513 671 541; x_wconf 85' lang='lat' dir='ltr'><strong>habet</strong></span> <span class='ocrx_word' id='word_1_79' title='bbox 689 523 695 541; x_wconf 89' lang='lat'>:</span> <span class='ocrx_word' id='word_1_80' title='bbox 715 514 832 549; x_wconf 82' lang='grc' dir='ltr'><strong>Ἀνάγκη</strong></span> 
     </span>
    </p>
   </div>
   <div class='ocr_carea' id='block_1_13' title="bbox 39 558 835 595">
    <p class='ocr_par' dir='ltr' id='par_1_13' title="bbox 39 558 835 595">
     <span class='ocr_line' id='line_1_13' title="bbox 39 558 835 595; baseline 0 -9"><span class='ocrx_word' id='word_1_81' title='bbox 39 560 78 595; x_wconf 85' lang='grc' dir='ltr'><strong>μὴ</strong></span> <span class='ocrx_word' id='word_1_82' title='bbox 102 560 314 595; x_wconf 79' lang='grc' dir='ltr'><strong>προηγουμένην</strong></span> <span class='ocrx_word' id='word_1_83' title='bbox 334 559 477 594; x_wconf 79' lang='grc' dir='ltr'><strong>τυγχάνειν</strong></span> <span class='ocrx_word' id='word_1_84' title='bbox 492 559 542 595; x_wconf 77' lang='grc' dir='ltr'><strong>τὴν</strong></span> <span class='ocrx_word' id='word_1_85' title='bbox 559 558 613 586; x_wconf 85' lang='grc' dir='ltr'><strong>τῶν</strong></span> <span class='ocrx_word' id='word_1_86' title='bbox 636 560 768 595; x_wconf 83' lang='grc' dir='ltr'><strong>σωμάτων</strong></span> <span class='ocrx_word' id='word_1_87' title='bbox 786 559 835 594; x_wconf 70' lang='grc' dir='ltr'><strong>φύ-</strong></span> 
     </span>
    </p>
   </div>
   <div class='ocr_carea' id='block_1_14' title="bbox 38 605 834 641">
    <p class='ocr_par' dir='ltr' id='par_1_14' title="bbox 38 605 834 641">
     <span class='ocr_line' id='line_1_14' title="bbox 38 605 834 641; baseline 0 -9"><span class='ocrx_word' id='word_1_88' title='bbox 38 615 103 638; x_wconf 81' lang='grc' dir='ltr'><strong>σιν,</strong></span> <span class='ocrx_word' id='word_1_89' title='bbox 133 605 204 633; x_wconf 77' lang='grc' dir='ltr'><strong>ἀλλὰ</strong></span> <span class='ocrx_word' id='word_1_90' title='bbox 230 606 262 632; x_wconf 78' lang='grc' dir='ltr'><strong>ὲκ</strong></span> <span class='ocrx_word' id='word_1_91' title='bbox 292 606 492 641; x_wconf 77' lang='grc' dir='ltr'><strong>διαλειμμάτων</strong></span> <span class='ocrx_word' id='word_1_92' title='bbox 517 606 679 640; x_wconf 71' lang='grc' dir='ltr'><strong>ὑφίστασθαι</strong></span> <span class='ocrx_word' id='word_1_93' title='bbox 705 606 750 633; x_wconf 84' lang='grc' dir='ltr'>διά</span> <span class='ocrx_word' id='word_1_94' title='bbox 775 615 834 633; x_wconf 76' lang='grc' dir='ltr'><strong>τινα.</strong></span> 
     </span>
    </p>
   </div>
   <div class='ocr_carea' id='block_1_15' title="bbox 39 647 836 689">
    <p class='ocr_par' dir='ltr' id='par_1_15' title="bbox 39 647 836 689">
     <span class='ocr_line' id='line_1_15' title="bbox 39 647 836 689; baseline 0.003 -11"><span class='ocrx_word' id='word_1_95' title='bbox 39 651 236 688; x_wconf 66' lang='grc' dir='ltr'><strong>συμπτώματα</strong></span> <span class='ocrx_word' id='word_1_96' title='bbox 249 652 378 688; x_wconf 82' lang='grc' dir='ltr'><strong>γινόμενα</strong></span> <span class='ocrx_word' id='word_1_97' title='bbox 394 653 458 689; x_wconf 74' lang='grc' dir='ltr'>περὶ</span> <span class='ocrx_word' id='word_1_98' title='bbox 474 647 628 686; x_wconf 58' lang='grc' dir='ltr'>τᾶληγικὰ,</span> <span class='ocrx_word' id='word_1_99' title='bbox 645 653 759 688; x_wconf 83' lang='grc' dir='ltr'><strong>δεόμενα</strong></span> <span class='ocrx_word' id='word_1_100' title='bbox 788 662 836 680; x_wconf 85' lang='grc' dir='ltr'><strong>σω-</strong></span> 
     </span>
    </p>
   </div>
   <div class='ocr_carea' id='block_1_16' title="bbox 40 697 834 734">
    <p class='ocr_par' dir='ltr' id='par_1_16' title="bbox 40 697 834 734">
     <span class='ocr_line' id='line_1_16' title="bbox 40 697 834 734; baseline 0.001 -9"><span class='ocrx_word' id='word_1_101' title='bbox 40 698 150 734; x_wconf 82' lang='grc' dir='ltr'><strong>μᾶτων.</strong></span> <span class='ocrx_word' id='word_1_102' title='bbox 175 707 184 723; x_wconf 83' lang='grc' dir='ltr'><strong>ι</strong></span> <span class='ocrx_word' id='word_1_103' title='bbox 201 697 316 726; x_wconf 80' lang='lat' dir='ltr'><strong>Necesse</strong></span> <span class='ocrx_word' id='word_1_104' title='bbox 332 702 373 726; x_wconf 89' lang='lat' dir='ltr'><strong>est</strong></span> <span class='ocrx_word' id='word_1_105' title='bbox 394 706 446 726; x_wconf 92' lang='lat' dir='ltr'><strong>non</strong></span> <span class='ocrx_word' id='word_1_106' title='bbox 474 699 669 733; x_wconf 66' lang='lat' dir='ltr'><strong>prteexstitisse</strong></span> <span class='ocrx_word' id='word_1_107' title='bbox 692 706 834 733; x_wconf 85' lang='lat' dir='ltr'><strong>corporum</strong></span> 
     </span>
    </p>
   </div>
   <div class='ocr_carea' id='block_1_17' title="bbox 39 744 836 779">
    <p class='ocr_par' dir='ltr' id='par_1_17' title="bbox 39 744 836 779">
     <span class='ocr_line' id='line_1_17' title="bbox 39 744 836 779; baseline 0 -8"><span class='ocrx_word' id='word_1_108' title='bbox 39 751 183 776; x_wconf 88' lang='lat' dir='ltr'><strong>naturam,</strong></span> <span class='ocrx_word' id='word_1_109' title='bbox 202 744 248 772; x_wconf 89' lang='lat' dir='ltr'><strong>sed</strong></span> <span class='ocrx_word' id='word_1_110' title='bbox 272 752 321 779; x_wconf 91' lang='lat' dir='ltr'><strong>per</strong></span> <span class='ocrx_word' id='word_1_111' title='bbox 336 744 479 772; x_wconf 85' lang='lat' dir='ltr'><strong>intervalla</strong></span> <span class='ocrx_word' id='word_1_112' title='bbox 501 744 650 772; x_wconf 83' lang='lat' dir='ltr'><strong>subsistere</strong></span> <span class='ocrx_word' id='word_1_113' title='bbox 662 750 772 779; x_wconf 84' lang='lat' dir='ltr'><strong>propter</strong></span> <span class='ocrx_word' id='word_1_114' title='bbox 787 744 836 771; x_wconf 92' lang='lat' dir='ltr'><strong>ali-</strong></span> 
     </span>
    </p>
   </div>
   <div class='ocr_carea' id='block_1_18' title="bbox 39 789 834 827">
    <p class='ocr_par' dir='ltr' id='par_1_18' title="bbox 39 789 834 827">
     <span class='ocr_line' id='line_1_18' title="bbox 39 789 834 827; baseline 0 -9"><span class='ocrx_word' id='word_1_115' title='bbox 39 791 112 827; x_wconf 64' lang='lat' dir='ltr'><strong>(tuos</strong></span> <span class='ocrx_word' id='word_1_116' title='bbox 127 798 209 818; x_wconf 87' lang='lat' dir='ltr'><strong>casus</strong></span> <span class='ocrx_word' id='word_1_117' title='bbox 224 791 269 825; x_wconf 87' lang='lat' dir='ltr'><strong>qui</strong></span> <span class='ocrx_word' id='word_1_118' title='bbox 288 790 449 825; x_wconf 80' lang='lat' dir='ltr'><strong>contingunt</strong></span> <span class='ocrx_word' id='word_1_119' title='bbox 464 790 569 818; x_wconf 91' lang='lat' dir='ltr'><strong>naturis</strong></span> <span class='ocrx_word' id='word_1_120' title='bbox 585 789 691 818; x_wconf 83' lang='lat' dir='ltr'><strong>ratione</strong></span> <span class='ocrx_word' id='word_1_121' title='bbox 705 790 834 825; x_wconf 77' lang='lat' dir='ltr'><strong>pncditis,</strong></span> 
     </span>
    </p>
   </div>
   <div class='ocr_carea' id='block_1_19' title="bbox 39 835 495 871">
    <p class='ocr_par' dir='ltr' id='par_1_19' title="bbox 39 835 495 871">
     <span class='ocr_line' id='line_1_19' title="bbox 39 835 495 871; baseline -0.002 -8"><span class='ocrx_word' id='word_1_122' title='bbox 39 841 65 863; x_wconf 90' lang='lat' dir='ltr'><strong>et</strong></span> <span class='ocrx_word' id='word_1_123' title='bbox 86 844 150 870; x_wconf 67' lang='lat' dir='ltr'><strong>quae</strong></span> <span class='ocrx_word' id='word_1_124' title='bbox 165 836 325 871; x_wconf 87' lang='lat' dir='ltr'><strong>corporibus</strong></span> <span class='ocrx_word' id='word_1_125' title='bbox 341 835 472 870; x_wconf 82' lang='lat' dir='ltr'><strong>indigent.</strong></span> <span class='ocrx_word' id='word_1_126' title='bbox 486 845 495 861; x_wconf 81' lang='grc' dir='ltr'><strong>ι</strong></span> 
     </span>
    </p>
   </div>
   <div class='ocr_carea' id='block_1_20' title="bbox 883 241 1668 282">
    <p class='ocr_par' dir='ltr' id='par_1_20' title="bbox 883 241 1668 282">
     <span class='ocr_line' id='line_1_20' title="bbox 883 241 1668 282; baseline 0.008 -14"><span class='ocrx_word' id='word_1_127' title='bbox 883 241 960 269; x_wconf 74' lang='lat' dir='ltr'><strong>cmlis</strong></span> <span class='ocrx_word' id='word_1_128' title='bbox 978 250 1062 278; x_wconf 87' lang='lat' dir='ltr'><strong>usque</strong></span> <span class='ocrx_word' id='word_1_129' title='bbox 1077 243 1109 270; x_wconf 89' lang='lat' dir='ltr'><strong>ad</strong></span> <span class='ocrx_word' id='word_1_130' title='bbox 1125 248 1212 271; x_wconf 86' lang='lat' dir='ltr'><strong>terras</strong></span> <span class='ocrx_word' id='word_1_131' title='bbox 1226 243 1326 278; x_wconf 87' lang='lat' dir='ltr'><strong>lapsas,</strong></span> <span class='ocrx_word' id='word_1_132' title='bbox 1340 245 1447 273; x_wconf 88' lang='lat' dir='ltr'><strong>diversa</strong></span> <span class='ocrx_word' id='word_1_133' title='bbox 1461 253 1575 280; x_wconf 86' lang='lat' dir='ltr'><strong>corpora</strong></span> <span class='ocrx_word' id='word_1_134' title='bbox 1592 249 1668 282; x_wconf 78' lang='lat' dir='ltr'><strong>quasi</strong></span> 
     </span>
    </p>
   </div>
   <div class='ocr_carea' id='block_1_21' title="bbox 884 288 1669 324">
    <p class='ocr_par' dir='ltr' id='par_1_21' title="bbox 884 288 1669 324">
     <span class='ocr_line' id='line_1_21' title="bbox 884 288 1669 324; baseline 0.008 -10"><span class='ocrx_word' id='word_1_135' title='bbox 884 288 988 315; x_wconf 90' lang='lat' dir='ltr'><strong>vincula</strong></span> <span class='ocrx_word' id='word_1_136' title='bbox 1021 289 1165 322; x_wconf 88' lang='lat' dir='ltr'><strong>meruisse,</strong></span> <span class='ocrx_word' id='word_1_137' title='bbox 1194 296 1279 324; x_wconf 90' lang='lat' dir='ltr'><strong>eaque</strong></span> <span class='ocrx_word' id='word_1_138' title='bbox 1304 297 1385 318; x_wconf 83' lang='lat' dir='ltr'><strong>causa</strong></span> <span class='ocrx_word' id='word_1_139' title='bbox 1411 291 1540 318; x_wconf 85' lang='lat' dir='ltr'><strong>mundum</strong></span> <span class='ocrx_word' id='word_1_140' title='bbox 1569 293 1669 320; x_wconf 80' lang='lat' dir='ltr'><strong>factum</strong></span> 
     </span>
    </p>
   </div>
   <div class='ocr_carea' id='block_1_22' title="bbox 885 332 1670 371">
    <p class='ocr_par' dir='ltr' id='par_1_22' title="bbox 885 332 1670 371">
     <span class='ocr_line' id='line_1_22' title="bbox 885 332 1670 371; baseline 0.008 -12"><span class='ocrx_word' id='word_1_141' title='bbox 885 332 977 360; x_wconf 89' lang='lat' dir='ltr'><strong>fuisse.</strong></span> <span class='ocrx_word' id='word_1_142' title='bbox 993 343 1002 359; x_wconf 73' lang='grc' dir='ltr'><strong>ι</strong></span> <span class='ocrx_word' id='word_1_143' title='bbox 1028 332 1093 367; x_wconf 67' lang='lat' dir='ltr'><strong>Quae</strong></span> <span class='ocrx_word' id='word_1_144' title='bbox 1113 333 1171 361; x_wconf 86' lang='lat' dir='ltr'><strong>fere</strong></span> <span class='ocrx_word' id='word_1_145' title='bbox 1194 334 1332 367; x_wconf 72' lang='grc' dir='ltr'>αὐτιιλεξεὶ</span> <span class='ocrx_word' id='word_1_146' title='bbox 1356 336 1454 371; x_wconf 79' lang='lat' dir='ltr'><strong>repetit</strong></span> <span class='ocrx_word' id='word_1_147' title='bbox 1468 336 1601 365; x_wconf 85' lang='lat' dir='ltr'><strong>Honorius</strong></span> <span class='ocrx_word' id='word_1_148' title='bbox 1617 339 1670 366; x_wconf 85' lang='lat' dir='ltr'><strong>Au-</strong></span> 
     </span>
    </p>
   </div>
   <div class='ocr_carea' id='block_1_23' title="bbox 883 379 1665 417">
    <p class='ocr_par' dir='ltr' id='par_1_23' title="bbox 883 379 1665 417">
     <span class='ocr_line' id='line_1_23' title="bbox 883 379 1665 417; baseline 0.009 -12"><span class='ocrx_word' id='word_1_149' title='bbox 883 379 1090 413; x_wconf 79' lang='lat' dir='ltr'><strong>gustodunensis</strong></span> <span class='ocrx_word' id='word_1_150' title='bbox 1110 379 1135 406; x_wconf 93' lang='lat' dir='ltr'><strong>in</strong></span> <span class='ocrx_word' id='word_1_151' title='bbox 1154 379 1223 407; x_wconf 91' lang='lat' dir='ltr'><strong>libro</strong></span> <span class='ocrx_word' id='word_1_152' title='bbox 1243 380 1282 408; x_wconf 78' lang='lat' dir='ltr'><strong>De</strong></span> <span class='ocrx_word' id='word_1_153' title='bbox 1301 381 1455 408; x_wconf 74' lang='lat' dir='ltr'><strong>Itrzresibus.</strong></span> <span class='ocrx_word' id='word_1_154' title='bbox 1489 382 1610 417; x_wconf 83' lang='lat' dir='ltr'><strong>Denique</strong></span> <span class='ocrx_word' id='word_1_155' title='bbox 1635 383 1665 412; x_wconf 87' lang='lat' dir='ltr'><strong>S.</strong></span> 
     </span>
    </p>
   </div>
   <div class='ocr_carea' id='block_1_24' title="bbox 884 423 1668 460">
    <p class='ocr_par' dir='ltr' id='par_1_24' title="bbox 884 423 1668 460">
     <span class='ocr_line' id='line_1_24' title="bbox 884 423 1668 460; baseline 0.009 -10"><span class='ocrx_word' id='word_1_156' title='bbox 884 423 1004 450; x_wconf 78' lang='lat' dir='ltr'><strong>Thomas</strong></span> <span class='ocrx_word' id='word_1_157' title='bbox 1021 423 1151 451; x_wconf 87' lang='lat' dir='ltr'><strong>adversus</strong></span> <span class='ocrx_word' id='word_1_158' title='bbox 1166 425 1287 452; x_wconf 82' lang='lat' dir='ltr'><strong>eamdem</strong></span> <span class='ocrx_word' id='word_1_159' title='bbox 1303 427 1459 460; x_wconf 89' lang='lat' dir='ltr'><strong>opinionem</strong></span> <span class='ocrx_word' id='word_1_160' title='bbox 1478 426 1525 455; x_wconf 88' lang='lat' dir='ltr'><strong>lib.</strong></span> <span class='ocrx_word' id='word_1_161' title='bbox 1539 435 1558 455; x_wconf 86' lang='grc' dir='ltr'><strong>ιι</strong></span> <span class='ocrx_word' id='word_1_162' title='bbox 1578 427 1668 457; x_wconf 72' lang='lat' dir='ltr'><strong>Contr.</strong></span> 
     </span>
    </p>
   </div>
   <div class='ocr_carea' id='block_1_25' title="bbox 885 468 1424 504">
    <p class='ocr_par' dir='ltr' id='par_1_25' title="bbox 885 468 1424 504">
     <span class='ocr_line' id='line_1_25' title="bbox 885 468 1424 504; baseline 0.006 -9"><span class='ocrx_word' id='word_1_163' title='bbox 885 469 987 503; x_wconf 82' lang='lat' dir='ltr'><strong>gen!il.,</strong></span> <span class='ocrx_word' id='word_1_164' title='bbox 1003 476 1063 504; x_wconf 84' lang='lat' dir='ltr'><strong>cap.</strong></span> <span class='ocrx_word' id='word_1_165' title='bbox 1077 468 1123 501; x_wconf 70' lang='grc'><strong>44,</strong></span> <span class='ocrx_word' id='word_1_166' title='bbox 1142 469 1276 497; x_wconf 87' lang='lat' dir='ltr'><strong>acerrime</strong></span> <span class='ocrx_word' id='word_1_167' title='bbox 1293 471 1424 498; x_wconf 86' lang='lat' dir='ltr'><strong>decertat.</strong></span> 
     </span>
    </p>
   </div>
   <div class='ocr_carea' id='block_1_26' title="bbox 920 515 1672 548">
    <p class='ocr_par' dir='ltr' id='par_1_26' title="bbox 920 515 1672 548">
     <span class='ocr_line' id='line_1_26' title="bbox 920 515 1672 548; baseline 0.009 -7"><span class='ocrx_word' id='word_1_168' title='bbox 920 515 1053 548; x_wconf 85' lang='lat' dir='ltr'><strong>Quoniam</strong></span> <span class='ocrx_word' id='word_1_169' title='bbox 1081 520 1173 543; x_wconf 89' lang='lat' dir='ltr'><strong>autem</strong></span> <span class='ocrx_word' id='word_1_170' title='bbox 1201 516 1239 543; x_wconf 92' lang='lat' dir='ltr'><strong>ita</strong></span> <span class='ocrx_word' id='word_1_171' title='bbox 1270 524 1330 544; x_wconf 91' lang='lat' dir='ltr'><strong>cum</strong></span> <span class='ocrx_word' id='word_1_172' title='bbox 1359 519 1582 547; x_wconf 83' lang='lat' dir='ltr'><strong>antecedentibus</strong></span> <span class='ocrx_word' id='word_1_173' title='bbox 1607 527 1672 547; x_wconf 88' lang='lat' dir='ltr'><strong>con-</strong></span> 
     </span>
    </p>
   </div>
   <div class='ocr_carea' id='block_1_27' title="bbox 883 560 1670 600">
    <p class='ocr_par' dir='ltr' id='par_1_27' title="bbox 883 560 1670 600">
     <span class='ocr_line' id='line_1_27' title="bbox 883 560 1670 600; baseline 0.006 -12"><span class='ocrx_word' id='word_1_174' title='bbox 883 560 974 596; x_wconf 81' lang='lat' dir='ltr'><strong>juncta</strong></span> <span class='ocrx_word' id='word_1_175' title='bbox 998 566 1051 594; x_wconf 89' lang='lat' dir='ltr'><strong>est,</strong></span> <span class='ocrx_word' id='word_1_176' title='bbox 1077 566 1107 590; x_wconf 89' lang='lat' dir='ltr'><strong>ut</strong></span> <span class='ocrx_word' id='word_1_177' title='bbox 1134 569 1195 596; x_wconf 65' lang='lat' dir='ltr'><strong>qum</strong></span> <span class='ocrx_word' id='word_1_178' title='bbox 1217 562 1251 590; x_wconf 88' lang='lat' dir='ltr'><strong>ad</strong></span> <span class='ocrx_word' id='word_1_179' title='bbox 1273 564 1397 591; x_wconf 87' lang='lat' dir='ltr'><strong>tuendam</strong></span> <span class='ocrx_word' id='word_1_180' title='bbox 1421 564 1543 600; x_wconf 77' lang='lat' dir='ltr'><strong>Origenis</strong></span> <span class='ocrx_word' id='word_1_181' title='bbox 1560 573 1670 593; x_wconf 85' lang='lat' dir='ltr'><strong>causam</strong></span> 
     </span>
    </p>
   </div>
   <div class='ocr_carea' id='block_1_28' title="bbox 884 607 1672 645">
    <p class='ocr_par' dir='ltr' id='par_1_28' title="bbox 884 607 1672 645">
     <span class='ocr_line' id='line_1_28' title="bbox 884 607 1672 645; baseline 0.004 -11"><span class='ocrx_word' id='word_1_182' title='bbox 884 614 965 641; x_wconf 83' lang='lat' dir='ltr'><strong>supra</strong></span> <span class='ocrx_word' id='word_1_183' title='bbox 986 607 1138 640; x_wconf 86' lang='lat' dir='ltr'><strong>attulimus,</strong></span> <span class='ocrx_word' id='word_1_184' title='bbox 1165 608 1210 635; x_wconf 88' lang='lat' dir='ltr'><strong>hic</strong></span> <span class='ocrx_word' id='word_1_185' title='bbox 1234 616 1341 643; x_wconf 90' lang='lat' dir='ltr'><strong>quoque</strong></span> <span class='ocrx_word' id='word_1_186' title='bbox 1369 609 1456 636; x_wconf 85' lang='lat' dir='ltr'><strong>valere</strong></span> <span class='ocrx_word' id='word_1_187' title='bbox 1480 610 1593 645; x_wconf 85' lang='lat' dir='ltr'><strong>possint,</strong></span> <span class='ocrx_word' id='word_1_188' title='bbox 1608 611 1672 645; x_wconf 80' lang='lat' dir='ltr'><strong>quid</strong></span> 
     </span>
    </p>
   </div>
   <div class='ocr_carea' id='block_1_29' title="bbox 885 653 1674 692">
    <p class='ocr_par' dir='ltr' id='par_1_29' title="bbox 885 653 1674 692">
     <span class='ocr_line' id='line_1_29' title="bbox 885 653 1674 692; baseline 0.006 -13"><span class='ocrx_word' id='word_1_189' title='bbox 885 653 981 680; x_wconf 91' lang='lat' dir='ltr'><strong>attinet</strong></span> <span class='ocrx_word' id='word_1_190' title='bbox 1001 653 1077 688; x_wconf 87' lang='lat' dir='ltr'><strong>plura</strong></span> <span class='ocrx_word' id='word_1_191' title='bbox 1096 655 1271 688; x_wconf 84' lang='lat' dir='ltr'><strong>conquirere;</strong></span> <span class='ocrx_word' id='word_1_192' title='bbox 1296 663 1356 682; x_wconf 92' lang='lat' dir='ltr'><strong>cum</strong></span> <span class='ocrx_word' id='word_1_193' title='bbox 1381 656 1529 690; x_wconf 73' lang='lat' dir='ltr'><strong>praesertim</strong></span> <span class='ocrx_word' id='word_1_194' title='bbox 1543 655 1674 692; x_wconf 79' lang='lat' dir='ltr'><strong>Hierony-</strong></span> 
     </span>
    </p>
   </div>
   <div class='ocr_carea' id='block_1_30' title="bbox 886 699 1675 735">
    <p class='ocr_par' dir='ltr' id='par_1_30' title="bbox 886 699 1675 735">
     <span class='ocr_line' id='line_1_30' title="bbox 886 699 1675 735; baseline 0.005 -10"><span class='ocrx_word' id='word_1_195' title='bbox 886 705 957 730; x_wconf 86' lang='lat' dir='ltr'><strong>mus,</strong></span> <span class='ocrx_word' id='word_1_196' title='bbox 978 704 1121 733; x_wconf 84' lang='lat' dir='ltr'><strong>postquam</strong></span> <span class='ocrx_word' id='word_1_197' title='bbox 1137 706 1197 732; x_wconf 89' lang='lat' dir='ltr'><strong>cap.</strong></span> <span class='ocrx_word' id='word_1_198' title='bbox 1217 700 1242 732; x_wconf 86' lang='lat' dir='ltr'><strong>l,</strong></span> <span class='ocrx_word' id='word_1_199' title='bbox 1259 700 1337 733; x_wconf 84' lang='lat' dir='ltr'><strong>epist.</strong></span> <span class='ocrx_word' id='word_1_200' title='bbox 1349 699 1394 733; x_wconf 86' lang='lat'><strong>59,</strong></span> <span class='ocrx_word' id='word_1_201' title='bbox 1413 700 1446 727; x_wconf 85' lang='lat' dir='ltr'><strong>ad</strong></span> <span class='ocrx_word' id='word_1_202' title='bbox 1460 701 1584 733; x_wconf 78' lang='lat' dir='ltr'><strong>Avitum,</strong></span> <span class='ocrx_word' id='word_1_203' title='bbox 1601 708 1675 735; x_wconf 58' lang='lat' dir='ltr'><strong>quae-</strong></span> 
     </span>
    </p>
   </div>
   <div class='ocr_carea' id='block_1_31' title="bbox 885 743 1674 780">
    <p class='ocr_par' dir='ltr' id='par_1_31' title="bbox 885 743 1674 780">
     <span class='ocr_line' id='line_1_31' title="bbox 885 743 1674 780; baseline 0.004 -10"><span class='ocrx_word' id='word_1_204' title='bbox 885 750 992 777; x_wconf 88' lang='lat' dir='ltr'><strong>cunque</strong></span> <span class='ocrx_word' id='word_1_205' title='bbox 1015 743 1041 770; x_wconf 92' lang='lat' dir='ltr'><strong>in</strong></span> <span class='ocrx_word' id='word_1_206' title='bbox 1065 752 1074 772; x_wconf 85' lang='grc' dir='ltr'><strong>ι</strong></span> <span class='ocrx_word' id='word_1_207' title='bbox 1096 744 1143 771; x_wconf 89' lang='lat' dir='ltr'><strong>lib.</strong></span> <span class='ocrx_word' id='word_1_208' title='bbox 1162 744 1232 779; x_wconf 80' lang='grc' dir='ltr'><strong>Περὶ</strong></span> <span class='ocrx_word' id='word_1_209' title='bbox 1250 744 1351 779; x_wconf 82' lang='grc' dir='ltr'><strong>ἀρχῶν</strong></span> <span class='ocrx_word' id='word_1_210' title='bbox 1372 745 1501 773; x_wconf 88' lang='lat' dir='ltr'><strong>damnosa</strong></span> <span class='ocrx_word' id='word_1_211' title='bbox 1518 751 1595 780; x_wconf 89' lang='lat' dir='ltr'><strong>sunt,</strong></span> <span class='ocrx_word' id='word_1_212' title='bbox 1617 747 1674 773; x_wconf 52' lang='lat' dir='ltr'><strong>col.</strong></span> 
     </span>
    </p>
   </div>
   <div class='ocr_carea' id='block_1_32' title="bbox 885 789 1674 827">
    <p class='ocr_par' dir='ltr' id='par_1_32' title="bbox 885 789 1674 827">
     <span class='ocr_line' id='line_1_32' title="bbox 885 789 1674 827; baseline 0.004 -11"><span class='ocrx_word' id='word_1_213' title='bbox 885 789 968 825; x_wconf 77' lang='lat' dir='ltr'><strong>legit,</strong></span> <span class='ocrx_word' id='word_1_214' title='bbox 995 790 1067 817; x_wconf 88' lang='lat' dir='ltr'><strong>inter</strong></span> <span class='ocrx_word' id='word_1_215' title='bbox 1088 797 1149 825; x_wconf 55' lang='lat' dir='ltr'><strong>qua).</strong></span> <span class='ocrx_word' id='word_1_216' title='bbox 1177 791 1305 825; x_wconf 81' lang='lat' dir='ltr'><strong>frequens</strong></span> <span class='ocrx_word' id='word_1_217' title='bbox 1328 791 1451 818; x_wconf 77' lang='lat' dir='ltr'><strong>occurrit</strong></span> <span class='ocrx_word' id='word_1_218' title='bbox 1477 791 1570 819; x_wconf 80' lang='lat' dir='ltr'><strong>istlnee</strong></span> <span class='ocrx_word' id='word_1_219' title='bbox 1593 799 1674 827; x_wconf 83' lang='lat' dir='ltr'><strong>quam</strong></span> 
     </span>
    </p>
   </div>
   <div class='ocr_carea' id='block_1_33' title="bbox 887 837 1673 871">
    <p class='ocr_par' dir='ltr' id='par_1_33' title="bbox 887 837 1673 871">
     <span class='ocr_line' id='line_1_33' title="bbox 887 837 1673 871; baseline 0.004 -8"><span class='ocrx_word' id='word_1_220' title='bbox 887 840 1036 864; x_wconf 88' lang='lat' dir='ltr'><strong>tractamus</strong></span> <span class='ocrx_word' id='word_1_221' title='bbox 1060 837 1161 871; x_wconf 90' lang='lat' dir='ltr'><strong>opinio,</strong></span> <span class='ocrx_word' id='word_1_222' title='bbox 1195 837 1259 864; x_wconf 90' lang='lat' dir='ltr'><strong>talia</strong></span> <span class='ocrx_word' id='word_1_223' title='bbox 1288 837 1362 864; x_wconf 88' lang='lat' dir='ltr'><strong>illum</strong></span> <span class='ocrx_word' id='word_1_224' title='bbox 1393 837 1553 865; x_wconf 87' lang='lat' dir='ltr'><strong>denuntiare</strong></span> <span class='ocrx_word' id='word_1_225' title='bbox 1578 839 1673 866; x_wconf 87' lang='lat' dir='ltr'><strong>dicat:</strong></span> 
     </span>
    </p>
   </div>
   <div class='ocr_carea' id='block_1_34' title="bbox 76 872 1674 918">
    <p class='ocr_par' dir='ltr' id='par_1_34' title="bbox 76 872 1674 918">
     <span class='ocr_line' id='line_1_34' title="bbox 76 872 1674 918; baseline 0.001 -9"><span class='ocrx_word' id='word_1_226' title='bbox 76 882 123 910; x_wconf 85' lang='grc' dir='ltr'><strong>ΙΙΙ.</strong></span> <span class='ocrx_word' id='word_1_227' title='bbox 145 883 239 917; x_wconf 89' lang='lat' dir='ltr'><strong>Itaque</strong></span> <span class='ocrx_word' id='word_1_228' title='bbox 258 882 310 909; x_wconf 92' lang='lat' dir='ltr'><strong>hoe</strong></span> <span class='ocrx_word' id='word_1_229' title='bbox 330 882 412 909; x_wconf 88' lang='lat' dir='ltr'><strong>etiam</strong></span> <span class='ocrx_word' id='word_1_230' title='bbox 432 881 539 909; x_wconf 90' lang='lat' dir='ltr'><strong>nomine</strong></span> <span class='ocrx_word' id='word_1_231' title='bbox 564 889 617 910; x_wconf 92' lang='lat' dir='ltr'><strong>non</strong></span> <span class='ocrx_word' id='word_1_232' title='bbox 631 881 775 909; x_wconf 70' lang='lat' dir='ltr'><strong>Iustiniani</strong></span> <span class='ocrx_word' id='word_1_233' title='bbox 791 890 835 910; x_wconf 85' lang='lat' dir='ltr'><strong>so-</strong></span> <span class='ocrx_word' id='word_1_234' title='bbox 849 872 871 900; x_wconf 74' lang='grc' dir='ltr'><strong>Β</strong></span> <span class='ocrx_word' id='word_1_235' title='bbox 890 892 899 908; x_wconf 74' lang='grc' dir='ltr'><strong>ι</strong></span> <span class='ocrx_word' id='word_1_236' title='bbox 916 883 980 911; x_wconf 69' lang='lat' dir='ltr'><strong>Haec</strong></span> <span class='ocrx_word' id='word_1_237' title='bbox 992 883 1069 917; x_wconf 81' lang='lat' dir='ltr'><strong>juxta</strong></span> <span class='ocrx_word' id='word_1_238' title='bbox 1087 887 1206 910; x_wconf 88' lang='lat' dir='ltr'><strong>nostram</strong></span> <span class='ocrx_word' id='word_1_239' title='bbox 1223 884 1384 910; x_wconf 86' lang='lat' dir='ltr'><strong>sententiam</strong></span> <span class='ocrx_word' id='word_1_240' title='bbox 1402 891 1454 911; x_wconf 91' lang='lat' dir='ltr'><strong>non</strong></span> <span class='ocrx_word' id='word_1_241' title='bbox 1470 884 1524 911; x_wconf 89' lang='lat' dir='ltr'><strong>sint</strong></span> <span class='ocrx_word' id='word_1_242' title='bbox 1537 885 1674 918; x_wconf 77' lang='lat' dir='ltr'><strong>dogmata,</strong></span> 
     </span>
    </p>
   </div>
   <div class='ocr_carea' id='block_1_35' title="bbox 40 927 836 962">
    <p class='ocr_par' dir='ltr' id='par_1_35' title="bbox 40 927 836 962">
     <span class='ocr_line' id='line_1_35' title="bbox 40 927 836 962; baseline -0.001 -6"><span class='ocrx_word' id='word_1_243' title='bbox 40 928 110 960; x_wconf 86' lang='lat' dir='ltr'><strong>lum,</strong></span> <span class='ocrx_word' id='word_1_244' title='bbox 127 928 176 955; x_wconf 88' lang='lat' dir='ltr'><strong>sed</strong></span> <span class='ocrx_word' id='word_1_245' title='bbox 188 931 216 955; x_wconf 88' lang='lat' dir='ltr'><strong>et</strong></span> <span class='ocrx_word' id='word_1_246' title='bbox 227 927 342 955; x_wconf 92' lang='lat' dir='ltr'><strong>aliorum</strong></span> <span class='ocrx_word' id='word_1_247' title='bbox 355 927 477 955; x_wconf 86' lang='lat' dir='ltr'><strong>convicia</strong></span> <span class='ocrx_word' id='word_1_248' title='bbox 491 927 576 954; x_wconf 86' lang='lat' dir='ltr'><strong>sensit</strong></span> <span class='ocrx_word' id='word_1_249' title='bbox 591 927 734 962; x_wconf 78' lang='lat' dir='ltr'><strong>Origenes.</strong></span> <span class='ocrx_word' id='word_1_250' title='bbox 748 937 757 954; x_wconf 84' lang='lat'><strong>(</strong></span> <span class='ocrx_word' id='word_1_251' title='bbox 770 927 836 961; x_wconf 85' lang='lat' dir='ltr'><strong>Quis</strong></span> 
     </span>
    </p>
   </div>
   <div class='ocr_carea' id='block_1_36' title="bbox 40 972 836 1010">
    <p class='ocr_par' dir='ltr' id='par_1_36' title="bbox 40 972 836 1010">
     <span class='ocr_line' id='line_1_36' title="bbox 40 972 836 1010; baseline 0 -8"><span class='ocrx_word' id='word_1_252' title='bbox 40 975 189 1010; x_wconf 83' lang='lat' dir='ltr'><strong>propheta,</strong></span> <span class='ocrx_word' id='word_1_253' title='bbox 207 974 295 1008; x_wconf 87' lang='lat' dir='ltr'><strong>inquit</strong></span> <span class='ocrx_word' id='word_1_254' title='bbox 306 972 468 1008; x_wconf 88' lang='lat' dir='ltr'><strong>Theophilus</strong></span> <span class='ocrx_word' id='word_1_255' title='bbox 483 973 579 1002; x_wconf 77' lang='lat' dir='ltr'><strong>Pasch.</strong></span> <span class='ocrx_word' id='word_1_256' title='bbox 594 982 613 1007; x_wconf 88' lang='lat' dir='ltr'><strong>t,</strong></span> <span class='ocrx_word' id='word_1_257' title='bbox 631 974 730 1001; x_wconf 86' lang='lat' dir='ltr'><strong>sentire</strong></span> <span class='ocrx_word' id='word_1_258' title='bbox 745 975 836 1002; x_wconf 81' lang='lat' dir='ltr'><strong>docuit</strong></span> 
     </span>
    </p>
   </div>
   <div class='ocr_carea' id='block_1_37' title="bbox 42 1019 838 1057">
    <p class='ocr_par' dir='ltr' id='par_1_37' title="bbox 42 1019 838 1057">
     <span class='ocr_line' id='line_1_37' title="bbox 42 1019 838 1057; baseline 0 -9"><span class='ocrx_word' id='word_1_259' title='bbox 42 1020 217 1057; x_wconf 81' lang='lat' dir='ltr'><strong>(Origenem)</strong></span> <span class='ocrx_word' id='word_1_260' title='bbox 234 1024 343 1055; x_wconf 90' lang='lat' dir='ltr'><strong>propter</strong></span> <span class='ocrx_word' id='word_1_261' title='bbox 362 1019 468 1046; x_wconf 92' lang='lat' dir='ltr'><strong>ruinam</strong></span> <span class='ocrx_word' id='word_1_262' title='bbox 488 1024 516 1047; x_wconf 87' lang='lat' dir='ltr'><strong>et</strong></span> <span class='ocrx_word' id='word_1_263' title='bbox 537 1020 629 1055; x_wconf 90' lang='lat' dir='ltr'><strong>lapsus</strong></span> <span class='ocrx_word' id='word_1_264' title='bbox 642 1020 674 1048; x_wconf 92' lang='lat' dir='ltr'><strong>de</strong></span> <span class='ocrx_word' id='word_1_265' title='bbox 691 1021 767 1048; x_wconf 77' lang='lat' dir='ltr'><strong>ctrlis</strong></span> <span class='ocrx_word' id='word_1_266' title='bbox 779 1021 838 1048; x_wconf 89' lang='lat' dir='ltr'><strong>ani-</strong></span> 
     </span>
    </p>
   </div>
   <div class='ocr_carea' id='block_1_38' title="bbox 41 1064 836 1100">
    <p class='ocr_par' dir='ltr' id='par_1_38' title="bbox 41 1064 836 1100">
     <span class='ocr_line' id='line_1_38' title="bbox 41 1064 836 1100; baseline -0.001 -6"><span class='ocrx_word' id='word_1_267' title='bbox 41 1073 172 1098; x_wconf 85' lang='lat' dir='ltr'><strong>marum,</strong></span> <span class='ocrx_word' id='word_1_268' title='bbox 188 1066 270 1093; x_wconf 90' lang='lat' dir='ltr'><strong>Deum</strong></span> <span class='ocrx_word' id='word_1_269' title='bbox 292 1072 352 1092; x_wconf 86' lang='lat' dir='ltr'><strong>esse</strong></span> <span class='ocrx_word' id='word_1_270' title='bbox 368 1064 537 1100; x_wconf 88' lang='lat' dir='ltr'><strong>compulsum</strong></span> <span class='ocrx_word' id='word_1_271' title='bbox 551 1073 665 1100; x_wconf 88' lang='lat' dir='ltr'><strong>corpora</strong></span> <span class='ocrx_word' id='word_1_272' title='bbox 679 1065 836 1093; x_wconf 71' lang='lat' dir='ltr'><strong>fabricare?</strong></span> 
     </span>
    </p>
   </div>
   <div class='ocr_carea' id='block_1_39' title="bbox 44 1110 838 1147">
    <p class='ocr_par' dir='ltr' id='par_1_39' title="bbox 44 1110 838 1147">
     <span class='ocr_line' id='line_1_39' title="bbox 44 1110 838 1147; baseline -0.001 -7"><span class='ocrx_word' id='word_1_273' title='bbox 44 1112 204 1147; x_wconf 74' lang='lat' dir='ltr'><strong>Quis-juxta</strong></span> <span class='ocrx_word' id='word_1_274' title='bbox 223 1111 331 1139; x_wconf 87' lang='lat' dir='ltr'><strong>beatum</strong></span> <span class='ocrx_word' id='word_1_275' title='bbox 348 1110 463 1143; x_wconf 86' lang='lat' dir='ltr'><strong>Lucam,</strong></span> <span class='ocrx_word' id='word_1_276' title='bbox 479 1118 575 1139; x_wconf 90' lang='lat' dir='ltr'><strong>eorum</strong></span> <span class='ocrx_word' id='word_1_277' title='bbox 596 1113 640 1146; x_wconf 88' lang='lat' dir='ltr'><strong>qui</strong></span> <span class='ocrx_word' id='word_1_278' title='bbox 656 1112 790 1143; x_wconf 83' lang='lat' dir='ltr'><strong>viderunt.</strong></span> <span class='ocrx_word' id='word_1_279' title='bbox 810 1117 838 1139; x_wconf 89' lang='lat' dir='ltr'><strong>et</strong></span> 
     </span>
    </p>
   </div>
   <div class='ocr_carea' id='block_1_40' title="bbox 43 1157 838 1191">
    <p class='ocr_par' dir='ltr' id='par_1_40' title="bbox 43 1157 838 1191">
     <span class='ocr_line' id='line_1_40' title="bbox 43 1157 838 1191; baseline -0.001 -4"><span class='ocrx_word' id='word_1_280' title='bbox 43 1159 168 1188; x_wconf 87' lang='lat' dir='ltr'><strong>ministri</strong></span> <span class='ocrx_word' id='word_1_281' title='bbox 187 1158 296 1185; x_wconf 86' lang='lat' dir='ltr'><strong>fuerunt</strong></span> <span class='ocrx_word' id='word_1_282' title='bbox 307 1157 451 1191; x_wconf 80' lang='lat' dir='ltr'><strong>sermonis</strong></span> <span class='ocrx_word' id='word_1_283' title='bbox 465 1157 524 1190; x_wconf 88' lang='lat' dir='ltr'><strong>Dei,</strong></span> <span class='ocrx_word' id='word_1_284' title='bbox 541 1158 604 1185; x_wconf 93' lang='lat' dir='ltr'><strong>huic</strong></span> <span class='ocrx_word' id='word_1_285' title='bbox 621 1158 729 1185; x_wconf 88' lang='lat' dir='ltr'><strong>tradidit</strong></span> <span class='ocrx_word' id='word_1_286' title='bbox 743 1159 777 1185; x_wconf 91' lang='lat' dir='ltr'><strong>ad</strong></span> <span class='ocrx_word' id='word_1_287' title='bbox 790 1158 838 1186; x_wconf 87' lang='lat' dir='ltr'><strong>do-</strong></span> 
     </span>
    </p>
   </div>
   <div class='ocr_carea' id='block_1_41' title="bbox 43 1203 838 1239">
    <p class='ocr_par' dir='ltr' id='par_1_41' title="bbox 43 1203 838 1239">
     <span class='ocr_line' id='line_1_41' title="bbox 43 1203 838 1239; baseline -0.003 -6"><span class='ocrx_word' id='word_1_288' title='bbox 43 1205 175 1237; x_wconf 89' lang='lat' dir='ltr'><strong>cendum,</strong></span> <span class='ocrx_word' id='word_1_289' title='bbox 197 1203 362 1239; x_wconf 79' lang='lat' dir='ltr'><strong>negligentia</strong></span> <span class='ocrx_word' id='word_1_290' title='bbox 373 1207 401 1230; x_wconf 84' lang='lat' dir='ltr'><strong>et</strong></span> <span class='ocrx_word' id='word_1_291' title='bbox 417 1207 503 1236; x_wconf 92' lang='lat' dir='ltr'><strong>motu,</strong></span> <span class='ocrx_word' id='word_1_292' title='bbox 517 1209 545 1231; x_wconf 89' lang='lat' dir='ltr'><strong>et</strong></span> <span class='ocrx_word' id='word_1_293' title='bbox 564 1203 636 1230; x_wconf 79' lang='lat' dir='ltr'><strong>ﬂuxu</strong></span> <span class='ocrx_word' id='word_1_294' title='bbox 653 1204 685 1231; x_wconf 85' lang='lat' dir='ltr'><strong>de</strong></span> <span class='ocrx_word' id='word_1_295' title='bbox 698 1204 838 1232; x_wconf 87' lang='lat' dir='ltr'><strong>altioribus</strong></span> 
     </span>
    </p>
   </div>
   <div class='ocr_carea' id='block_1_42' title="bbox 45 1251 837 1285">
    <p class='ocr_par' dir='ltr' id='par_1_42' title="bbox 45 1251 837 1285">
     <span class='ocr_line' id='line_1_42' title="bbox 45 1251 837 1285; baseline -0.001 -6"><span class='ocrx_word' id='word_1_296' title='bbox 45 1251 252 1279; x_wconf 85' lang='lat' dir='ltr'><strong>rationabilium</strong></span> <span class='ocrx_word' id='word_1_297' title='bbox 261 1255 384 1279; x_wconf 84' lang='lat' dir='ltr'><strong>creatura</strong></span> <span class='ocrx_word' id='word_1_298' title='bbox 390 1258 458 1283; x_wconf 88' lang='lat' dir='ltr'><strong>rum,</strong></span> <span class='ocrx_word' id='word_1_299' title='bbox 467 1255 642 1285; x_wconf 82' lang='lat' dir='ltr'><strong>provocatum</strong></span> <span class='ocrx_word' id='word_1_300' title='bbox 653 1251 736 1279; x_wconf 88' lang='lat' dir='ltr'><strong>Deum</strong></span> <span class='ocrx_word' id='word_1_301' title='bbox 747 1252 837 1278; x_wconf 92' lang='lat' dir='ltr'><strong>mundi</strong></span> 
     </span>
    </p>
   </div>
   <div class='ocr_carea' id='block_1_43' title="bbox 43 1298 836 1335">
    <p class='ocr_par' dir='ltr' id='par_1_43' title="bbox 43 1298 836 1335">
     <span class='ocr_line' id='line_1_43' title="bbox 43 1298 836 1335; baseline -0.001 -8"><span class='ocrx_word' id='word_1_302' title='bbox 43 1300 129 1335; x_wconf 85' lang='lat' dir='ltr'><strong>hujus</strong></span> <span class='ocrx_word' id='word_1_303' title='bbox 143 1299 260 1327; x_wconf 86' lang='lat' dir='ltr'><strong>condere</strong></span> <span class='ocrx_word' id='word_1_304' title='bbox 273 1298 494 1326; x_wconf 70' lang='lat' dir='ltr'><strong>diversitatem?)</strong></span> <span class='ocrx_word' id='word_1_305' title='bbox 512 1298 545 1325; x_wconf 88' lang='lat' dir='ltr'><strong>Et</strong></span> <span class='ocrx_word' id='word_1_306' title='bbox 562 1298 734 1334; x_wconf 88' lang='lat' dir='ltr'><strong>postmodum</strong></span> <span class='ocrx_word' id='word_1_307' title='bbox 750 1307 758 1326; x_wconf 88' lang='lat'><strong>:</strong></span> <span class='ocrx_word' id='word_1_308' title='bbox 774 1299 836 1326; x_wconf 73' lang='lat' dir='ltr'><strong>«Di—</strong></span> 
     </span>
    </p>
   </div>
   <div class='ocr_carea' id='block_1_44' title="bbox 47 1344 838 1380">
    <p class='ocr_par' dir='ltr' id='par_1_44' title="bbox 47 1344 838 1380">
     <span class='ocr_line' id='line_1_44' title="bbox 47 1344 838 1380; baseline -0.001 -8"><span class='ocrx_word' id='word_1_309' title='bbox 47 1347 87 1373; x_wconf 92' lang='lat' dir='ltr'><strong>cit</strong></span> <span class='ocrx_word' id='word_1_310' title='bbox 109 1346 184 1373; x_wconf 89' lang='lat' dir='ltr'><strong>enim</strong></span> <span class='ocrx_word' id='word_1_311' title='bbox 212 1348 324 1380; x_wconf 76' lang='lat' dir='ltr'><strong>propter</strong></span> <span class='ocrx_word' id='word_1_312' title='bbox 339 1349 451 1379; x_wconf 89' lang='lat' dir='ltr'><strong>peccata</strong></span> <span class='ocrx_word' id='word_1_313' title='bbox 475 1344 683 1379; x_wconf 80' lang='lat' dir='ltr'><strong>intelligibilium</strong></span> <span class='ocrx_word' id='word_1_314' title='bbox 701 1351 838 1372; x_wconf 82' lang='lat' dir='ltr'><strong>creatura-</strong></span> 
     </span>
    </p>
   </div>
   <div class='ocr_carea' id='block_1_45' title="bbox 46 1391 837 1427">
    <p class='ocr_par' dir='ltr' id='par_1_45' title="bbox 46 1391 837 1427">
     <span class='ocr_line' id='line_1_45' title="bbox 46 1391 837 1427; baseline -0.001 -7"><span class='ocrx_word' id='word_1_315' title='bbox 46 1400 109 1420; x_wconf 89' lang='lat' dir='ltr'><strong>rum</strong></span> <span class='ocrx_word' id='word_1_316' title='bbox 128 1394 259 1420; x_wconf 92' lang='lat' dir='ltr'><strong>mundum</strong></span> <span class='ocrx_word' id='word_1_317' title='bbox 276 1399 338 1420; x_wconf 88' lang='lat' dir='ltr'><strong>esse</strong></span> <span class='ocrx_word' id='word_1_318' title='bbox 354 1392 479 1427; x_wconf 86' lang='lat' dir='ltr'><strong>coepisse.</strong></span> <span class='ocrx_word' id='word_1_319' title='bbox 492 1401 503 1418; x_wconf 73' lang='grc' dir='ltr'><strong>ι</strong></span> <span class='ocrx_word' id='word_1_320' title='bbox 523 1391 703 1427; x_wconf 86' lang='lat' dir='ltr'><strong>Hieronymus</strong></span> <span class='ocrx_word' id='word_1_321' title='bbox 715 1392 741 1418; x_wconf 87' lang='lat' dir='ltr'><strong>in</strong></span> <span class='ocrx_word' id='word_1_322' title='bbox 752 1391 837 1424; x_wconf 75' lang='lat' dir='ltr'><strong>Epist.</strong></span> 
     </span>
    </p>
   </div>
   <div class='ocr_carea' id='block_1_46' title="bbox 46 1438 839 1474">
    <p class='ocr_par' dir='ltr' id='par_1_46' title="bbox 46 1438 839 1474">
     <span class='ocr_line' id='line_1_46' title="bbox 46 1438 839 1474; baseline -0.001 -8"><span class='ocrx_word' id='word_1_323' title='bbox 46 1440 83 1467; x_wconf 85' lang='lat' dir='ltr'><strong>ad</strong></span> <span class='ocrx_word' id='word_1_324' title='bbox 100 1438 198 1474; x_wconf 76' lang='lat' dir='ltr'><strong>Ephes.</strong></span> <span class='ocrx_word' id='word_1_325' title='bbox 214 1447 234 1470; x_wconf 84' lang='grc'><strong>1,</strong></span> <span class='ocrx_word' id='word_1_326' title='bbox 244 1439 273 1471; x_wconf 76' lang='grc' dir='ltr'>ι,</span> <span class='ocrx_word' id='word_1_327' title='bbox 290 1446 344 1466; x_wconf 94' lang='lat' dir='ltr'><strong>non</strong></span> <span class='ocrx_word' id='word_1_328' title='bbox 359 1445 488 1474; x_wconf 86' lang='lat' dir='ltr'><strong>expresso</strong></span> <span class='ocrx_word' id='word_1_329' title='bbox 502 1438 627 1473; x_wconf 78' lang='lat' dir='ltr'><strong>Origenis</strong></span> <span class='ocrx_word' id='word_1_330' title='bbox 644 1438 762 1471; x_wconf 91' lang='lat' dir='ltr'><strong>nomine,</strong></span> <span class='ocrx_word' id='word_1_331' title='bbox 777 1446 839 1465; x_wconf 75' lang='lat' dir='ltr'><strong>sen-</strong></span> 
     </span>
    </p>
   </div>
   <div class='ocr_carea' id='block_1_47' title="bbox 47 1482 839 1519">
    <p class='ocr_par' dir='ltr' id='par_1_47' title="bbox 47 1482 839 1519">
     <span class='ocr_line' id='line_1_47' title="bbox 47 1482 839 1519; baseline 0 -9"><span class='ocrx_word' id='word_1_332' title='bbox 47 1484 167 1511; x_wconf 88' lang='lat' dir='ltr'><strong>tentiam</strong></span> <span class='ocrx_word' id='word_1_333' title='bbox 183 1484 266 1518; x_wconf 85' lang='lat' dir='ltr'><strong>ipsius</strong></span> <span class='ocrx_word' id='word_1_334' title='bbox 287 1483 418 1519; x_wconf 74' lang='lat' dir='ltr'><strong>exponit:</strong></span> <span class='ocrx_word' id='word_1_335' title='bbox 435 1493 444 1509; x_wconf 77' lang='grc' dir='ltr'><strong>ι</strong></span> <span class='ocrx_word' id='word_1_336' title='bbox 460 1483 534 1511; x_wconf 87' lang='lat' dir='ltr'><strong>Alius</strong></span> <span class='ocrx_word' id='word_1_337' title='bbox 551 1483 633 1517; x_wconf 83' lang='lat' dir='ltr'><strong>dicit,</strong></span> <span class='ocrx_word' id='word_1_338' title='bbox 652 1482 759 1518; x_wconf 86' lang='lat' dir='ltr'><strong>inquit,</strong></span> <span class='ocrx_word' id='word_1_339' title='bbox 775 1487 839 1510; x_wconf 89' lang='lat' dir='ltr'><strong>ante</strong></span> 
     </span>
    </p>
   </div>
   <div class='ocr_carea' id='block_1_48' title="bbox 47 1528 838 1562">
    <p class='ocr_par' dir='ltr' id='par_1_48' title="bbox 47 1528 838 1562">
     <span class='ocr_line' id='line_1_48' title="bbox 47 1528 838 1562; baseline 0 -6"><span class='ocrx_word' id='word_1_340' title='bbox 47 1529 176 1557; x_wconf 77' lang='lat' dir='ltr'><strong>visibiles</strong></span> <span class='ocrx_word' id='word_1_341' title='bbox 189 1533 333 1557; x_wconf 90' lang='lat' dir='ltr'><strong>creaturas</strong></span> <span class='ocrx_word' id='word_1_342' title='bbox 347 1528 460 1561; x_wconf 69' lang='lat' dir='ltr'><strong>emtum,</strong></span> <span class='ocrx_word' id='word_1_343' title='bbox 473 1533 583 1562; x_wconf 89' lang='lat' dir='ltr'><strong>terram,</strong></span> <span class='ocrx_word' id='word_1_344' title='bbox 595 1529 691 1562; x_wconf 89' lang='lat' dir='ltr'><strong>maria,</strong></span> <span class='ocrx_word' id='word_1_345' title='bbox 709 1534 735 1556; x_wconf 89' lang='lat' dir='ltr'><strong>et</strong></span> <span class='ocrx_word' id='word_1_346' title='bbox 749 1529 838 1556; x_wconf 90' lang='lat' dir='ltr'><strong>omnia</strong></span> 
     </span>
    </p>
   </div>
   <div class='ocr_carea' id='block_1_49' title="bbox 47 1574 840 1611">
    <p class='ocr_par' dir='ltr' id='par_1_49' title="bbox 47 1574 840 1611">
     <span class='ocr_line' id='line_1_49' title="bbox 47 1574 840 1611; baseline 0 -9"><span class='ocrx_word' id='word_1_347' title='bbox 47 1583 111 1611; x_wconf 71' lang='lat' dir='ltr'><strong>qum</strong></span> <span class='ocrx_word' id='word_1_348' title='bbox 131 1576 204 1603; x_wconf 92' lang='lat' dir='ltr'><strong>intra</strong></span> <span class='ocrx_word' id='word_1_349' title='bbox 226 1583 258 1603; x_wconf 89' lang='lat' dir='ltr'><strong>ea</strong></span> <span class='ocrx_word' id='word_1_350' title='bbox 275 1579 349 1608; x_wconf 90' lang='lat' dir='ltr'><strong>sunt,</strong></span> <span class='ocrx_word' id='word_1_351' title='bbox 371 1575 456 1602; x_wconf 89' lang='lat' dir='ltr'><strong>fuisse</strong></span> <span class='ocrx_word' id='word_1_352' title='bbox 478 1574 546 1602; x_wconf 89' lang='lat' dir='ltr'><strong>alias</strong></span> <span class='ocrx_word' id='word_1_353' title='bbox 566 1574 716 1603; x_wconf 89' lang='lat' dir='ltr'><strong>invisibiles</strong></span> <span class='ocrx_word' id='word_1_354' title='bbox 733 1579 840 1602; x_wconf 86' lang='lat' dir='ltr'><strong>creatu-</strong></span> 
     </span>
    </p>
   </div>
   <div class='ocr_carea' id='block_1_50' title="bbox 48 1621 842 1657">
    <p class='ocr_par' dir='ltr' id='par_1_50' title="bbox 48 1621 842 1657">
     <span class='ocr_line' id='line_1_50' title="bbox 48 1621 842 1657; baseline -0.004 -7"><span class='ocrx_word' id='word_1_355' title='bbox 48 1629 109 1655; x_wconf 86' lang='lat' dir='ltr'><strong>ras,</strong></span> <span class='ocrx_word' id='word_1_356' title='bbox 134 1622 161 1650; x_wconf 92' lang='lat' dir='ltr'><strong>in</strong></span> <span class='ocrx_word' id='word_1_357' title='bbox 179 1623 276 1657; x_wconf 90' lang='lat' dir='ltr'><strong>quibus</strong></span> <span class='ocrx_word' id='word_1_358' title='bbox 293 1621 451 1654; x_wconf 77' lang='lat' dir='ltr'><strong>et&#39;animas,</strong></span> <span class='ocrx_word' id='word_1_359' title='bbox 469 1628 527 1656; x_wconf 64' lang='lat' dir='ltr'><strong>quae</strong></span> <span class='ocrx_word' id='word_1_360' title='bbox 543 1622 577 1648; x_wconf 88' lang='lat' dir='ltr'><strong>ob</strong></span> <span class='ocrx_word' id='word_1_361' title='bbox 592 1621 724 1655; x_wconf 87' lang='lat' dir='ltr'><strong>quasdam</strong></span> <span class='ocrx_word' id='word_1_362' title='bbox 745 1628 842 1648; x_wconf 84' lang='lat' dir='ltr'><strong>causas</strong></span> 
     </span>
    </p>
   </div>
   <div class='ocr_carea' id='block_1_51' title="bbox 48 1667 838 1702">
    <p class='ocr_par' dir='ltr' id='par_1_51' title="bbox 48 1667 838 1702">
     <span class='ocr_line' id='line_1_51' title="bbox 48 1667 838 1702; baseline -0.004 -6"><span class='ocrx_word' id='word_1_363' title='bbox 48 1669 103 1696; x_wconf 88' lang='lat' dir='ltr'><strong>soli</strong></span> <span class='ocrx_word' id='word_1_364' title='bbox 115 1669 170 1696; x_wconf 89' lang='lat' dir='ltr'><strong>Deo</strong></span> <span class='ocrx_word' id='word_1_365' title='bbox 182 1672 260 1696; x_wconf 90' lang='lat' dir='ltr'><strong>notas</strong></span> <span class='ocrx_word' id='word_1_366' title='bbox 274 1667 383 1702; x_wconf 76' lang='lat' dir='ltr'><strong>deiecta:</strong></span> <span class='ocrx_word' id='word_1_367' title='bbox 395 1668 449 1695; x_wconf 84' lang='lat' dir='ltr'><strong>sint</strong></span> <span class='ocrx_word' id='word_1_368' title='bbox 468 1667 593 1694; x_wconf 85' lang='lat' dir='ltr'><strong>deorsum</strong></span> <span class='ocrx_word' id='word_1_369' title='bbox 606 1668 632 1694; x_wconf 93' lang='lat' dir='ltr'><strong>in</strong></span> <span class='ocrx_word' id='word_1_370' title='bbox 645 1668 741 1700; x_wconf 87' lang='lat' dir='ltr'><strong>vallem</strong></span> <span class='ocrx_word' id='word_1_371' title='bbox 759 1668 838 1694; x_wconf 90' lang='lat' dir='ltr'><strong>istam</strong></span> 
     </span>
    </p>
   </div>
   <div class='ocr_carea' id='block_1_52' title="bbox 51 1712 842 1750">
    <p class='ocr_par' dir='ltr' id='par_1_52' title="bbox 51 1712 842 1750">
     <span class='ocr_line' id='line_1_52' title="bbox 51 1712 842 1750; baseline -0.004 -8"><span class='ocrx_word' id='word_1_372' title='bbox 51 1715 315 1750; x_wconf 89' lang='lat' dir='ltr'><strong>lacrymarum....</strong></span> <span class='ocrx_word' id='word_1_373' title='bbox 344 1714 435 1748; x_wconf 86' lang='lat' dir='ltr'><strong>Itaque</strong></span> <span class='ocrx_word' id='word_1_374' title='bbox 464 1714 621 1748; x_wconf 78' lang='lat' dir='ltr'><strong>priusquam</strong></span> <span class='ocrx_word' id='word_1_375' title='bbox 653 1713 769 1745; x_wconf 73' lang='lat' dir='ltr'><strong>animm,</strong></span> <span class='ocrx_word' id='word_1_376' title='bbox 799 1712 842 1739; x_wconf 83' lang='lat' dir='ltr'><strong>in-</strong></span> 
     </span>
    </p>
   </div>
   <div class='ocr_carea' id='block_1_53' title="bbox 51 1759 843 1796">
    <p class='ocr_par' dir='ltr' id='par_1_53' title="bbox 51 1759 843 1796">
     <span class='ocr_line' id='line_1_53' title="bbox 51 1759 843 1796; baseline -0.003 -9"><span class='ocrx_word' id='word_1_377' title='bbox 51 1760 163 1796; x_wconf 86' lang='lat' dir='ltr'><strong>quiunt,</strong></span> <span class='ocrx_word' id='word_1_378' title='bbox 180 1759 414 1794; x_wconf 64' lang='lat' dir='ltr'><strong>prtecipitarentur</strong></span> <span class='ocrx_word' id='word_1_379' title='bbox 426 1759 453 1786; x_wconf 93' lang='lat' dir='ltr'><strong>in</strong></span> <span class='ocrx_word' id='word_1_380' title='bbox 473 1759 612 1790; x_wconf 89' lang='lat' dir='ltr'><strong>mundum,</strong></span> <span class='ocrx_word' id='word_1_381' title='bbox 626 1762 653 1785; x_wconf 90' lang='lat' dir='ltr'><strong>et</strong></span> <span class='ocrx_word' id='word_1_382' title='bbox 676 1759 793 1785; x_wconf 89' lang='lat' dir='ltr'><strong>mundus</strong></span> <span class='ocrx_word' id='word_1_383' title='bbox 809 1765 843 1785; x_wconf 81' lang='lat' dir='ltr'><strong>ex</strong></span> 
     </span>
    </p>
   </div>
   <div class='ocr_carea' id='block_1_54' title="bbox 54 1804 843 1838">
    <p class='ocr_par' dir='ltr' id='par_1_54' title="bbox 54 1804 843 1838">
     <span class='ocr_line' id='line_1_54' title="bbox 54 1804 843 1838; baseline -0.003 -5"><span class='ocrx_word' id='word_1_384' title='bbox 54 1806 200 1834; x_wconf 85' lang='lat' dir='ltr'><strong>animabus</strong></span> <span class='ocrx_word' id='word_1_385' title='bbox 224 1806 316 1838; x_wconf 81' lang='lat' dir='ltr'><strong>ﬁeret,</strong></span> <span class='ocrx_word' id='word_1_386' title='bbox 335 1813 396 1833; x_wconf 88' lang='lat' dir='ltr'><strong>cum</strong></span> <span class='ocrx_word' id='word_1_387' title='bbox 424 1804 631 1832; x_wconf 85' lang='lat' dir='ltr'><strong>habitatricibus</strong></span> <span class='ocrx_word' id='word_1_388' title='bbox 651 1805 709 1832; x_wconf 88' lang='lat' dir='ltr'><strong>suis</strong></span> <span class='ocrx_word' id='word_1_389' title='bbox 732 1805 758 1831; x_wconf 91' lang='lat' dir='ltr'><strong>in</strong></span> <span class='ocrx_word' id='word_1_390' title='bbox 783 1805 843 1831; x_wconf 83' lang='lat' dir='ltr'><strong>inli-</strong></span> 
     </span>
    </p>
   </div>
   <div class='ocr_carea' id='block_1_55' title="bbox 55 1850 845 1886">
    <p class='ocr_par' dir='ltr' id='par_1_55' title="bbox 55 1850 845 1886">
     <span class='ocr_line' id='line_1_55' title="bbox 55 1850 845 1886; baseline -0.001 -7"><span class='ocrx_word' id='word_1_391' title='bbox 55 1859 131 1880; x_wconf 86' lang='lat' dir='ltr'><strong>mum</strong></span> <span class='ocrx_word' id='word_1_392' title='bbox 156 1852 214 1886; x_wconf 86' lang='lat' dir='ltr'><strong>ipso</strong></span> <span class='ocrx_word' id='word_1_393' title='bbox 238 1851 381 1886; x_wconf 86' lang='lat' dir='ltr'><strong>dejectus,</strong></span> <span class='ocrx_word' id='word_1_394' title='bbox 405 1851 487 1885; x_wconf 80' lang='lat' dir='ltr'><strong>elegit</strong></span> <span class='ocrx_word' id='word_1_395' title='bbox 512 1850 624 1878; x_wconf 84' lang='lat' dir='ltr'><strong>Paulum</strong></span> <span class='ocrx_word' id='word_1_396' title='bbox 647 1850 727 1878; x_wconf 89' lang='lat' dir='ltr'><strong>Deus.</strong></span> <span class='ocrx_word' id='word_1_397' title='bbox 743 1860 752 1876; x_wconf 75' lang='grc' dir='ltr'><strong>ι</strong></span> <span class='ocrx_word' id='word_1_398' title='bbox 780 1851 845 1884; x_wconf 71' lang='lat' dir='ltr'><strong>Quae</strong></span> 
     </span>
    </p>
   </div>
   <div class='ocr_carea' id='block_1_56' title="bbox 55 1896 841 1933">
    <p class='ocr_par' dir='ltr' id='par_1_56' title="bbox 55 1896 841 1933">
     <span class='ocr_line' id='line_1_56' title="bbox 55 1896 841 1933; baseline -0.004 -8"><span class='ocrx_word' id='word_1_399' title='bbox 55 1898 183 1933; x_wconf 81' lang='lat' dir='ltr'><strong>quamvis</strong></span> <span class='ocrx_word' id='word_1_400' title='bbox 200 1905 234 1926; x_wconf 79' lang='lat' dir='ltr'><strong>ex</strong></span> <span class='ocrx_word' id='word_1_401' title='bbox 251 1897 364 1925; x_wconf 89' lang='lat' dir='ltr'><strong>alterius</strong></span> <span class='ocrx_word' id='word_1_402' title='bbox 384 1897 510 1932; x_wconf 88' lang='lat' dir='ltr'><strong>opinione</strong></span> <span class='ocrx_word' id='word_1_403' title='bbox 527 1897 638 1924; x_wconf 88' lang='lat' dir='ltr'><strong>recitata</strong></span> <span class='ocrx_word' id='word_1_404' title='bbox 657 1897 721 1928; x_wconf 87' lang='lat' dir='ltr'><strong>sint,</strong></span> <span class='ocrx_word' id='word_1_405' title='bbox 746 1896 788 1923; x_wconf 89' lang='lat' dir='ltr'><strong>his</strong></span> <span class='ocrx_word' id='word_1_406' title='bbox 803 1901 841 1922; x_wconf 73' lang='lat' dir='ltr'><strong>tar</strong></span> 
     </span>
    </p>
   </div>
   <div class='ocr_carea' id='block_1_57' title="bbox 57 1941 845 1978">
    <p class='ocr_par' dir='ltr' id='par_1_57' title="bbox 57 1941 845 1978">
     <span class='ocr_line' id='line_1_57' title="bbox 57 1941 845 1978; baseline -0.001 -8"><span class='ocrx_word' id='word_1_407' title='bbox 57 1951 122 1971; x_wconf 89' lang='lat' dir='ltr'><strong>men</strong></span> <span class='ocrx_word' id='word_1_408' title='bbox 149 1943 320 1971; x_wconf 85' lang='lat' dir='ltr'><strong>consensisse</strong></span> <span class='ocrx_word' id='word_1_409' title='bbox 342 1942 534 1978; x_wconf 84' lang='lat' dir='ltr'><strong>Hieronymum</strong></span> <span class='ocrx_word' id='word_1_410' title='bbox 562 1942 701 1969; x_wconf 88' lang='lat' dir='ltr'><strong>contendit</strong></span> <span class='ocrx_word' id='word_1_411' title='bbox 731 1941 845 1969; x_wconf 77' lang='lat' dir='ltr'><strong>Ruﬁnus</strong></span> 
     </span>
    </p>
   </div>
   <div class='ocr_carea' id='block_1_58' title="bbox 57 1987 846 2022">
    <p class='ocr_par' dir='ltr' id='par_1_58' title="bbox 57 1987 846 2022">
     <span class='ocr_line' id='line_1_58' title="bbox 57 1987 846 2022; baseline -0.005 -5"><span class='ocrx_word' id='word_1_412' title='bbox 57 1989 158 2017; x_wconf 76' lang='lat' dir='ltr'><strong>Invecl.</strong></span> <span class='ocrx_word' id='word_1_413' title='bbox 177 1997 196 2022; x_wconf 86' lang='grc' dir='ltr'>ι,</span> <span class='ocrx_word' id='word_1_414' title='bbox 213 1989 259 2017; x_wconf 87' lang='lat' dir='ltr'><strong>sed</strong></span> <span class='ocrx_word' id='word_1_415' title='bbox 270 1988 433 2016; x_wconf 85' lang='lat' dir='ltr'><strong>calumniam</strong></span> <span class='ocrx_word' id='word_1_416' title='bbox 448 1996 464 2015; x_wconf 93' lang='lat' dir='ltr'><strong>a</strong></span> <span class='ocrx_word' id='word_1_417' title='bbox 485 1995 514 2016; x_wconf 91' lang='lat' dir='ltr'><strong>se</strong></span> <span class='ocrx_word' id='word_1_418' title='bbox 535 1991 656 2015; x_wconf 87' lang='lat' dir='ltr'><strong>removet</strong></span> <span class='ocrx_word' id='word_1_419' title='bbox 667 1987 846 2022; x_wconf 75' lang='lat' dir='ltr'><strong>lliemnymus</strong></span> 
     </span>
    </p>
   </div>
   <div class='ocr_carea' id='block_1_59' title="bbox 59 2033 847 2070">
    <p class='ocr_par' dir='ltr' id='par_1_59' title="bbox 59 2033 847 2070">
     <span class='ocr_line' id='line_1_59' title="bbox 59 2033 847 2070; baseline -0.006 -5"><span class='ocrx_word' id='word_1_420' title='bbox 59 2037 108 2065; x_wconf 87' lang='lat' dir='ltr'><strong>lib.</strong></span> <span class='ocrx_word' id='word_1_421' title='bbox 126 2036 261 2070; x_wconf 82' lang='lat' dir='ltr'><strong>tApoIog.</strong></span> <span class='ocrx_word' id='word_1_422' title='bbox 285 2035 312 2062; x_wconf 80' lang='lat' dir='ltr'><strong>in</strong></span> <span class='ocrx_word' id='word_1_423' title='bbox 334 2035 443 2070; x_wconf 77' lang='lat' dir='ltr'><strong>Ruﬁn.,</strong></span> <span class='ocrx_word' id='word_1_424' title='bbox 467 2042 526 2068; x_wconf 89' lang='lat' dir='ltr'><strong>cap.</strong></span> <span class='ocrx_word' id='word_1_425' title='bbox 543 2035 570 2061; x_wconf 87' lang='lat'><strong>6.</strong></span> <span class='ocrx_word' id='word_1_426' title='bbox 601 2033 767 2069; x_wconf 78' lang='lat' dir='ltr'><strong>Augustinus</strong></span> <span class='ocrx_word' id='word_1_427' title='bbox 784 2041 847 2060; x_wconf 84' lang='lat' dir='ltr'><strong>vero</strong></span> 
     </span>
    </p>
   </div>
   <div class='ocr_carea' id='block_1_60' title="bbox 58 2080 847 2117">
    <p class='ocr_par' dir='ltr' id='par_1_60' title="bbox 58 2080 847 2117">
     <span class='ocr_line' id='line_1_60' title="bbox 58 2080 847 2117; baseline -0.005 -7"><span class='ocrx_word' id='word_1_428' title='bbox 58 2083 108 2111; x_wconf 91' lang='lat' dir='ltr'><strong>lib.</strong></span> <span class='ocrx_word' id='word_1_429' title='bbox 123 2091 151 2110; x_wconf 69' lang='grc' dir='ltr'><strong>ιι</strong></span> <span class='ocrx_word' id='word_1_430' title='bbox 167 2081 205 2109; x_wconf 84' lang='lat' dir='ltr'><strong>De</strong></span> <span class='ocrx_word' id='word_1_431' title='bbox 216 2082 288 2109; x_wconf 76' lang='lat' dir='ltr'><strong>civit.</strong></span> <span class='ocrx_word' id='word_1_432' title='bbox 304 2081 363 2115; x_wconf 84' lang='lat' dir='ltr'><strong>Dei,</strong></span> <span class='ocrx_word' id='word_1_433' title='bbox 384 2089 446 2117; x_wconf 91' lang='lat' dir='ltr'><strong>cap.</strong></span> <span class='ocrx_word' id='word_1_434' title='bbox 463 2081 510 2114; x_wconf 78' lang='lat'><strong>‘25,</strong></span> <span class='ocrx_word' id='word_1_435' title='bbox 527 2080 670 2115; x_wconf 68' lang='lat' dir='ltr'><strong>Origenem</strong></span> <span class='ocrx_word' id='word_1_436' title='bbox 690 2080 847 2107; x_wconf 87' lang='lat' dir='ltr'><strong>nominatim</strong></span> 
     </span>
    </p>
   </div>
   <div class='ocr_carea' id='block_1_61' title="bbox 58 2125 847 2162">
    <p class='ocr_par' dir='ltr' id='par_1_61' title="bbox 58 2125 847 2162">
     <span class='ocr_line' id='line_1_61' title="bbox 58 2125 847 2162; baseline -0.006 -5"><span class='ocrx_word' id='word_1_437' title='bbox 58 2129 184 2157; x_wconf 80' lang='lat' dir='ltr'><strong>adoritur</strong></span> <span class='ocrx_word' id='word_1_438' title='bbox 200 2138 208 2156; x_wconf 85' lang='lat'><strong>:</strong></span> <span class='ocrx_word' id='word_1_439' title='bbox 226 2137 235 2154; x_wconf 75' lang='grc' dir='ltr'>ί</span> <span class='ocrx_word' id='word_1_440' title='bbox 250 2128 362 2155; x_wconf 87' lang='lat' dir='ltr'><strong>Animas</strong></span> <span class='ocrx_word' id='word_1_441' title='bbox 374 2128 477 2160; x_wconf 88' lang='lat' dir='ltr'><strong>dicunt,</strong></span> <span class='ocrx_word' id='word_1_442' title='bbox 496 2135 550 2154; x_wconf 91' lang='lat' dir='ltr'><strong>non</strong></span> <span class='ocrx_word' id='word_1_443' title='bbox 563 2127 672 2162; x_wconf 86' lang='lat' dir='ltr'><strong>quidem</strong></span> <span class='ocrx_word' id='word_1_444' title='bbox 689 2130 779 2162; x_wconf 85' lang='lat' dir='ltr'><strong>partes</strong></span> <span class='ocrx_word' id='word_1_445' title='bbox 791 2125 847 2158; x_wconf 88' lang='lat' dir='ltr'><strong>Dei,</strong></span> 
     </span>
    </p>
   </div>
   <div class='ocr_carea' id='block_1_62' title="bbox 59 2171 847 2209">
    <p class='ocr_par' dir='ltr' id='par_1_62' title="bbox 59 2171 847 2209">
     <span class='ocr_line' id='line_1_62' title="bbox 59 2171 847 2209; baseline -0.006 -5"><span class='ocrx_word' id='word_1_446' title='bbox 59 2176 108 2205; x_wconf 80' lang='lat' dir='ltr'><strong>sed</strong></span> <span class='ocrx_word' id='word_1_447' title='bbox 127 2176 217 2203; x_wconf 88' lang='lat' dir='ltr'><strong>factas</strong></span> <span class='ocrx_word' id='word_1_448' title='bbox 235 2182 250 2202; x_wconf 91' lang='lat' dir='ltr'><strong>a</strong></span> <span class='ocrx_word' id='word_1_449' title='bbox 267 2174 322 2202; x_wconf 91' lang='lat' dir='ltr'><strong>Deo</strong></span> <span class='ocrx_word' id='word_1_450' title='bbox 345 2182 473 2209; x_wconf 89' lang='lat' dir='ltr'><strong>peccasse</strong></span> <span class='ocrx_word' id='word_1_451' title='bbox 487 2182 502 2201; x_wconf 92' lang='lat' dir='ltr'><strong>a</strong></span> <span class='ocrx_word' id='word_1_452' title='bbox 514 2173 661 2201; x_wconf 84' lang='lat' dir='ltr'><strong>Conditore</strong></span> <span class='ocrx_word' id='word_1_453' title='bbox 677 2171 847 2205; x_wconf 64' lang='lat' dir='ltr'><strong>recedendo‘,</strong></span> 
     </span>
    </p>
   </div>
   <div class='ocr_carea' id='block_1_63' title="bbox 59 2220 847 2265">
    <p class='ocr_par' dir='ltr' id='par_1_63' title="bbox 59 2220 847 2265">
     <span class='ocr_line' id='line_1_63' title="bbox 59 2220 847 2265; baseline -0.005 -15"><span class='ocrx_word' id='word_1_454' title='bbox 59 2227 89 2265; x_wconf 74' lang='lat' dir='ltr'><strong>c_t</strong></span> <span class='ocrx_word' id='word_1_455' title='bbox 102 2221 427 2265; x_wconf 64' lang='lat' dir='ltr'><strong>diversisfprogressibus</strong></span> <span class='ocrx_word' id='word_1_456' title='bbox 441 2228 488 2256; x_wconf 88' lang='lat' dir='ltr'><strong>pro</strong></span> <span class='ocrx_word' id='word_1_457' title='bbox 505 2220 662 2247; x_wconf 84' lang='lat' dir='ltr'><strong>diversitate</strong></span> <span class='ocrx_word' id='word_1_458' title='bbox 677 2224 847 2254; x_wconf 88' lang='lat' dir='ltr'><strong>peccatorum</strong></span> 
     </span>
    </p>
   </div>
   <div class='ocr_carea' id='block_1_64' title="bbox 59 2260 850 2303">
    <p class='ocr_par' dir='ltr' id='par_1_64' title="bbox 59 2260 850 2303">
     <span class='ocr_line' id='line_1_64' title="bbox 59 2260 850 2303; baseline -0.006 -6"><span class='ocrx_word' id='word_1_459' title='bbox 59 2260 174 2297; x_wconf 58' lang='lat' dir='ltr'><strong>a&#39;cmlis</strong></span> <span class='ocrx_word' id='word_1_460' title='bbox 185 2260 274 2303; x_wconf 69' lang='lat' dir='ltr'><strong>usque</strong></span> <span class='ocrx_word' id='word_1_461' title='bbox 293 2268 328 2296; x_wconf 85' lang='lat' dir='ltr'><strong>ad</strong></span> <span class='ocrx_word' id='word_1_462' title='bbox 342 2273 439 2300; x_wconf 88' lang='lat' dir='ltr'><strong>terras,</strong></span> <span class='ocrx_word' id='word_1_463' title='bbox 453 2267 558 2294; x_wconf 86' lang='lat' dir='ltr'><strong>diversa</strong></span> <span class='ocrx_word' id='word_1_464' title='bbox 570 2273 683 2301; x_wconf 89' lang='lat' dir='ltr'><strong>corpora</strong></span> <span class='ocrx_word' id='word_1_465' title='bbox 698 2267 774 2301; x_wconf 90' lang='lat' dir='ltr'><strong>quasi</strong></span> <span class='ocrx_word' id='word_1_466' title='bbox 792 2266 850 2292; x_wconf 83' lang='lat' dir='ltr'><strong>vin-</strong></span> 
     </span>
    </p>
   </div>
   <div class='ocr_carea' id='block_1_65' title="bbox 59 2311 851 2345">
    <p class='ocr_par' dir='ltr' id='par_1_65' title="bbox 59 2311 851 2345">
     <span class='ocr_line' id='line_1_65' title="bbox 59 2311 851 2345; baseline -0.01 -1"><span class='ocrx_word' id='word_1_467' title='bbox 59 2316 125 2345; x_wconf 88' lang='lat' dir='ltr'><strong>cula</strong></span> <span class='ocrx_word' id='word_1_468' title='bbox 141 2315 287 2343; x_wconf 89' lang='lat' dir='ltr'><strong>merttisse.</strong></span> <span class='ocrx_word' id='word_1_469' title='bbox 304 2313 337 2341; x_wconf 89' lang='lat' dir='ltr'><strong>Et</strong></span> <span class='ocrx_word' id='word_1_470' title='bbox 353 2314 424 2341; x_wconf 90' lang='lat' dir='ltr'><strong>hunc</strong></span> <span class='ocrx_word' id='word_1_471' title='bbox 436 2319 496 2340; x_wconf 88' lang='lat' dir='ltr'><strong>esse</strong></span> <span class='ocrx_word' id='word_1_472' title='bbox 511 2311 649 2344; x_wconf 87' lang='lat' dir='ltr'><strong>mundutn,</strong></span> <span class='ocrx_word' id='word_1_473' title='bbox 663 2318 775 2345; x_wconf 84' lang='lat' dir='ltr'><strong>eamque</strong></span> <span class='ocrx_word' id='word_1_474' title='bbox 787 2319 851 2338; x_wconf 89' lang='lat' dir='ltr'><strong>cau-</strong></span> 
     </span>
    </p>
   </div>
   <div class='ocr_carea' id='block_1_66' title="bbox 58 2355 850 2390">
    <p class='ocr_par' dir='ltr' id='par_1_66' title="bbox 58 2355 850 2390">
     <span class='ocr_line' id='line_1_66' title="bbox 58 2355 850 2390; baseline -0.01 0"><span class='ocrx_word' id='word_1_475' title='bbox 58 2370 119 2390; x_wconf 91' lang='lat' dir='ltr'><strong>sam</strong></span> <span class='ocrx_word' id='word_1_476' title='bbox 131 2360 226 2389; x_wconf 85' lang='lat' dir='ltr'><strong>mundi</strong></span> <span class='ocrx_word' id='word_1_477' title='bbox 240 2359 323 2387; x_wconf 88' lang='lat' dir='ltr'><strong>fuisse</strong></span> <span class='ocrx_word' id='word_1_478' title='bbox 334 2357 462 2390; x_wconf 80' lang='lat' dir='ltr'><strong>faciendi,</strong></span> <span class='ocrx_word' id='word_1_479' title='bbox 475 2365 526 2384; x_wconf 90' lang='lat' dir='ltr'><strong>non</strong></span> <span class='ocrx_word' id='word_1_480' title='bbox 538 2361 568 2383; x_wconf 95' lang='lat' dir='ltr'><strong>ut</strong></span> <span class='ocrx_word' id='word_1_481' title='bbox 578 2356 758 2384; x_wconf 86' lang='lat' dir='ltr'><strong>conderentur</strong></span> <span class='ocrx_word' id='word_1_482' title='bbox 769 2355 850 2389; x_wconf 87' lang='lat' dir='ltr'><strong>bona,</strong></span> 
     </span>
    </p>
   </div>
   <div class='ocr_carea' id='block_1_67' title="bbox 57 2401 853 2436">
    <p class='ocr_par' dir='ltr' id='par_1_67' title="bbox 57 2401 853 2436">
     <span class='ocr_line' id='line_1_67' title="bbox 57 2401 853 2436; baseline -0.01 0"><span class='ocrx_word' id='word_1_483' title='bbox 57 2408 109 2436; x_wconf 89' lang='lat' dir='ltr'><strong>sed</strong></span> <span class='ocrx_word' id='word_1_484' title='bbox 138 2412 170 2434; x_wconf 88' lang='lat' dir='ltr'><strong>ut</strong></span> <span class='ocrx_word' id='word_1_485' title='bbox 203 2405 273 2434; x_wconf 92' lang='lat' dir='ltr'><strong>mala</strong></span> <span class='ocrx_word' id='word_1_486' title='bbox 303 2404 505 2432; x_wconf 90' lang='lat' dir='ltr'><strong>cohiberentur.</strong></span> <span class='ocrx_word' id='word_1_487' title='bbox 542 2402 611 2430; x_wconf 89' lang='lat' dir='ltr'><strong>Hinc</strong></span> <span class='ocrx_word' id='word_1_488' title='bbox 633 2402 763 2436; x_wconf 76' lang='lat' dir='ltr'><strong>Origenes</strong></span> <span class='ocrx_word' id='word_1_489' title='bbox 791 2401 853 2436; x_wconf 84' lang='lat' dir='ltr'><strong>jure</strong></span> 
     </span>
    </p>
   </div>
   <div class='ocr_carea' id='block_1_68' title="bbox 58 2447 852 2489">
    <p class='ocr_par' dir='ltr' id='par_1_68' title="bbox 58 2447 852 2489">
     <span class='ocr_line' id='line_1_68' title="bbox 58 2447 852 2489; baseline -0.011 -7"><span class='ocrx_word' id='word_1_490' title='bbox 58 2454 206 2489; x_wconf 87' lang='lat' dir='ltr'><strong>culpatur;</strong></span> <span class='ocrx_word' id='word_1_491' title='bbox 236 2451 263 2480; x_wconf 88' lang='lat' dir='ltr'><strong>in</strong></span> <span class='ocrx_word' id='word_1_492' title='bbox 288 2451 366 2479; x_wconf 88' lang='lat' dir='ltr'><strong>libris</strong></span> <span class='ocrx_word' id='word_1_493' title='bbox 393 2450 464 2479; x_wconf 89' lang='lat' dir='ltr'><strong>enim</strong></span> <span class='ocrx_word' id='word_1_494' title='bbox 490 2456 559 2484; x_wconf 92' lang='lat' dir='ltr'><strong>quos</strong></span> <span class='ocrx_word' id='word_1_495' title='bbox 582 2447 698 2483; x_wconf 87' lang='lat' dir='ltr'><strong>appellat</strong></span> <span class='ocrx_word' id='word_1_496' title='bbox 713 2447 783 2481; x_wconf 76' lang='grc' dir='ltr'><strong>Περὶ</strong></span> <span class='ocrx_word' id='word_1_497' title='bbox 799 2447 852 2481; x_wconf 64' lang='grc' dir='ltr'><strong>ἀρ.</strong></span> 
     </span>
    </p>
   </div>
   <div class='ocr_carea' id='block_1_69' title="bbox 58 2494 849 2536">
    <p class='ocr_par' dir='ltr' id='par_1_69' title="bbox 58 2494 849 2536">
     <span class='ocr_line' id='line_1_69' title="bbox 58 2494 849 2536; baseline -0.01 -8"><span class='ocrx_word' id='word_1_498' title='bbox 58 2501 136 2536; x_wconf 79' lang='grc' dir='ltr'><strong>χῶν,</strong></span> <span class='ocrx_word' id='word_1_499' title='bbox 155 2499 182 2527; x_wconf 91' lang='lat' dir='ltr'><strong>id</strong></span> <span class='ocrx_word' id='word_1_500' title='bbox 191 2503 245 2531; x_wconf 86' lang='lat' dir='ltr'><strong>est,</strong></span> <span class='ocrx_word' id='word_1_501' title='bbox 256 2498 293 2526; x_wconf 77' lang='lat' dir='ltr'><strong>De</strong></span> <span class='ocrx_word' id='word_1_502' title='bbox 300 2497 448 2533; x_wconf 63' lang='lat' dir='ltr'><strong>principiis,</strong></span> <span class='ocrx_word' id='word_1_503' title='bbox 467 2496 519 2524; x_wconf 86' lang='lat' dir='ltr'><strong>hoc</strong></span> <span class='ocrx_word' id='word_1_504' title='bbox 530 2496 624 2527; x_wconf 84' lang='lat' dir='ltr'><strong>sensit,</strong></span> <span class='ocrx_word' id='word_1_505' title='bbox 640 2495 691 2522; x_wconf 92' lang='lat' dir='ltr'><strong>hoc</strong></span> <span class='ocrx_word' id='word_1_506' title='bbox 705 2494 823 2529; x_wconf 87' lang='lat' dir='ltr'><strong>scripsit.</strong></span> <span class='ocrx_word' id='word_1_507' title='bbox 839 2502 849 2520; x_wconf 72' lang='grc' dir='ltr'><strong>ι</strong></span> 
     </span>
    </p>
   </div>
   <div class='ocr_carea' id='block_1_70' title="bbox 58 2541 853 2582">
    <p class='ocr_par' dir='ltr' id='par_1_70' title="bbox 58 2541 853 2582">
     <span class='ocr_line' id='line_1_70' title="bbox 58 2541 853 2582; baseline -0.011 -7"><span class='ocrx_word' id='word_1_508' title='bbox 58 2549 155 2582; x_wconf 88' lang='lat' dir='ltr'><strong>Atque</strong></span> <span class='ocrx_word' id='word_1_509' title='bbox 172 2546 231 2574; x_wconf 58' lang='lat' dir='ltr'><strong>hate</strong></span> <span class='ocrx_word' id='word_1_510' title='bbox 246 2545 334 2572; x_wconf 85' lang='lat' dir='ltr'><strong>valide</strong></span> <span class='ocrx_word' id='word_1_511' title='bbox 353 2543 523 2579; x_wconf 85' lang='lat' dir='ltr'><strong>postmodum</strong></span> <span class='ocrx_word' id='word_1_512' title='bbox 543 2546 690 2578; x_wconf 83' lang='lat' dir='ltr'><strong>oppugnat.</strong></span> <span class='ocrx_word' id='word_1_513' title='bbox 712 2541 853 2575; x_wconf 76' lang='lat' dir='ltr'><strong>Oppugnat</strong></span> 
     </span>
    </p>
   </div>
   <div class='ocr_carea' id='block_1_71' title="bbox 59 2585 854 2624">
    <p class='ocr_par' dir='ltr' id='par_1_71' title="bbox 59 2585 854 2624">
     <span class='ocr_line' id='line_1_71' title="bbox 59 2585 854 2624; baseline -0.01 -4"><span class='ocrx_word' id='word_1_514' title='bbox 59 2594 148 2622; x_wconf 85' lang='lat' dir='ltr'><strong>etiam</strong></span> <span class='ocrx_word' id='word_1_515' title='bbox 167 2599 228 2620; x_wconf 93' lang='lat' dir='ltr'><strong>cum</strong></span> <span class='ocrx_word' id='word_1_516' title='bbox 246 2591 322 2624; x_wconf 87' lang='lat' dir='ltr'><strong>alibi,</strong></span> <span class='ocrx_word' id='word_1_517' title='bbox 338 2595 396 2618; x_wconf 88' lang='lat' dir='ltr'><strong>tum</strong></span> <span class='ocrx_word' id='word_1_518' title='bbox 408 2590 526 2617; x_wconf 80' lang='lat' dir='ltr'><strong>maxime</strong></span> <span class='ocrx_word' id='word_1_519' title='bbox 545 2589 615 2616; x_wconf 90' lang='lat' dir='ltr'><strong>libro</strong></span> <span class='ocrx_word' id='word_1_520' title='bbox 637 2593 729 2615; x_wconf 84' lang='lat' dir='ltr'><strong>contra</strong></span> <span class='ocrx_word' id='word_1_521' title='bbox 742 2585 854 2614; x_wconf 72' lang='grc' dir='ltr'><strong>Ριίδεὶι-</strong></span> 
     </span>
    </p>
   </div>
   <div class='ocr_carea' id='block_1_72' title="bbox 61 2630 856 2672">
    <p class='ocr_par' dir='ltr' id='par_1_72' title="bbox 61 2630 856 2672">
     <span class='ocr_line' id='line_1_72' title="bbox 61 2630 856 2672; baseline -0.01 -6"><span class='ocrx_word' id='word_1_522' title='bbox 61 2639 192 2666; x_wconf 70' lang='lat' dir='ltr'><strong>Jiauistac</strong></span> <span class='ocrx_word' id='word_1_523' title='bbox 207 2642 235 2664; x_wconf 82' lang='lat' dir='ltr'><strong>et</strong></span> <span class='ocrx_word' id='word_1_524' title='bbox 252 2636 427 2672; x_wconf 73' lang='lat' dir='ltr'><strong>Origeniatuc,</strong></span> <span class='ocrx_word' id='word_1_525' title='bbox 447 2643 508 2670; x_wconf 88' lang='lat' dir='ltr'><strong>cap.</strong></span> <span class='ocrx_word' id='word_1_526' title='bbox 521 2635 549 2667; x_wconf 82' lang='lat'><strong>8,</strong></span> <span class='ocrx_word' id='word_1_527' title='bbox 573 2642 634 2662; x_wconf 91' lang='lat' dir='ltr'><strong>cum</strong></span> <span class='ocrx_word' id='word_1_528' title='bbox 649 2632 802 2667; x_wconf 86' lang='lat' dir='ltr'><strong>scripsisset</strong></span> <span class='ocrx_word' id='word_1_529' title='bbox 823 2630 856 2657; x_wconf 81' lang='lat' dir='ltr'><strong>ad</strong></span> 
     </span>
    </p>
   </div>
   <div class='ocr_carea' id='block_1_73' title="bbox 61 2676 858 2714">
    <p class='ocr_par' dir='ltr' id='par_1_73' title="bbox 61 2676 858 2714">
     <span class='ocr_line' id='line_1_73' title="bbox 61 2676 858 2714; baseline -0.009 -3"><span class='ocrx_word' id='word_1_530' title='bbox 61 2691 126 2712; x_wconf 92' lang='lat' dir='ltr'><strong>eum</strong></span> <span class='ocrx_word' id='word_1_531' title='bbox 142 2682 259 2711; x_wconf 87' lang='lat' dir='ltr'><strong>Orosius</strong></span> <span class='ocrx_word' id='word_1_532' title='bbox 285 2682 313 2709; x_wconf 92' lang='lat' dir='ltr'><strong>in</strong></span> <span class='ocrx_word' id='word_1_533' title='bbox 330 2681 548 2714; x_wconf 80' lang='lat' dir='ltr'><strong>Commonitorio,</strong></span> <span class='ocrx_word' id='word_1_534' title='bbox 573 2680 599 2707; x_wconf 93' lang='lat' dir='ltr'><strong>id</strong></span> <span class='ocrx_word' id='word_1_535' title='bbox 620 2686 682 2707; x_wconf 86' lang='lat' dir='ltr'><strong>esse</strong></span> <span class='ocrx_word' id='word_1_536' title='bbox 698 2676 858 2713; x_wconf 76' lang='lat' dir='ltr'><strong>Origenistis</strong></span> 
     </span>
    </p>
   </div>
   <div class='ocr_carea' id='block_1_74' title="bbox 62 2723 857 2765">
    <p class='ocr_par' dir='ltr' id='par_1_74' title="bbox 62 2723 857 2765">
     <span class='ocr_line' id='line_1_74' title="bbox 62 2723 857 2765; baseline -0.009 -9"><span class='ocrx_word' id='word_1_537' title='bbox 62 2729 230 2765; x_wconf 87' lang='lat' dir='ltr'><strong>quibusdam</strong></span> <span class='ocrx_word' id='word_1_538' title='bbox 247 2735 406 2764; x_wconf 88' lang='lat' dir='ltr'><strong>persuasum</strong></span> <span class='ocrx_word' id='word_1_539' title='bbox 417 2748 425 2761; x_wconf 82' lang='grc'>,</span> <span class='ocrx_word' id='word_1_540' title='bbox 437 2728 456 2752; x_wconf 84' lang='grc' dir='ltr'><strong>ἰ</strong></span> <span class='ocrx_word' id='word_1_541' title='bbox 473 2725 600 2753; x_wconf 80' lang='lat' dir='ltr'><strong>Mundum</strong></span> <span class='ocrx_word' id='word_1_542' title='bbox 622 2724 770 2752; x_wconf 89' lang='lat' dir='ltr'><strong>novissime</strong></span> <span class='ocrx_word' id='word_1_543' title='bbox 797 2723 857 2750; x_wconf 88' lang='lat' dir='ltr'><strong>ideo</strong></span> 
     </span>
    </p>
   </div>
   <div class='ocr_carea' id='block_1_75' title="bbox 62 2772 858 2807">
    <p class='ocr_par' dir='ltr' id='par_1_75' title="bbox 62 2772 858 2807">
     <span class='ocr_line' id='line_1_75' title="bbox 62 2772 858 2807; baseline -0.009 -4"><span class='ocrx_word' id='word_1_544' title='bbox 62 2782 127 2804; x_wconf 84' lang='lat' dir='ltr'><strong>esse</strong></span> <span class='ocrx_word' id='word_1_545' title='bbox 142 2774 257 2806; x_wconf 88' lang='lat' dir='ltr'><strong>factum,</strong></span> <span class='ocrx_word' id='word_1_546' title='bbox 278 2778 305 2800; x_wconf 89' lang='lat' dir='ltr'><strong>ut</strong></span> <span class='ocrx_word' id='word_1_547' title='bbox 321 2773 348 2800; x_wconf 92' lang='lat' dir='ltr'><strong>in</strong></span> <span class='ocrx_word' id='word_1_548' title='bbox 360 2781 392 2801; x_wconf 90' lang='lat' dir='ltr'><strong>eo</strong></span> <span class='ocrx_word' id='word_1_549' title='bbox 405 2772 502 2800; x_wconf 66' lang='lat' dir='ltr'><strong>animte</strong></span> <span class='ocrx_word' id='word_1_550' title='bbox 517 2775 707 2807; x_wconf 76' lang='lat' dir='ltr'><strong>purgarentur,</strong></span> <span class='ocrx_word' id='word_1_551' title='bbox 721 2777 781 2804; x_wconf 69' lang='lat' dir='ltr'><strong>quae</strong></span> <span class='ocrx_word' id='word_1_552' title='bbox 794 2773 858 2796; x_wconf 87' lang='lat' dir='ltr'><strong>ante</strong></span> 
     </span>
    </p>
   </div>
   <div class='ocr_carea' id='block_1_76' title="bbox 64 2815 855 2857">
    <p class='ocr_par' dir='ltr' id='par_1_76' title="bbox 64 2815 855 2857">
     <span class='ocr_line' id='line_1_76' title="bbox 64 2815 855 2857; baseline -0.008 -8"><span class='ocrx_word' id='word_1_553' title='bbox 64 2825 264 2857; x_wconf 85' lang='lat' dir='ltr'><strong>peccaverunt.</strong></span> <span class='ocrx_word' id='word_1_554' title='bbox 280 2828 289 2846; x_wconf 74' lang='grc' dir='ltr'><strong>ι</strong></span> <span class='ocrx_word' id='word_1_555' title='bbox 306 2819 424 2847; x_wconf 85' lang='lat' dir='ltr'><strong>Isidorus</strong></span> <span class='ocrx_word' id='word_1_556' title='bbox 455 2817 501 2847; x_wconf 85' lang='lat' dir='ltr'><strong>lib.</strong></span> <span class='ocrx_word' id='word_1_557' title='bbox 525 2825 573 2845; x_wconf 89' lang='lat' dir='ltr'><strong>vnt</strong></span> <span class='ocrx_word' id='word_1_558' title='bbox 600 2816 715 2852; x_wconf 77' lang='lat' dir='ltr'><strong>0rigin.,</strong></span> <span class='ocrx_word' id='word_1_559' title='bbox 733 2823 793 2851; x_wconf 86' lang='lat' dir='ltr'><strong>cap.</strong></span> <span class='ocrx_word' id='word_1_560' title='bbox 816 2815 855 2843; x_wconf 87' lang='lat'><strong>5:</strong></span> 
     </span>
    </p>
   </div>
   <div class='ocr_carea' id='block_1_77' title="bbox 72 2863 856 2903">
    <p class='ocr_par' dir='ltr' id='par_1_77' title="bbox 72 2863 856 2903">
     <span class='ocr_line' id='line_1_77' title="bbox 72 2863 856 2903; baseline -0.005 -8"><span class='ocrx_word' id='word_1_561' title='bbox 72 2878 81 2895; x_wconf 73' lang='grc' dir='ltr'><strong>ε</strong></span> <span class='ocrx_word' id='word_1_562' title='bbox 100 2866 275 2903; x_wconf 76' lang='lat' dir='ltr'><strong>Origcniani,</strong></span> <span class='ocrx_word' id='word_1_563' title='bbox 294 2866 392 2901; x_wconf 88' lang='lat' dir='ltr'><strong>inquit,</strong></span> <span class='ocrx_word' id='word_1_564' title='bbox 421 2865 524 2894; x_wconf 87' lang='lat' dir='ltr'><strong>animas</strong></span> <span class='ocrx_word' id='word_1_565' title='bbox 551 2864 577 2893; x_wconf 90' lang='lat' dir='ltr'><strong>in</strong></span> <span class='ocrx_word' id='word_1_566' title='bbox 606 2863 698 2893; x_wconf 90' lang='lat' dir='ltr'><strong>mundi</strong></span> <span class='ocrx_word' id='word_1_567' title='bbox 723 2863 856 2898; x_wconf 87' lang='lat' dir='ltr'><strong>principio</strong></span> 
     </span>
    </p>
   </div>
   <div class='ocr_carea' id='block_1_78' title="bbox 887 929 1676 964">
    <p class='ocr_par' dir='ltr' id='par_1_78' title="bbox 887 929 1676 964">
     <span class='ocr_line' id='line_1_78' title="bbox 887 929 1676 964; baseline 0 -7"><span class='ocrx_word' id='word_1_568' title='bbox 887 930 934 957; x_wconf 86' lang='lat' dir='ltr'><strong>sed</strong></span> <span class='ocrx_word' id='word_1_569' title='bbox 947 929 1060 964; x_wconf 73' lang='lat' dir='ltr'><strong>quaesita</strong></span> <span class='ocrx_word' id='word_1_570' title='bbox 1080 934 1196 962; x_wconf 90' lang='lat' dir='ltr'><strong>tantum,</strong></span> <span class='ocrx_word' id='word_1_571' title='bbox 1211 934 1292 964; x_wconf 91' lang='lat' dir='ltr'><strong>atque</strong></span> <span class='ocrx_word' id='word_1_572' title='bbox 1308 930 1439 964; x_wconf 85' lang='lat' dir='ltr'><strong>projecta,</strong></span> <span class='ocrx_word' id='word_1_573' title='bbox 1457 937 1490 957; x_wconf 90' lang='lat' dir='ltr'><strong>ne</strong></span> <span class='ocrx_word' id='word_1_574' title='bbox 1512 930 1618 964; x_wconf 87' lang='lat' dir='ltr'><strong>penitus</strong></span> <span class='ocrx_word' id='word_1_575' title='bbox 1634 930 1676 957; x_wconf 88' lang='lat' dir='ltr'><strong>in-</strong></span> 
     </span>
    </p>
   </div>
   <div class='ocr_carea' id='block_1_79' title="bbox 888 974 1224 1010">
    <p class='ocr_par' dir='ltr' id='par_1_79' title="bbox 888 974 1224 1010">
     <span class='ocr_line' id='line_1_79' title="bbox 888 974 1224 1010; baseline -0.006 -7"><span class='ocrx_word' id='word_1_576' title='bbox 888 979 1005 1010; x_wconf 68' lang='lat' dir='ltr'><strong>tractata</strong></span> <span class='ocrx_word' id='word_1_577' title='bbox 1019 974 1176 1002; x_wconf 85' lang='lat' dir='ltr'><strong>viderentur</strong></span> <span class='ocrx_word' id='word_1_578' title='bbox 1189 975 1201 1001; x_wconf 85' lang='lat'><strong>?</strong></span> <span class='ocrx_word' id='word_1_579' title='bbox 1215 983 1224 1001; x_wconf 78' lang='grc' dir='ltr'><strong>ι</strong></span> 
     </span>
    </p>
   </div>
   <div class='ocr_carea' id='block_1_80' title="bbox 922 1020 1678 1056">
    <p class='ocr_par' dir='ltr' id='par_1_80' title="bbox 922 1020 1678 1056">
     <span class='ocr_line' id='line_1_80' title="bbox 922 1020 1678 1056; baseline 0 -8"><span class='ocrx_word' id='word_1_580' title='bbox 922 1021 966 1048; x_wconf 86' lang='lat' dir='ltr'><strong>lV.</strong></span> <span class='ocrx_word' id='word_1_581' title='bbox 982 1030 991 1046; x_wconf 80' lang='grc' dir='ltr'><strong>ι</strong></span> <span class='ocrx_word' id='word_1_582' title='bbox 1005 1021 1064 1049; x_wconf 77' lang='lat' dir='ltr'><strong>Jam</strong></span> <span class='ocrx_word' id='word_1_583' title='bbox 1074 1028 1139 1049; x_wconf 88' lang='lat' dir='ltr'><strong>sane</strong></span> <span class='ocrx_word' id='word_1_584' title='bbox 1156 1021 1282 1056; x_wconf 86' lang='lat' dir='ltr'><strong>quoniam</strong></span> <span class='ocrx_word' id='word_1_585' title='bbox 1293 1020 1415 1049; x_wconf 90' lang='lat' dir='ltr'><strong>diversos</strong></span> <span class='ocrx_word' id='word_1_586' title='bbox 1428 1026 1516 1048; x_wconf 88' lang='lat' dir='ltr'><strong>motus</strong></span> <span class='ocrx_word' id='word_1_587' title='bbox 1530 1021 1678 1049; x_wconf 82' lang='lat' dir='ltr'><strong>rationabi-</strong></span> 
     </span>
    </p>
   </div>
   <div class='ocr_carea' id='block_1_81' title="bbox 887 1066 1678 1102">
    <p class='ocr_par' dir='ltr' id='par_1_81' title="bbox 887 1066 1678 1102">
     <span class='ocr_line' id='line_1_81' title="bbox 887 1066 1678 1102; baseline 0.001 -8"><span class='ocrx_word' id='word_1_588' title='bbox 887 1067 952 1094; x_wconf 87' lang='lat' dir='ltr'><strong>lium</strong></span> <span class='ocrx_word' id='word_1_589' title='bbox 970 1072 1167 1099; x_wconf 86' lang='lat' dir='ltr'><strong>creaturarum,</strong></span> <span class='ocrx_word' id='word_1_590' title='bbox 1183 1067 1328 1102; x_wconf 83' lang='lat' dir='ltr'><strong>variasque</strong></span> <span class='ocrx_word' id='word_1_591' title='bbox 1342 1068 1490 1094; x_wconf 88' lang='lat' dir='ltr'><strong>sententias</strong></span> <span class='ocrx_word' id='word_1_592' title='bbox 1504 1074 1612 1095; x_wconf 89' lang='lat' dir='ltr'><strong>causam</strong></span> <span class='ocrx_word' id='word_1_593' title='bbox 1629 1066 1678 1095; x_wconf 86' lang='lat' dir='ltr'><strong>de-</strong></span> 
     </span>
    </p>
   </div>
   <div class='ocr_carea' id='block_1_82' title="bbox 888 1113 1677 1147">
    <p class='ocr_par' dir='ltr' id='par_1_82' title="bbox 888 1113 1677 1147">
     <span class='ocr_line' id='line_1_82' title="bbox 888 1113 1677 1147; baseline 0.003 -8"><span class='ocrx_word' id='word_1_594' title='bbox 888 1113 962 1140; x_wconf 86' lang='lat' dir='ltr'><strong>disse</strong></span> <span class='ocrx_word' id='word_1_595' title='bbox 982 1113 1145 1140; x_wconf 80' lang='lat' dir='ltr'><strong>dirersitatis</strong></span> <span class='ocrx_word' id='word_1_596' title='bbox 1178 1113 1278 1140; x_wconf 88' lang='lat' dir='ltr'><strong>tnundo</strong></span> <span class='ocrx_word' id='word_1_597' title='bbox 1304 1113 1384 1144; x_wconf 88' lang='lat' dir='ltr'><strong>huic,</strong></span> <span class='ocrx_word' id='word_1_598' title='bbox 1411 1120 1500 1141; x_wconf 86' lang='lat' dir='ltr'><strong>sermo</strong></span> <span class='ocrx_word' id='word_1_599' title='bbox 1529 1113 1677 1147; x_wconf 85' lang='lat' dir='ltr'><strong>superioris</strong></span> 
     </span>
    </p>
   </div>
   <div class='ocr_carea' id='block_1_83' title="bbox 889 1158 1678 1194">
    <p class='ocr_par' dir='ltr' id='par_1_83' title="bbox 889 1158 1678 1194">
     <span class='ocr_line' id='line_1_83' title="bbox 889 1158 1678 1194; baseline 0 -8"><span class='ocrx_word' id='word_1_600' title='bbox 889 1158 1080 1194; x_wconf 89' lang='lat' dir='ltr'><strong>disputationis</strong></span> <span class='ocrx_word' id='word_1_601' title='bbox 1103 1159 1230 1191; x_wconf 85' lang='lat' dir='ltr'><strong>ostendit,</strong></span> <span class='ocrx_word' id='word_1_602' title='bbox 1253 1159 1399 1186; x_wconf 86' lang='lat' dir='ltr'><strong>videndum</strong></span> <span class='ocrx_word' id='word_1_603' title='bbox 1426 1166 1459 1186; x_wconf 85' lang='lat' dir='ltr'><strong>ne</strong></span> <span class='ocrx_word' id='word_1_604' title='bbox 1485 1158 1557 1186; x_wconf 86' lang='lat' dir='ltr'><strong>forte</strong></span> <span class='ocrx_word' id='word_1_605' title='bbox 1580 1158 1678 1186; x_wconf 77' lang='lat' dir='ltr'><strong>similis</strong></span> 
     </span>
    </p>
   </div>
   <div class='ocr_carea' id='block_1_84' title="bbox 890 1204 1677 1240">
    <p class='ocr_par' dir='ltr' id='par_1_84' title="bbox 890 1204 1677 1240">
     <span class='ocr_line' id='line_1_84' title="bbox 890 1204 1677 1240; baseline 0 -8"><span class='ocrx_word' id='word_1_606' title='bbox 890 1205 967 1233; x_wconf 82' lang='lat' dir='ltr'><strong>initio</strong></span> <span class='ocrx_word' id='word_1_607' title='bbox 980 1206 1071 1233; x_wconf 88' lang='lat' dir='ltr'><strong>exitus</strong></span> <span class='ocrx_word' id='word_1_608' title='bbox 1084 1213 1191 1240; x_wconf 88' lang='lat' dir='ltr'><strong>quoque</strong></span> <span class='ocrx_word' id='word_1_609' title='bbox 1204 1205 1267 1233; x_wconf 92' lang='lat' dir='ltr'><strong>huic</strong></span> <span class='ocrx_word' id='word_1_610' title='bbox 1279 1205 1380 1233; x_wconf 89' lang='lat' dir='ltr'><strong>mundo</strong></span> <span class='ocrx_word' id='word_1_611' title='bbox 1392 1205 1545 1233; x_wconf 89' lang='lat' dir='ltr'><strong>conveniat.</strong></span> <span class='ocrx_word' id='word_1_612' title='bbox 1561 1204 1677 1232; x_wconf 87' lang='lat' dir='ltr'><strong>Dubium</strong></span> 
     </span>
    </p>
   </div>
   <div class='ocr_carea' id='block_1_85' title="bbox 889 1250 1678 1287">
    <p class='ocr_par' dir='ltr' id='par_1_85' title="bbox 889 1250 1678 1287">
     <span class='ocr_line' id='line_1_85' title="bbox 889 1250 1678 1287; baseline -0.004 -7"><span class='ocrx_word' id='word_1_613' title='bbox 889 1253 961 1280; x_wconf 90' lang='lat' dir='ltr'><strong>enim</strong></span> <span class='ocrx_word' id='word_1_614' title='bbox 982 1260 1034 1280; x_wconf 93' lang='lat' dir='ltr'><strong>non</strong></span> <span class='ocrx_word' id='word_1_615' title='bbox 1054 1257 1097 1280; x_wconf 90' lang='lat' dir='ltr'><strong>est</strong></span> <span class='ocrx_word' id='word_1_616' title='bbox 1109 1252 1174 1287; x_wconf 92' lang='lat' dir='ltr'><strong>quin</strong></span> <span class='ocrx_word' id='word_1_617' title='bbox 1193 1252 1254 1280; x_wconf 84' lang='lat' dir='ltr'><strong>linis</strong></span> <span class='ocrx_word' id='word_1_618' title='bbox 1271 1251 1355 1286; x_wconf 90' lang='lat' dir='ltr'><strong>ipsius</strong></span> <span class='ocrx_word' id='word_1_619' title='bbox 1371 1252 1399 1279; x_wconf 94' lang='lat' dir='ltr'><strong>in</strong></span> <span class='ocrx_word' id='word_1_620' title='bbox 1415 1251 1575 1279; x_wconf 77' lang='lat' dir='ltr'><strong>diversitate</strong></span> <span class='ocrx_word' id='word_1_621' title='bbox 1592 1250 1678 1278; x_wconf 67' lang='lat' dir='ltr'><strong>multa</strong></span> 
     </span>
    </p>
   </div>
   <div class='ocr_carea' id='block_1_86' title="bbox 889 1298 1680 1333">
    <p class='ocr_par' dir='ltr' id='par_1_86' title="bbox 889 1298 1680 1333">
     <span class='ocr_line' id='line_1_86' title="bbox 889 1298 1680 1333; baseline 0 -9"><span class='ocrx_word' id='word_1_622' title='bbox 889 1298 976 1325; x_wconf 90' lang='lat' dir='ltr'><strong>adhuc</strong></span> <span class='ocrx_word' id='word_1_623' title='bbox 998 1303 1025 1326; x_wconf 90' lang='lat' dir='ltr'><strong>et</strong></span> <span class='ocrx_word' id='word_1_624' title='bbox 1050 1299 1181 1326; x_wconf 86' lang='lat' dir='ltr'><strong>varietate</strong></span> <span class='ocrx_word' id='word_1_625' title='bbox 1211 1298 1387 1333; x_wconf 88' lang='lat' dir='ltr'><strong>reperiendus</strong></span> <span class='ocrx_word' id='word_1_626' title='bbox 1418 1298 1561 1333; x_wconf 73' lang='lat' dir='ltr'><strong>sit;,qu:e</strong></span> <span class='ocrx_word' id='word_1_627' title='bbox 1586 1298 1680 1332; x_wconf 69' lang='lat' dir='ltr'><strong>utique</strong></span> 
     </span>
    </p>
   </div>
   <div class='ocr_carea' id='block_1_87' title="bbox 891 1343 1679 1379">
    <p class='ocr_par' dir='ltr' id='par_1_87' title="bbox 891 1343 1679 1379">
     <span class='ocr_line' id='line_1_87' title="bbox 891 1343 1679 1379; baseline 0.001 -9"><span class='ocrx_word' id='word_1_628' title='bbox 891 1343 1008 1371; x_wconf 84' lang='lat' dir='ltr'><strong>varietas</strong></span> <span class='ocrx_word' id='word_1_629' title='bbox 1031 1344 1059 1371; x_wconf 91' lang='lat' dir='ltr'><strong>in</strong></span> <span class='ocrx_word' id='word_1_630' title='bbox 1086 1344 1166 1379; x_wconf 83' lang='lat' dir='ltr'><strong>hujus</strong></span> <span class='ocrx_word' id='word_1_631' title='bbox 1194 1344 1287 1371; x_wconf 91' lang='lat' dir='ltr'><strong>mundi</strong></span> <span class='ocrx_word' id='word_1_632' title='bbox 1310 1344 1363 1371; x_wconf 84' lang='lat' dir='ltr'><strong>line</strong></span> <span class='ocrx_word' id='word_1_633' title='bbox 1385 1343 1554 1379; x_wconf 83' lang='lat' dir='ltr'><strong>deprehensa</strong></span> <span class='ocrx_word' id='word_1_634' title='bbox 1583 1350 1679 1371; x_wconf 84' lang='lat' dir='ltr'><strong>causas</strong></span> 
     </span>
    </p>
   </div>
   <div class='ocr_carea' id='block_1_88' title="bbox 891 1389 1681 1425">
    <p class='ocr_par' dir='ltr' id='par_1_88' title="bbox 891 1389 1681 1425">
     <span class='ocr_line' id='line_1_88' title="bbox 891 1389 1681 1425; baseline 0.004 -9"><span class='ocrx_word' id='word_1_635' title='bbox 891 1397 987 1417; x_wconf 86' lang='lat' dir='ltr'><strong>rursus</strong></span> <span class='ocrx_word' id='word_1_636' title='bbox 998 1389 1185 1417; x_wconf 89' lang='lat' dir='ltr'><strong>diversitatum</strong></span> <span class='ocrx_word' id='word_1_637' title='bbox 1199 1391 1311 1418; x_wconf 90' lang='lat' dir='ltr'><strong>alterius</strong></span> <span class='ocrx_word' id='word_1_638' title='bbox 1324 1391 1417 1418; x_wconf 89' lang='lat' dir='ltr'><strong>mundi</strong></span> <span class='ocrx_word' id='word_1_639' title='bbox 1433 1395 1494 1425; x_wconf 87' lang='lat' dir='ltr'><strong>post</strong></span> <span class='ocrx_word' id='word_1_640' title='bbox 1507 1390 1580 1417; x_wconf 87' lang='lat' dir='ltr'><strong>hunc</strong></span> <span class='ocrx_word' id='word_1_641' title='bbox 1596 1389 1681 1419; x_wconf 85' lang='lat' dir='ltr'><strong>futuri</strong></span> 
     </span>
    </p>
   </div>
   <div class='ocr_carea' id='block_1_89' title="bbox 889 1435 1680 1471">
    <p class='ocr_par' dir='ltr' id='par_1_89' title="bbox 889 1435 1680 1471">
     <span class='ocr_line' id='line_1_89' title="bbox 889 1435 1680 1471; baseline 0.001 -9"><span class='ocrx_word' id='word_1_642' title='bbox 889 1435 1103 1470; x_wconf 88' lang='lat' dir='ltr'><strong>occasionesque</strong></span> <span class='ocrx_word' id='word_1_643' title='bbox 1137 1436 1326 1471; x_wconf 65' lang='lat' dir='ltr'><strong>praestabit,»</strong></span> <span class='ocrx_word' id='word_1_644' title='bbox 1358 1435 1430 1470; x_wconf 90' lang='lat' dir='ltr'><strong>quod</strong></span> <span class='ocrx_word' id='word_1_645' title='bbox 1462 1436 1568 1463; x_wconf 88' lang='lat' dir='ltr'><strong>scilicet</strong></span> <span class='ocrx_word' id='word_1_646' title='bbox 1599 1435 1680 1471; x_wconf 88' lang='lat' dir='ltr'><strong>hujus</strong></span> 
     </span>
    </p>
   </div>
   <div class='ocr_carea' id='block_1_90' title="bbox 891 1480 1682 1516">
    <p class='ocr_par' dir='ltr' id='par_1_90' title="bbox 891 1480 1682 1516">
     <span class='ocr_line' id='line_1_90' title="bbox 891 1480 1682 1516; baseline 0 -8"><span class='ocrx_word' id='word_1_647' title='bbox 891 1481 983 1508; x_wconf 90' lang='lat' dir='ltr'><strong>mundi</strong></span> <span class='ocrx_word' id='word_1_648' title='bbox 1000 1481 1062 1509; x_wconf 87' lang='lat' dir='ltr'><strong>linis</strong></span> <span class='ocrx_word' id='word_1_649' title='bbox 1078 1482 1184 1509; x_wconf 91' lang='lat' dir='ltr'><strong>initium</strong></span> <span class='ocrx_word' id='word_1_650' title='bbox 1201 1483 1237 1509; x_wconf 90' lang='lat' dir='ltr'><strong>sit</strong></span> <span class='ocrx_word' id='word_1_651' title='bbox 1257 1481 1352 1509; x_wconf 88' lang='lat' dir='ltr'><strong>futuri.</strong></span> <span class='ocrx_word' id='word_1_652' title='bbox 1373 1481 1460 1509; x_wconf 85' lang='lat' dir='ltr'><strong>Verba</strong></span> <span class='ocrx_word' id='word_1_653' title='bbox 1477 1486 1540 1509; x_wconf 91' lang='lat' dir='ltr'><strong>sunt</strong></span> <span class='ocrx_word' id='word_1_654' title='bbox 1556 1480 1682 1516; x_wconf 74' lang='lat' dir='ltr'><strong>Origenis</strong></span> 
     </span>
    </p>
   </div>
   <div class='ocr_carea' id='block_1_91' title="bbox 891 1527 1681 1562">
    <p class='ocr_par' dir='ltr' id='par_1_91' title="bbox 891 1527 1681 1562">
     <span class='ocr_line' id='line_1_91' title="bbox 891 1527 1681 1562; baseline 0.001 -8"><span class='ocrx_word' id='word_1_655' title='bbox 891 1527 940 1556; x_wconf 91' lang='lat' dir='ltr'><strong>lib.</strong></span> <span class='ocrx_word' id='word_1_656' title='bbox 956 1536 975 1554; x_wconf 82' lang='grc' dir='ltr'><strong>ιι</strong></span> <span class='ocrx_word' id='word_1_657' title='bbox 1000 1528 1072 1562; x_wconf 74' lang='grc' dir='ltr'><strong>Περὶ</strong></span> <span class='ocrx_word' id='word_1_658' title='bbox 1102 1527 1222 1562; x_wconf 75' lang='grc' dir='ltr'><strong>ἀρχῶν,</strong></span> <span class='ocrx_word' id='word_1_659' title='bbox 1250 1535 1309 1562; x_wconf 87' lang='lat' dir='ltr'><strong>cap.</strong></span> <span class='ocrx_word' id='word_1_660' title='bbox 1327 1527 1354 1561; x_wconf 79' lang='grc' dir='ltr'><strong>Ι,</strong></span> <span class='ocrx_word' id='word_1_661' title='bbox 1382 1535 1457 1555; x_wconf 89' lang='lat' dir='ltr'><strong>num.</strong></span> <span class='ocrx_word' id='word_1_662' title='bbox 1476 1528 1503 1560; x_wconf 78' lang='lat'><strong>5,</strong></span> <span class='ocrx_word' id='word_1_663' title='bbox 1533 1528 1681 1562; x_wconf 88' lang='lat' dir='ltr'><strong>superioris</strong></span> 
     </span>
    </p>
   </div>
   <div class='ocr_carea' id='block_1_92' title="bbox 891 1572 1682 1607">
    <p class='ocr_par' dir='ltr' id='par_1_92' title="bbox 891 1572 1682 1607">
     <span class='ocr_line' id='line_1_92' title="bbox 891 1572 1682 1607; baseline 0.001 -9"><span class='ocrx_word' id='word_1_664' title='bbox 891 1572 995 1606; x_wconf 66' lang='lat' dir='ltr'><strong>quaesiti</strong></span> <span class='ocrx_word' id='word_1_665' title='bbox 1014 1580 1074 1599; x_wconf 87' lang='lat' dir='ltr'><strong>cum</strong></span> <span class='ocrx_word' id='word_1_666' title='bbox 1091 1573 1178 1600; x_wconf 90' lang='lat' dir='ltr'><strong>isthoc</strong></span> <span class='ocrx_word' id='word_1_667' title='bbox 1189 1592 1197 1605; x_wconf 92' lang='lat'><strong>,</strong></span> <span class='ocrx_word' id='word_1_668' title='bbox 1215 1573 1288 1607; x_wconf 92' lang='lat' dir='ltr'><strong>quod</strong></span> <span class='ocrx_word' id='word_1_669' title='bbox 1304 1572 1355 1599; x_wconf 90' lang='lat' dir='ltr'><strong>hoc</strong></span> <span class='ocrx_word' id='word_1_670' title='bbox 1373 1572 1432 1600; x_wconf 90' lang='lat' dir='ltr'><strong>loco</strong></span> <span class='ocrx_word' id='word_1_671' title='bbox 1450 1572 1529 1599; x_wconf 93' lang='lat' dir='ltr'><strong>nobis</strong></span> <span class='ocrx_word' id='word_1_672' title='bbox 1540 1573 1682 1601; x_wconf 77' lang='lat' dir='ltr'><strong>excutien-</strong></span> 
     </span>
    </p>
   </div>
   <div class='ocr_carea' id='block_1_93' title="bbox 892 1617 1682 1653">
    <p class='ocr_par' dir='ltr' id='par_1_93' title="bbox 892 1617 1682 1653">
     <span class='ocr_line' id='line_1_93' title="bbox 892 1617 1682 1653; baseline 0 -8"><span class='ocrx_word' id='word_1_673' title='bbox 892 1619 954 1645; x_wconf 88' lang='lat' dir='ltr'><strong>dutn</strong></span> <span class='ocrx_word' id='word_1_674' title='bbox 967 1618 1168 1653; x_wconf 89' lang='lat' dir='ltr'><strong>proposuimus,</strong></span> <span class='ocrx_word' id='word_1_675' title='bbox 1184 1618 1381 1645; x_wconf 82' lang='lat' dir='ltr'><strong>connex’ionem</strong></span> <span class='ocrx_word' id='word_1_676' title='bbox 1396 1617 1573 1645; x_wconf 87' lang='lat' dir='ltr'><strong>declarantis.</strong></span> <span class='ocrx_word' id='word_1_677' title='bbox 1591 1628 1600 1643; x_wconf 83' lang='lat'><strong>(</strong></span> <span class='ocrx_word' id='word_1_678' title='bbox 1613 1617 1682 1645; x_wconf 82' lang='lat' dir='ltr'><strong>Pos-</strong></span> 
     </span>
    </p>
   </div>
   <div class='ocr_carea' id='block_1_94' title="bbox 893 1663 1682 1698">
    <p class='ocr_par' dir='ltr' id='par_1_94' title="bbox 893 1663 1682 1698">
     <span class='ocr_line' id='line_1_94' title="bbox 893 1663 1682 1698; baseline -0.001 -7"><span class='ocrx_word' id='word_1_679' title='bbox 893 1664 969 1692; x_wconf 84' lang='lat' dir='ltr'><strong>sibile</strong></span> <span class='ocrx_word' id='word_1_680' title='bbox 994 1665 1066 1691; x_wconf 87' lang='lat' dir='ltr'><strong>enim</strong></span> <span class='ocrx_word' id='word_1_681' title='bbox 1092 1664 1207 1697; x_wconf 89' lang='lat' dir='ltr'><strong>videtur,</strong></span> <span class='ocrx_word' id='word_1_682' title='bbox 1236 1663 1324 1697; x_wconf 90' lang='lat' dir='ltr'><strong>inquit</strong></span> <span class='ocrx_word' id='word_1_683' title='bbox 1350 1663 1397 1690; x_wconf 88' lang='lat' dir='ltr'><strong>lib.</strong></span> <span class='ocrx_word' id='word_1_684' title='bbox 1412 1671 1432 1691; x_wconf 89' lang='lat' dir='ltr'><strong>ll</strong></span> <span class='ocrx_word' id='word_1_685' title='bbox 1476 1663 1546 1698; x_wconf 76' lang='grc' dir='ltr'><strong>Περὶ</strong></span> <span class='ocrx_word' id='word_1_686' title='bbox 1570 1663 1682 1698; x_wconf 74' lang='grc' dir='ltr'><strong>ἀρχῶν,</strong></span> 
     </span>
    </p>
   </div>
   <div class='ocr_carea' id='block_1_95' title="bbox 893 1708 1682 1743">
    <p class='ocr_par' dir='ltr' id='par_1_95' title="bbox 893 1708 1682 1743">
     <span class='ocr_line' id='line_1_95' title="bbox 893 1708 1682 1743; baseline 0 -7"><span class='ocrx_word' id='word_1_687' title='bbox 893 1716 954 1743; x_wconf 88' lang='lat' dir='ltr'><strong>cap.</strong></span> <span class='ocrx_word' id='word_1_688' title='bbox 965 1709 999 1741; x_wconf 75' lang='lat'><strong>3,</strong></span> <span class='ocrx_word' id='word_1_689' title='bbox 1016 1716 1091 1735; x_wconf 94' lang='lat' dir='ltr'><strong>num.</strong></span> <span class='ocrx_word' id='word_1_690' title='bbox 1106 1708 1123 1735; x_wconf 82' lang='grc'>5</span> <span class='ocrx_word' id='word_1_691' title='bbox 1134 1728 1142 1740; x_wconf 91' lang='lat'><strong>,</strong></span> <span class='ocrx_word' id='word_1_692' title='bbox 1163 1714 1192 1735; x_wconf 94' lang='lat' dir='ltr'><strong>ut</strong></span> <span class='ocrx_word' id='word_1_693' title='bbox 1214 1708 1390 1736; x_wconf 87' lang='lat' dir='ltr'><strong>rationabiles</strong></span> <span class='ocrx_word' id='word_1_694' title='bbox 1410 1713 1513 1735; x_wconf 82' lang='lat' dir='ltr'><strong>naturae</strong></span> <span class='ocrx_word' id='word_1_695' title='bbox 1527 1728 1535 1741; x_wconf 93' lang='lat'><strong>,</strong></span> <span class='ocrx_word' id='word_1_696' title='bbox 1552 1716 1567 1735; x_wconf 91' lang='lat' dir='ltr'><strong>a</strong></span> <span class='ocrx_word' id='word_1_697' title='bbox 1584 1708 1682 1743; x_wconf 78' lang='lat' dir='ltr'><strong>quibus</strong></span> 
     </span>
    </p>
   </div>
   <div class='ocr_carea' id='block_1_96' title="bbox 895 1753 1685 1789">
    <p class='ocr_par' dir='ltr' id='par_1_96' title="bbox 895 1753 1685 1789">
     <span class='ocr_line' id='line_1_96' title="bbox 895 1753 1685 1789; baseline 0 -9"><span class='ocrx_word' id='word_1_698' title='bbox 895 1762 1033 1788; x_wconf 86' lang='lat' dir='ltr'><strong>nunquam</strong></span> <span class='ocrx_word' id='word_1_699' title='bbox 1057 1753 1180 1780; x_wconf 89' lang='lat' dir='ltr'><strong>aufertur</strong></span> <span class='ocrx_word' id='word_1_700' title='bbox 1203 1754 1282 1781; x_wconf 89' lang='lat' dir='ltr'><strong>liberi</strong></span> <span class='ocrx_word' id='word_1_701' title='bbox 1302 1753 1416 1781; x_wconf 83' lang='lat' dir='ltr'><strong>facultas</strong></span> <span class='ocrx_word' id='word_1_702' title='bbox 1438 1753 1562 1786; x_wconf 89' lang='lat' dir='ltr'><strong>arbitrii,</strong></span> <span class='ocrx_word' id='word_1_703' title='bbox 1579 1754 1685 1789; x_wconf 83' lang='lat' dir='ltr'><strong>possint</strong></span> 
     </span>
    </p>
   </div>
   <div class='ocr_carea' id='block_1_97' title="bbox 895 1799 1685 1834">
    <p class='ocr_par' dir='ltr' id='par_1_97' title="bbox 895 1799 1685 1834">
     <span class='ocr_line' id='line_1_97' title="bbox 895 1799 1685 1834; baseline 0 -7"><span class='ocrx_word' id='word_1_704' title='bbox 895 1801 993 1827; x_wconf 86' lang='lat' dir='ltr'><strong>iterum</strong></span> <span class='ocrx_word' id='word_1_705' title='bbox 1008 1799 1144 1833; x_wconf 83' lang='lat' dir='ltr'><strong>aliquibus</strong></span> <span class='ocrx_word' id='word_1_706' title='bbox 1160 1799 1279 1826; x_wconf 82' lang='lat' dir='ltr'><strong>motibus</strong></span> <span class='ocrx_word' id='word_1_707' title='bbox 1293 1799 1437 1834; x_wconf 73' lang='lat' dir='ltr'><strong>subiacere</strong></span> <span class='ocrx_word' id='word_1_708' title='bbox 1448 1819 1456 1827; x_wconf 92' lang='lat'><strong>.</strong></span> <span class='ocrx_word' id='word_1_709' title='bbox 1471 1817 1479 1826; x_wconf 94' lang='lat'><strong>.</strong></span> <span class='ocrx_word' id='word_1_710' title='bbox 1491 1818 1499 1826; x_wconf 91' lang='lat'><strong>.</strong></span> <span class='ocrx_word' id='word_1_711' title='bbox 1510 1818 1519 1827; x_wconf 92' lang='lat'><strong>.</strong></span> <span class='ocrx_word' id='word_1_712' title='bbox 1536 1799 1613 1833; x_wconf 84' lang='lat' dir='ltr'><strong>Quos</strong></span> <span class='ocrx_word' id='word_1_713' title='bbox 1630 1806 1685 1827; x_wconf 91' lang='lat' dir='ltr'><strong>mo-</strong></span> 
     </span>
    </p>
   </div>
   <div class='ocr_carea' id='block_1_98' title="bbox 897 1845 1685 1880">
    <p class='ocr_par' dir='ltr' id='par_1_98' title="bbox 897 1845 1685 1880">
     <span class='ocr_line' id='line_1_98' title="bbox 897 1845 1685 1880; baseline -0.001 -6"><span class='ocrx_word' id='word_1_714' title='bbox 897 1851 939 1874; x_wconf 71' lang='lat' dir='ltr'><strong>tus</strong></span> <span class='ocrx_word' id='word_1_715' title='bbox 957 1847 1015 1874; x_wconf 89' lang='lat' dir='ltr'><strong>sine</strong></span> <span class='ocrx_word' id='word_1_716' title='bbox 1031 1846 1112 1873; x_wconf 82' lang='lat' dir='ltr'><strong>dubio</strong></span> <span class='ocrx_word' id='word_1_717' title='bbox 1130 1854 1237 1873; x_wconf 89' lang='lat' dir='ltr'><strong>rursum</strong></span> <span class='ocrx_word' id='word_1_718' title='bbox 1254 1846 1377 1872; x_wconf 88' lang='lat' dir='ltr'><strong>varietas</strong></span> <span class='ocrx_word' id='word_1_719' title='bbox 1391 1853 1536 1880; x_wconf 90' lang='lat' dir='ltr'><strong>corporum</strong></span> <span class='ocrx_word' id='word_1_720' title='bbox 1552 1850 1580 1873; x_wconf 88' lang='lat' dir='ltr'><strong>et</strong></span> <span class='ocrx_word' id='word_1_721' title='bbox 1595 1845 1685 1873; x_wconf 90' lang='lat' dir='ltr'><strong>diver-</strong></span> 
     </span>
    </p>
   </div>
   <div class='ocr_carea' id='block_1_99' title="bbox 896 1891 1685 1927">
    <p class='ocr_par' dir='ltr' id='par_1_99' title="bbox 896 1891 1685 1927">
     <span class='ocr_line' id='line_1_99' title="bbox 896 1891 1685 1927; baseline 0 -8"><span class='ocrx_word' id='word_1_722' title='bbox 896 1893 962 1920; x_wconf 70' lang='lat' dir='ltr'><strong>sitas</strong></span> <span class='ocrx_word' id='word_1_723' title='bbox 977 1896 1175 1927; x_wconf 80' lang='lat' dir='ltr'><strong>prosequetur,</strong></span> <span class='ocrx_word' id='word_1_724' title='bbox 1190 1899 1224 1918; x_wconf 79' lang='lat' dir='ltr'><strong>ex</strong></span> <span class='ocrx_word' id='word_1_725' title='bbox 1246 1898 1299 1926; x_wconf 90' lang='lat' dir='ltr'><strong>qua</strong></span> <span class='ocrx_word' id='word_1_726' title='bbox 1317 1891 1432 1918; x_wconf 91' lang='lat' dir='ltr'><strong>mundus</strong></span> <span class='ocrx_word' id='word_1_727' title='bbox 1448 1898 1556 1926; x_wconf 90' lang='lat' dir='ltr'><strong>semper</strong></span> <span class='ocrx_word' id='word_1_728' title='bbox 1570 1891 1685 1919; x_wconf 83' lang='lat' dir='ltr'><strong>adorna-</strong></span> 
     </span>
    </p>
   </div>
   <div class='ocr_carea' id='block_1_100' title="bbox 898 1936 1686 1971">
    <p class='ocr_par' dir='ltr' id='par_1_100' title="bbox 898 1936 1686 1971">
     <span class='ocr_line' id='line_1_100' title="bbox 898 1936 1686 1971; baseline 0 -6"><span class='ocrx_word' id='word_1_729' title='bbox 898 1943 952 1969; x_wconf 93' lang='lat' dir='ltr'><strong>tur,</strong></span> <span class='ocrx_word' id='word_1_730' title='bbox 974 1945 1025 1964; x_wconf 90' lang='lat' dir='ltr'><strong>nec</strong></span> <span class='ocrx_word' id='word_1_731' title='bbox 1055 1944 1171 1971; x_wconf 85' lang='lat' dir='ltr'><strong>unquam</strong></span> <span class='ocrx_word' id='word_1_732' title='bbox 1189 1936 1291 1971; x_wconf 86' lang='lat' dir='ltr'><strong>poterit</strong></span> <span class='ocrx_word' id='word_1_733' title='bbox 1307 1936 1423 1963; x_wconf 89' lang='lat' dir='ltr'><strong>mundus</strong></span> <span class='ocrx_word' id='word_1_734' title='bbox 1440 1936 1492 1963; x_wconf 90' lang='lat' dir='ltr'><strong>nisi</strong></span> <span class='ocrx_word' id='word_1_735' title='bbox 1508 1937 1638 1964; x_wconf 87' lang='lat' dir='ltr'><strong>varietate</strong></span> <span class='ocrx_word' id='word_1_736' title='bbox 1653 1944 1686 1965; x_wconf 86' lang='lat' dir='ltr'><strong>ac</strong></span> 
     </span>
    </p>
   </div>
   <div class='ocr_carea' id='block_1_101' title="bbox 897 1982 1687 2017">
    <p class='ocr_par' dir='ltr' id='par_1_101' title="bbox 897 1982 1687 2017">
     <span class='ocr_line' id='line_1_101' title="bbox 897 1982 1687 2017; baseline -0.001 -6"><span class='ocrx_word' id='word_1_737' title='bbox 897 1984 1056 2011; x_wconf 77' lang='lat' dir='ltr'><strong>diversitate</strong></span> <span class='ocrx_word' id='word_1_738' title='bbox 1072 1987 1207 2015; x_wconf 90' lang='lat' dir='ltr'><strong>constare,</strong></span> <span class='ocrx_word' id='word_1_739' title='bbox 1224 1983 1294 2017; x_wconf 90' lang='lat' dir='ltr'><strong>quod</strong></span> <span class='ocrx_word' id='word_1_740' title='bbox 1310 1982 1377 2009; x_wconf 84' lang='lat' dir='ltr'><strong>elllci</strong></span> <span class='ocrx_word' id='word_1_741' title='bbox 1394 1982 1467 2012; x_wconf 92' lang='lat' dir='ltr'><strong>nullo</strong></span> <span class='ocrx_word' id='word_1_742' title='bbox 1482 1989 1581 2017; x_wconf 72' lang='lat' dir='ltr'><strong>genere</strong></span> <span class='ocrx_word' id='word_1_743' title='bbox 1597 1987 1687 2017; x_wconf 82' lang='lat' dir='ltr'><strong>potest</strong></span> 
     </span>
    </p>
   </div>
   <div class='ocr_carea' id='block_1_102' title="bbox 897 2028 1687 2063">
    <p class='ocr_par' dir='ltr' id='par_1_102' title="bbox 897 2028 1687 2063">
     <span class='ocr_line' id='line_1_102' title="bbox 897 2028 1687 2063; baseline 0 -7"><span class='ocrx_word' id='word_1_744' title='bbox 897 2035 974 2057; x_wconf 72' lang='lat' dir='ltr'><strong>extra</strong></span> <span class='ocrx_word' id='word_1_745' title='bbox 991 2029 1130 2057; x_wconf 88' lang='lat' dir='ltr'><strong>materiam</strong></span> <span class='ocrx_word' id='word_1_746' title='bbox 1146 2029 1329 2063; x_wconf 89' lang='lat' dir='ltr'><strong>corporalem.</strong></span> <span class='ocrx_word' id='word_1_747' title='bbox 1347 2037 1357 2054; x_wconf 76' lang='grc' dir='ltr'><strong>ι</strong></span> <span class='ocrx_word' id='word_1_748' title='bbox 1377 2028 1513 2056; x_wconf 75' lang='lat' dir='ltr'><strong>Doctrina:</strong></span> <span class='ocrx_word' id='word_1_749' title='bbox 1529 2029 1611 2062; x_wconf 67' lang='lat' dir='ltr'><strong>igitur</strong></span> <span class='ocrx_word' id='word_1_750' title='bbox 1632 2036 1687 2057; x_wconf 68' lang='lat' dir='ltr'><strong>sua:</strong></span> 
     </span>
    </p>
   </div>
   <div class='ocr_carea' id='block_1_103' title="bbox 898 2073 1685 2110">
    <p class='ocr_par' dir='ltr' id='par_1_103' title="bbox 898 2073 1685 2110">
     <span class='ocr_line' id='line_1_103' title="bbox 898 2073 1685 2110; baseline -0.001 -8"><span class='ocrx_word' id='word_1_751' title='bbox 898 2076 1090 2103; x_wconf 78' lang='lat' dir='ltr'><strong>cobzcrentiam</strong></span> <span class='ocrx_word' id='word_1_752' title='bbox 1103 2074 1222 2102; x_wconf 88' lang='lat' dir='ltr'><strong>servavit</strong></span> <span class='ocrx_word' id='word_1_753' title='bbox 1233 2073 1376 2110; x_wconf 81' lang='lat' dir='ltr'><strong>Origenes,</strong></span> <span class='ocrx_word' id='word_1_754' title='bbox 1395 2078 1422 2101; x_wconf 89' lang='lat' dir='ltr'><strong>et</strong></span> <span class='ocrx_word' id='word_1_755' title='bbox 1436 2074 1507 2109; x_wconf 89' lang='lat' dir='ltr'><strong>quod</strong></span> <span class='ocrx_word' id='word_1_756' title='bbox 1523 2081 1555 2101; x_wconf 82' lang='lat' dir='ltr'><strong>ex</strong></span> <span class='ocrx_word' id='word_1_757' title='bbox 1573 2075 1685 2109; x_wconf 77' lang='lat' dir='ltr'><strong>dogma-</strong></span> 
     </span>
    </p>
   </div>
   <div class='ocr_carea' id='block_1_104' title="bbox 900 2119 1689 2155">
    <p class='ocr_par' dir='ltr' id='par_1_104' title="bbox 900 2119 1689 2155">
     <span class='ocr_line' id='line_1_104' title="bbox 900 2119 1689 2155; baseline 0.003 -9"><span class='ocrx_word' id='word_1_758' title='bbox 900 2120 972 2148; x_wconf 91' lang='lat' dir='ltr'><strong>tibus</strong></span> <span class='ocrx_word' id='word_1_759' title='bbox 988 2120 1044 2147; x_wconf 87' lang='lat' dir='ltr'><strong>suis</strong></span> <span class='ocrx_word' id='word_1_760' title='bbox 1061 2119 1131 2147; x_wconf 84' lang='lat' dir='ltr'><strong>eﬂici</strong></span> <span class='ocrx_word' id='word_1_761' title='bbox 1156 2120 1282 2155; x_wconf 82' lang='lat' dir='ltr'><strong>putavit,</strong></span> <span class='ocrx_word' id='word_1_762' title='bbox 1310 2119 1337 2146; x_wconf 89' lang='lat' dir='ltr'><strong>id</strong></span> <span class='ocrx_word' id='word_1_763' title='bbox 1367 2119 1511 2147; x_wconf 89' lang='lat' dir='ltr'><strong>manifesta</strong></span> <span class='ocrx_word' id='word_1_764' title='bbox 1538 2120 1689 2148; x_wconf 88' lang='lat' dir='ltr'><strong>assertione</strong></span> 
     </span>
    </p>
   </div>
   <div class='ocr_carea' id='block_1_105' title="bbox 900 2163 1689 2202">
    <p class='ocr_par' dir='ltr' id='par_1_105' title="bbox 900 2163 1689 2202">
     <span class='ocr_line' id='line_1_105' title="bbox 900 2163 1689 2202; baseline 0.003 -10"><span class='ocrx_word' id='word_1_765' title='bbox 900 2166 1041 2193; x_wconf 86' lang='lat' dir='ltr'><strong>decrevit:</strong></span> <span class='ocrx_word' id='word_1_766' title='bbox 1059 2163 1121 2193; x_wconf 84' lang='lat' dir='ltr'><strong>nam</strong></span> <span class='ocrx_word' id='word_1_767' title='bbox 1154 2166 1182 2193; x_wconf 92' lang='lat' dir='ltr'><strong>in</strong></span> <span class='ocrx_word' id='word_1_768' title='bbox 1213 2166 1408 2201; x_wconf 88' lang='lat' dir='ltr'><strong>sequentibus,</strong></span> <span class='ocrx_word' id='word_1_769' title='bbox 1441 2165 1592 2202; x_wconf 87' lang='lat' dir='ltr'><strong>repudiatis</strong></span> <span class='ocrx_word' id='word_1_770' title='bbox 1619 2173 1689 2194; x_wconf 80' lang='lat' dir='ltr'><strong>non-</strong></span> 
     </span>
    </p>
   </div>
   <div class='ocr_carea' id='block_1_106' title="bbox 901 2212 1689 2247">
    <p class='ocr_par' dir='ltr' id='par_1_106' title="bbox 901 2212 1689 2247">
     <span class='ocr_line' id='line_1_106' title="bbox 901 2212 1689 2247; baseline 0 -7"><span class='ocrx_word' id='word_1_771' title='bbox 901 2213 993 2246; x_wconf 83' lang='lat' dir='ltr'><strong>nullis,</strong></span> <span class='ocrx_word' id='word_1_772' title='bbox 1015 2213 1061 2247; x_wconf 92' lang='lat' dir='ltr'><strong>qui</strong></span> <span class='ocrx_word' id='word_1_773' title='bbox 1077 2213 1175 2240; x_wconf 90' lang='lat' dir='ltr'><strong>mundo</strong></span> <span class='ocrx_word' id='word_1_774' title='bbox 1192 2212 1257 2240; x_wconf 87' lang='lat' dir='ltr'><strong>huic</strong></span> <span class='ocrx_word' id='word_1_775' title='bbox 1268 2219 1348 2247; x_wconf 88' lang='lat' dir='ltr'><strong>pares</strong></span> <span class='ocrx_word' id='word_1_776' title='bbox 1362 2218 1559 2247; x_wconf 89' lang='lat' dir='ltr'><strong>usquequaque</strong></span> <span class='ocrx_word' id='word_1_777' title='bbox 1570 2212 1689 2240; x_wconf 87' lang='lat' dir='ltr'><strong>mundos</strong></span> 
     </span>
    </p>
   </div>
   <div class='ocr_carea' id='block_1_107' title="bbox 902 2258 1691 2286">
    <p class='ocr_par' dir='ltr' id='par_1_107' title="bbox 902 2258 1691 2286">
     <span class='ocr_line' id='line_1_107' title="bbox 902 2258 1691 2286; baseline 0 0"><span class='ocrx_word' id='word_1_778' title='bbox 902 2267 934 2286; x_wconf 91' lang='lat' dir='ltr'><strong>ac</strong></span> <span class='ocrx_word' id='word_1_779' title='bbox 948 2259 1104 2286; x_wconf 89' lang='lat' dir='ltr'><strong>consimiles</strong></span> <span class='ocrx_word' id='word_1_780' title='bbox 1128 2259 1155 2285; x_wconf 91' lang='lat' dir='ltr'><strong>in</strong></span> <span class='ocrx_word' id='word_1_781' title='bbox 1176 2258 1275 2286; x_wconf 87' lang='lat' dir='ltr'><strong>futuris</strong></span> <span class='ocrx_word' id='word_1_782' title='bbox 1294 2258 1401 2286; x_wconf 58' lang='lat' dir='ltr'><strong>suculis</strong></span> <span class='ocrx_word' id='word_1_783' title='bbox 1416 2258 1563 2285; x_wconf 76' lang='lat' dir='ltr'><strong>continenti</strong></span> <span class='ocrx_word' id='word_1_784' title='bbox 1583 2265 1691 2286; x_wconf 82' lang='lat' dir='ltr'><strong>succes-</strong></span> 
     </span>
    </p>
   </div>
   <div class='ocr_carea' id='block_1_108' title="bbox 903 2303 1691 2341">
    <p class='ocr_par' dir='ltr' id='par_1_108' title="bbox 903 2303 1691 2341">
     <span class='ocr_line' id='line_1_108' title="bbox 903 2303 1691 2341; baseline -0.001 -8"><span class='ocrx_word' id='word_1_785' title='bbox 903 2306 979 2334; x_wconf 88' lang='lat' dir='ltr'><strong>sione</strong></span> <span class='ocrx_word' id='word_1_786' title='bbox 991 2306 1144 2341; x_wconf 85' lang='lat' dir='ltr'><strong>prodituros</strong></span> <span class='ocrx_word' id='word_1_787' title='bbox 1159 2304 1340 2338; x_wconf 88' lang='lat' dir='ltr'><strong>allirmabant,</strong></span> <span class='ocrx_word' id='word_1_788' title='bbox 1361 2305 1432 2339; x_wconf 91' lang='lat' dir='ltr'><strong>quod</strong></span> <span class='ocrx_word' id='word_1_789' title='bbox 1455 2304 1572 2332; x_wconf 86' lang='lat' dir='ltr'><strong>libertati</strong></span> <span class='ocrx_word' id='word_1_790' title='bbox 1585 2303 1691 2332; x_wconf 88' lang='lat' dir='ltr'><strong>arbitrii</strong></span> 
     </span>
    </p>
   </div>
   <div class='ocr_carea' id='block_1_109' title="bbox 903 2350 1692 2387">
    <p class='ocr_par' dir='ltr' id='par_1_109' title="bbox 903 2350 1692 2387">
     <span class='ocr_line' id='line_1_109' title="bbox 903 2350 1692 2387; baseline -0.003 -7"><span class='ocrx_word' id='word_1_791' title='bbox 903 2352 1023 2380; x_wconf 76' lang='lat' dir='ltr'><strong>alliceret</strong></span> <span class='ocrx_word' id='word_1_792' title='bbox 1034 2351 1165 2386; x_wconf 86' lang='lat' dir='ltr'><strong>ejusmodi</strong></span> <span class='ocrx_word' id='word_1_793' title='bbox 1178 2351 1330 2384; x_wconf 87' lang='lat' dir='ltr'><strong>sententia;</strong></span> <span class='ocrx_word' id='word_1_794' title='bbox 1344 2350 1411 2378; x_wconf 87' lang='lat' dir='ltr'><strong>alios</strong></span> <span class='ocrx_word' id='word_1_795' title='bbox 1422 2351 1544 2386; x_wconf 89' lang='lat' dir='ltr'><strong>quidem,</strong></span> <span class='ocrx_word' id='word_1_796' title='bbox 1556 2351 1602 2379; x_wconf 84' lang='lat' dir='ltr'><strong>sed</strong></span> <span class='ocrx_word' id='word_1_797' title='bbox 1614 2351 1692 2387; x_wconf 82' lang='lat' dir='ltr'><strong>plane</strong></span> 
     </span>
    </p>
   </div>
   <div class='ocr_carea' id='block_1_110' title="bbox 905 2396 1693 2432">
    <p class='ocr_par' dir='ltr' id='par_1_110' title="bbox 905 2396 1693 2432">
     <span class='ocr_line' id='line_1_110' title="bbox 905 2396 1693 2432; baseline -0.001 -7"><span class='ocrx_word' id='word_1_798' title='bbox 905 2398 1026 2426; x_wconf 88' lang='lat' dir='ltr'><strong>diversos</strong></span> <span class='ocrx_word' id='word_1_799' title='bbox 1044 2398 1182 2426; x_wconf 89' lang='lat' dir='ltr'><strong>conditum</strong></span> <span class='ocrx_word' id='word_1_800' title='bbox 1205 2396 1239 2424; x_wconf 91' lang='lat' dir='ltr'><strong>iri</strong></span> <span class='ocrx_word' id='word_1_801' title='bbox 1265 2396 1378 2430; x_wconf 83' lang='lat' dir='ltr'><strong>statuit;</strong></span> <span class='ocrx_word' id='word_1_802' title='bbox 1397 2404 1431 2423; x_wconf 93' lang='lat' dir='ltr'><strong>an</strong></span> <span class='ocrx_word' id='word_1_803' title='bbox 1452 2402 1543 2424; x_wconf 88' lang='lat' dir='ltr'><strong>autem</strong></span> <span class='ocrx_word' id='word_1_804' title='bbox 1558 2396 1693 2432; x_wconf 81' lang='lat' dir='ltr'><strong>dignitate</strong></span> 
     </span>
    </p>
   </div>
   <div class='ocr_carea' id='block_1_111' title="bbox 906 2439 1694 2478">
    <p class='ocr_par' dir='ltr' id='par_1_111' title="bbox 906 2439 1694 2478">
     <span class='ocr_line' id='line_1_111' title="bbox 906 2439 1694 2478; baseline -0.005 -8"><span class='ocrx_word' id='word_1_805' title='bbox 906 2441 1074 2478; x_wconf 70' lang='lat' dir='ltr'><strong>superiores,</strong></span> <span class='ocrx_word' id='word_1_806' title='bbox 1105 2449 1138 2469; x_wconf 85' lang='lat' dir='ltr'><strong>an</strong></span> <span class='ocrx_word' id='word_1_807' title='bbox 1171 2440 1329 2473; x_wconf 88' lang='lat' dir='ltr'><strong>inferiores,</strong></span> <span class='ocrx_word' id='word_1_808' title='bbox 1365 2439 1409 2467; x_wconf 92' lang='lat' dir='ltr'><strong>vel</strong></span> <span class='ocrx_word' id='word_1_809' title='bbox 1439 2439 1557 2474; x_wconf 58' lang='lat' dir='ltr'><strong>aequales</strong></span> <span class='ocrx_word' id='word_1_810' title='bbox 1587 2439 1694 2467; x_wconf 83' lang='lat' dir='ltr'><strong>nescire</strong></span> 
     </span>
    </p>
   </div>
   <div class='ocr_carea' id='block_1_112' title="bbox 906 2483 1694 2522">
    <p class='ocr_par' dir='ltr' id='par_1_112' title="bbox 906 2483 1694 2522">
     <span class='ocr_line' id='line_1_112' title="bbox 906 2483 1694 2522; baseline -0.006 -5"><span class='ocrx_word' id='word_1_811' title='bbox 906 2497 936 2517; x_wconf 86' lang='lat' dir='ltr'><strong>se</strong></span> <span class='ocrx_word' id='word_1_812' title='bbox 956 2488 1066 2516; x_wconf 81' lang='lat' dir='ltr'><strong>fatetur.</strong></span> <span class='ocrx_word' id='word_1_813' title='bbox 1102 2487 1185 2515; x_wconf 87' lang='lat' dir='ltr'><strong>Addit</strong></span> <span class='ocrx_word' id='word_1_814' title='bbox 1212 2490 1343 2522; x_wconf 66' lang='lat' dir='ltr'><strong>praeterea</strong></span> <span class='ocrx_word' id='word_1_815' title='bbox 1372 2485 1501 2513; x_wconf 91' lang='lat' dir='ltr'><strong>mundum</strong></span> <span class='ocrx_word' id='word_1_816' title='bbox 1530 2485 1618 2519; x_wconf 89' lang='lat' dir='ltr'><strong>hunc,</strong></span> <span class='ocrx_word' id='word_1_817' title='bbox 1646 2483 1694 2520; x_wconf 92' lang='lat' dir='ltr'><strong>qui</strong></span> 
     </span>
    </p>
   </div>
   <div class='ocr_carea' id='block_1_113' title="bbox 905 2531 1693 2571">
    <p class='ocr_par' dir='ltr' id='par_1_113' title="bbox 905 2531 1693 2571">
     <span class='ocr_line' id='line_1_113' title="bbox 905 2531 1693 2571; baseline -0.008 -7"><span class='ocrx_word' id='word_1_818' title='bbox 905 2540 933 2564; x_wconf 78' lang='lat' dir='ltr'><strong>et</strong></span> <span class='ocrx_word' id='word_1_819' title='bbox 960 2535 1017 2571; x_wconf 77' lang='lat' dir='ltr'><strong>ipse</strong></span> <span class='ocrx_word' id='word_1_820' title='bbox 1045 2535 1173 2563; x_wconf 65' lang='lat' dir='ltr'><strong>saeculum</strong></span> <span class='ocrx_word' id='word_1_821' title='bbox 1208 2533 1328 2567; x_wconf 87' lang='lat' dir='ltr'><strong>dicitur,</strong></span> <span class='ocrx_word' id='word_1_822' title='bbox 1356 2532 1503 2561; x_wconf 88' lang='lat' dir='ltr'><strong>multorum</strong></span> <span class='ocrx_word' id='word_1_823' title='bbox 1533 2531 1693 2559; x_wconf 66' lang='lat' dir='ltr'><strong>saeculorum</strong></span> 
     </span>
    </p>
   </div>
   <div class='ocr_carea' id='block_1_114' title="bbox 907 2577 1694 2614">
    <p class='ocr_par' dir='ltr' id='par_1_114' title="bbox 907 2577 1694 2614">
     <span class='ocr_line' id='line_1_114' title="bbox 907 2577 1694 2614; baseline -0.006 -4"><span class='ocrx_word' id='word_1_824' title='bbox 907 2589 968 2610; x_wconf 89' lang='lat' dir='ltr'><strong>esse</strong></span> <span class='ocrx_word' id='word_1_825' title='bbox 992 2581 1084 2614; x_wconf 84' lang='lat' dir='ltr'><strong>linem,</strong></span> <span class='ocrx_word' id='word_1_826' title='bbox 1112 2588 1144 2609; x_wconf 86' lang='lat' dir='ltr'><strong>ac</strong></span> <span class='ocrx_word' id='word_1_827' title='bbox 1178 2580 1325 2608; x_wconf 87' lang='lat' dir='ltr'><strong>multorum</strong></span> <span class='ocrx_word' id='word_1_828' title='bbox 1353 2585 1434 2614; x_wconf 83' lang='lat' dir='ltr'><strong>perm</strong></span> <span class='ocrx_word' id='word_1_829' title='bbox 1457 2577 1615 2606; x_wconf 70' lang='lat' dir='ltr'><strong>saeculorum</strong></span> <span class='ocrx_word' id='word_1_830' title='bbox 1642 2577 1694 2605; x_wconf 89' lang='lat' dir='ltr'><strong>lni-</strong></span> 
     </span>
    </p>
   </div>
   <div class='ocr_carea' id='block_1_115' title="bbox 908 2622 1693 2664">
    <p class='ocr_par' dir='ltr' id='par_1_115' title="bbox 908 2622 1693 2664">
     <span class='ocr_line' id='line_1_115' title="bbox 908 2622 1693 2664; baseline -0.008 -8"><span class='ocrx_word' id='word_1_831' title='bbox 908 2627 1061 2664; x_wconf 56' lang='lat' dir='ltr'><strong>tiumJSed</strong></span> <span class='ocrx_word' id='word_1_832' title='bbox 1078 2627 1152 2655; x_wconf 88' lang='lat' dir='ltr'><strong>velut</strong></span> <span class='ocrx_word' id='word_1_833' title='bbox 1165 2626 1321 2654; x_wconf 86' lang='lat' dir='ltr'><strong>dubitanter</strong></span> <span class='ocrx_word' id='word_1_834' title='bbox 1337 2625 1374 2652; x_wconf 90' lang='lat' dir='ltr'><strong>ait</strong></span> <span class='ocrx_word' id='word_1_835' title='bbox 1397 2623 1503 2651; x_wconf 85' lang='lat' dir='ltr'><strong>tandem</strong></span> <span class='ocrx_word' id='word_1_836' title='bbox 1517 2628 1578 2658; x_wconf 90' lang='lat' dir='ltr'><strong>post</strong></span> <span class='ocrx_word' id='word_1_837' title='bbox 1593 2622 1693 2650; x_wconf 89' lang='lat' dir='ltr'><strong>multo-</strong></span> 
     </span>
    </p>
   </div>
   <div class='ocr_carea' id='block_1_116' title="bbox 909 2667 1694 2704">
    <p class='ocr_par' dir='ltr' id='par_1_116' title="bbox 909 2667 1694 2704">
     <span class='ocr_line' id='line_1_116' title="bbox 909 2667 1694 2704; baseline -0.011 0"><span class='ocrx_word' id='word_1_838' title='bbox 909 2684 967 2704; x_wconf 92' lang='lat' dir='ltr'><strong>rum</strong></span> <span class='ocrx_word' id='word_1_839' title='bbox 992 2674 1152 2703; x_wconf 70' lang='lat' dir='ltr'><strong>saaculorum</strong></span> <span class='ocrx_word' id='word_1_840' title='bbox 1177 2672 1342 2700; x_wconf 87' lang='lat' dir='ltr'><strong>creationem</strong></span> <span class='ocrx_word' id='word_1_841' title='bbox 1358 2675 1386 2698; x_wconf 86' lang='lat' dir='ltr'><strong>et</strong></span> <span class='ocrx_word' id='word_1_842' title='bbox 1410 2670 1549 2698; x_wconf 88' lang='lat' dir='ltr'><strong>interitum</strong></span> <span class='ocrx_word' id='word_1_843' title='bbox 1563 2689 1571 2702; x_wconf 93' lang='lat'><strong>,</strong></span> <span class='ocrx_word' id='word_1_844' title='bbox 1591 2667 1694 2703; x_wconf 83' lang='lat' dir='ltr'><strong>aliquid</strong></span> 
     </span>
    </p>
   </div>
   <div class='ocr_carea' id='block_1_117' title="bbox 909 2715 1693 2754">
    <p class='ocr_par' dir='ltr' id='par_1_117' title="bbox 909 2715 1693 2754">
     <span class='ocr_line' id='line_1_117' title="bbox 909 2715 1693 2754; baseline -0.011 -4"><span class='ocrx_word' id='word_1_845' title='bbox 909 2721 1013 2750; x_wconf 66' lang='lat' dir='ltr'><strong>sarculis</strong></span> <span class='ocrx_word' id='word_1_846' title='bbox 1025 2720 1111 2754; x_wconf 86' lang='lat' dir='ltr'><strong>majus</strong></span> <span class='ocrx_word' id='word_1_847' title='bbox 1124 2719 1151 2747; x_wconf 90' lang='lat' dir='ltr'><strong>in</strong></span> <span class='ocrx_word' id='word_1_848' title='bbox 1166 2718 1286 2746; x_wconf 91' lang='lat' dir='ltr'><strong>omnium</strong></span> <span class='ocrx_word' id='word_1_849' title='bbox 1299 2716 1471 2745; x_wconf 88' lang='lat' dir='ltr'><strong>restitutione</strong></span> <span class='ocrx_word' id='word_1_850' title='bbox 1487 2715 1607 2743; x_wconf 88' lang='lat' dir='ltr'><strong>futurum</strong></span> <span class='ocrx_word' id='word_1_851' title='bbox 1621 2721 1693 2747; x_wconf 83' lang='lat' dir='ltr'><strong>esse,</strong></span> 
     </span>
    </p>
   </div>
   <div class='ocr_carea' id='block_1_118' title="bbox 909 2760 1694 2796">
    <p class='ocr_par' dir='ltr' id='par_1_118' title="bbox 909 2760 1694 2796">
     <span class='ocr_line' id='line_1_118' title="bbox 909 2760 1694 2796; baseline -0.01 -1"><span class='ocrx_word' id='word_1_852' title='bbox 909 2775 970 2796; x_wconf 90' lang='lat' dir='ltr'><strong>cum</strong></span> <span class='ocrx_word' id='word_1_853' title='bbox 996 2768 1066 2794; x_wconf 88' lang='lat' dir='ltr'><strong>Deus</strong></span> <span class='ocrx_word' id='word_1_854' title='bbox 1093 2765 1145 2793; x_wconf 90' lang='lat' dir='ltr'><strong>erit</strong></span> <span class='ocrx_word' id='word_1_855' title='bbox 1166 2765 1258 2793; x_wconf 84' lang='lat' dir='ltr'><strong>omnia</strong></span> <span class='ocrx_word' id='word_1_856' title='bbox 1284 2763 1313 2791; x_wconf 90' lang='lat' dir='ltr'><strong>in</strong></span> <span class='ocrx_word' id='word_1_857' title='bbox 1337 2762 1474 2792; x_wconf 87' lang='lat' dir='ltr'><strong>omnibus.</strong></span> <span class='ocrx_word' id='word_1_858' title='bbox 1498 2761 1580 2789; x_wconf 89' lang='lat' dir='ltr'><strong>Libro</strong></span> <span class='ocrx_word' id='word_1_859' title='bbox 1598 2760 1694 2788; x_wconf 78' lang='lat' dir='ltr'><strong>deinde</strong></span> 
     </span>
    </p>
   </div>
   <div class='ocr_carea' id='block_1_119' title="bbox 911 2805 1693 2849">
    <p class='ocr_par' dir='ltr' id='par_1_119' title="bbox 911 2805 1693 2849">
     <span class='ocr_line' id='line_1_119' title="bbox 911 2805 1693 2849; baseline -0.01 -8"><span class='ocrx_word' id='word_1_860' title='bbox 911 2813 999 2849; x_wconf 87' lang='lat' dir='ltr'><strong>operis</strong></span> <span class='ocrx_word' id='word_1_861' title='bbox 1020 2812 1140 2848; x_wconf 85' lang='lat' dir='ltr'><strong>ejusdem</strong></span> <span class='ocrx_word' id='word_1_862' title='bbox 1165 2811 1255 2844; x_wconf 87' lang='lat' dir='ltr'><strong>tertio,</strong></span> <span class='ocrx_word' id='word_1_863' title='bbox 1272 2817 1333 2845; x_wconf 83' lang='lat' dir='ltr'><strong>cap.</strong></span> <span class='ocrx_word' id='word_1_864' title='bbox 1349 2809 1376 2843; x_wconf 83' lang='lat'><strong>5,</strong></span> <span class='ocrx_word' id='word_1_865' title='bbox 1399 2812 1541 2843; x_wconf 88' lang='lat' dir='ltr'><strong>postquam</strong></span> <span class='ocrx_word' id='word_1_866' title='bbox 1564 2805 1693 2834; x_wconf 79' lang='lat' dir='ltr'><strong>mundum</strong></span> 
     </span>
    </p>
   </div>
   <div class='ocr_carea' id='block_1_120' title="bbox 909 2852 1694 2894">
    <p class='ocr_par' dir='ltr' id='par_1_120' title="bbox 909 2852 1694 2894">
     <span class='ocr_line' id='line_1_120' title="bbox 909 2852 1694 2894; baseline -0.011 -6"><span class='ocrx_word' id='word_1_867' title='bbox 909 2859 1035 2894; x_wconf 78' lang='lat' dir='ltr'><strong>cmpisse,</strong></span> <span class='ocrx_word' id='word_1_868' title='bbox 1048 2863 1075 2886; x_wconf 89' lang='lat' dir='ltr'><strong>et</strong></span> <span class='ocrx_word' id='word_1_869' title='bbox 1095 2857 1266 2887; x_wconf 81' lang='lat' dir='ltr'><strong>interiturum</strong></span> <span class='ocrx_word' id='word_1_870' title='bbox 1283 2863 1343 2885; x_wconf 85' lang='lat' dir='ltr'><strong>esse</strong></span> <span class='ocrx_word' id='word_1_871' title='bbox 1357 2853 1486 2888; x_wconf 83' lang='lat' dir='ltr'><strong>ostendit,</strong></span> <span class='ocrx_word' id='word_1_872' title='bbox 1501 2852 1582 2888; x_wconf 89' lang='lat' dir='ltr'><strong>objici</strong></span> <span class='ocrx_word' id='word_1_873' title='bbox 1599 2852 1694 2881; x_wconf 78' lang='lat' dir='ltr'><strong>adver-</strong></span> 
     </span>
    </p>
   </div>
  </div>
