1927 3076
260 153 328 183 1051

896 151 926 179 Ρ.
948 148 1108 178 DANlELlS
1127 145 1244 176 HUE'PII

1815 147 1879 175 1032

262 222 307 242 sus
328 213 397 241 hanc
421 212 598 240 assertionern
612 211 701 239 sotere
717 211 821 243 scribit,
843 218 918 238 num.
931 210 950 237 3
967 219 974 236 :
996 219 1005 235 ι
1019 209 1047 237 Si

1102 208 1144 235 τὸν
1157 208 1211 244 γὰρ
1227 207 1390 244 δημιουργὸν
1413 207 1457 235 διά
1472 216 1502 234 τε
1521 207 1752 243 δημιουργήματα
1767 206 1877 241 ἀνάγκη,

261 259 345 293 cmpit
361 257 475 285 mundus
488 265 520 284 es
535 262 665 291 tempore,
680 256 744 291 quid
760 260 824 283 ante
835 255 951 283 faciebat
964 255 1044 287 Deus,

261 310 341 337 quam
359 301 474 328 mundus
493 301 648 335 inciperet?
668 301 788 328 Otiosam
814 301 887 328 enim
903 305 931 328 et
951 300 1047 328 immo-

262 348 341 375 bilem
356 347 448 374 dicere
464 351 590 373 naturam
607 345 652 373 Dei
666 346 779 381 impium
798 349 841 373 est
854 344 935 373 simul
954 350 982 372 et
999 345 1046 372 ab-

261 393 383 423 surdum,
401 391 443 419 vel
466 397 561 427 putare
584 391 659 427 quod
684 391 792 419 bonitas
811 390 957 426 aliquando
979 391 1046 418 bene

260 446 314 466 non
341 438 446 470 fecerit,
462 441 490 465 et
509 436 706 471 omnipotentia
726 436 873 471 aliquando
893 444 946 463 non
961 436 1047 471 egerit

260 487 440 518 potentatum.
454 492 463 508 ι
485 482 572 515 Atque
589 482 614 509 id
635 483 742 510 demum
755 481 885 517 praeclare
896 481 1001 508 solvere
1017 488 1046 508 se

259 534 337 565 putat
363 529 414 556 bac
438 529 638 563 responsione:
657 538 667 554 ι
681 527 736 556 Nos
760 535 825 556 vero
851 531 1047 562 consequenter

261 575 484 610 respondebimus
503 574 681 602 observantes
698 573 818 609 regulam
829 573 950 608 pietatis,
965 577 992 600 et
1006 572 1048 600 di-

261 626 366 653 centes,
384 622 512 656 quoniam
529 629 581 649 non
606 626 671 648 tunc
695 621 811 655 primum
828 627 890 648 cum
912 619 1045 647 visibilem

260 668 341 694 istum
357 667 486 694 mundum
499 667 562 694 fecit
576 666 658 700 Deus,
676 666 760 700 cmpit
775 665 900 700 operari;
915 665 962 692 sed
978 664 1047 692 sicut

260 717 322 747 post
336 712 536 747 corruptionem
560 711 641 746 hujus
654 711 709 738 erit
728 711 800 738 alius
819 710 946 743 mundus,
963 711 999 737 ita
1019 714 1047 737 et

260 763 404 792 antequam
419 757 462 784 hic
475 761 558 790 esset,
574 756 657 784 fuisse
673 756 741 784 alios
751 755 900 784 credimus.
917 765 926 781 ι
945 755 1047 791 Duplex

261 804 305 831 his
320 802 514 830 confirmandis
538 803 649 830 adhibet
675 802 823 837 Scriptura
850 801 1045 834 testimonium,

260 848 376 875 alterum
397 855 431 875 ex
454 847 528 875 Isaia
542 855 605 880 uv,
620 847 666 879 l7,
687 851 716 874 et.
735 854 809 880 Lm,
824 846 870 879 22,
886 846 931 874 ubi
946 846 1045 874 celum

261 900 372 925 novum,
393 897 421 920 et
443 897 544 921 terram
564 900 660 921 novam
686 897 840 920 creaturum
868 900 898 920 se
925 891 1047 928 praedicit

262 937 334 966 Deus
346 946 356 965 :
370 938 485 966 alterum
500 946 533 965 ex
547 938 653 966 Eccles.
672 946 691 971 r,
712 938 740 971 9,
756 937 800 972 10,
812 938 883 973 quod
897 942 939 965 est
955 936 1047 972 huius-

262 984 334 1011 modi
348 993 355 1011 :
371 993 381 1010 ι
395 983 463 1017 Quid
487 988 529 1011 est
546 984 618 1018 quod
644 983 716 1010 fuit?
738 984 825 1018 ipsum
841 983 912 1018 quod
928 983 1048 1011 futurum

261 1035 304 1058 est
318 1039 325 1057 :
341 1030 409 1064 Quid
421 1035 464 1057 est
477 1031 548 1064 quod
565 1030 665 1057 factum
679 1030 741 1057 est?
759 1030 845 1065 ipsum
859 1030 932 1065 quod
947 1030 1049 1058 facien-

261 1077 324 1105 dum
339 1081 390 1104 est.
412 1075 454 1102 Nil
471 1075 520 1103 sub
544 1075 601 1103 sole
617 1084 734 1108 novum;
757 1083 807 1104 nec
821 1075 892 1104 valet
906 1077 1048 1111 quisquam

262 1123 354 1150 dicere
367 1131 373 1149 :
390 1122 460 1149 Ecce
475 1123 527 1149 hoc
542 1128 635 1149 recens
644 1127 687 1150 est
699 1130 706 1149 :
718 1122 774 1156 jam
785 1122 858 1150 enim
871 1123 1010 1157 praecessit
1021 1122 1048 1150 in

262 1168 370 1195 sarculis
393 1175 453 1203 quae
482 1167 592 1195 fuerunt
617 1173 680 1196 ante
705 1176 764 1196 nos.
779 1178 789 1195 ι
818 1167 933 1196 Mundos
959 1173 1048 1196 autem

264 1216 332 1243 istos
345 1223 399 1243 non
417 1215 507 1250 plures
524 1214 603 1242 simul
620 1221 691 1248 esse,
708 1216 754 1242 sed
767 1220 895 1250 perpetua
910 1216 981 1243 serie
996 1215 1048 1243 sibi

262 1267 436 1288 successores
456 1260 512 1288 fere
528 1265 632 1288 censet.
650 1261 739 1296 Atque
755 1261 812 1288 hac
827 1261 883 1296 ipsa
902 1262 1049 1296 reprehen-

263 1308 350 1336 sionis
361 1315 442 1335 causa
461 1308 578 1335 indidem
597 1309 732 1336 transtulit
750 1308 929 1344 Hieronymus
945 1308 972 1336 in
994 1309 1051 1343 epi-

262 1352 358 1380 stolam
376 1353 423 1385 59.
439 1353 471 1379 ad
488 1353 558 1380 Avit.
569 1373 576 1386 ,
601 1360 661 1388 cap.
677 1353 704 1380 5.
723 1353 821 1380 Eadem
838 1360 919 1388 porro
933 1357 975 1380 est
986 1353 1049 1381 Ori-

263 1398 374 1434 geniani
404 1398 483 1432 hujus
503 1398 555 1425 loci
577 1398 766 1431 ratiocinatio,
792 1405 852 1433 quae
877 1398 938 1425 libri
954 1406 963 1425 ι
977 1398 1049 1433 Περὶ

261 1443 373 1478 ἀρχῶν,
399 1451 459 1478 cap.
477 1443 510 1477 2,
537 1451 612 1470 num.
629 1443 679 1475 10,
708 1444 754 1471 ubi
777 1444 816 1470 ait
836 1443 1049 1478 omnipotentem

262 1489 347 1517 Deum
359 1497 436 1521 esse,
455 1491 506 1517 hoc
518 1494 560 1518 est
575 1489 792 1525 παντοκράτορα,
809 1494 943 1524 quatenus
959 1489 1050 1524 aliqua

1097 255 1145 282 καὶ
1159 254 1205 281 τὸν
1221 254 1335 290 ποιητὴν
1348 254 1391 280 διὰ
1403 253 1438 280 τὰ
1450 254 1599 289 ποιήματα,
1613 254 1661 280 καὶ
1674 253 1719 279 τὸν
1736 254 1882 287 παντοκρά-

1096 309 1162 336 cepa
1179 299 1223 327 διὰ
1238 299 1273 326 τὰ
1288 299 1459 334 κρατούμενα
1476 298 1614 333 λέγεσθαι·
1633 298 1742 334 ἀνάγκη
1760 297 1788 331 ἐξ
1801 299 1881 333 ἀρχῆς

1096 346 1164 373 αὐτὰ
1177 345 1230 372 ὑπὸ
1245 345 1291 372 τοῦ
1305 345 1371 372 Θεοῦ
1383 345 1556 380 γεγενῆσθαι,
1573 344 1620 371 καὶ
1636 345 1673 380 μὴ
1695 343 1766 372 εἶναι
1779 344 1881 380 χρόνον,

1096 392 1142 418 ὅτε
1161 391 1211 419 οὐκ
1225 389 1259 427 ἦν
1279 391 1375 419 ταῦτα.
1405 391 1438 418 ΕΙ.
1460 391 1578 418 deinde:
1603 390 1684 417 Ἀλλὰ
1701 391 1749 417 καὶ
1764 390 1881 417 ἀλλοιοῦ-

1097 438 1170 470 σθαι,
1187 438 1233 465 καὶ
1250 438 1428 474 μεταϐάλλειν
1439 438 1484 464 τὸν
1499 437 1633 473 ἄτρεπτον
1645 438 1693 464 καὶ
1706 437 1883 464 ἀναλλοίωτον

1098 484 1269 520 συμϐήσεται
1286 484 1369 511 Θεόν·
1389 485 1412 511 ει
1430 484 1483 520 γὰρ
1500 483 1612 520 ὕστερον
1626 483 1763 519 πεποίηκε
1779 483 1811 509 τὸ
1824 483 1883 515 πᾶν,

1096 530 1175 565 δῆλον
1185 530 1226 557 ὅτι
1241 530 1295 557 ἀπὸ
1310 529 1356 557 τοῦ
1370 530 1406 566 μὴ
1426 531 1511 556 ποιεῖν
1528 530 1568 561 εἰς
1585 529 1616 556 τδ
1630 531 1718 557 ποιεῖν
1736 529 1883 565 μετέϐαλε·

1096 575 1175 603 τοῦτο
1197 576 1225 603 δὲ
1242 577 1342 604 ἄτοπον
1362 576 1429 612 μετὰ
1449 575 1503 603 τῶν
1520 576 1744 612 προειρημένων·
1760 576 1812 602 οὔκ
1834 575 1885 610 ἄρα

1096 622 1206 649 δυνατδν
1232 621 1321 656 λέγειν
1346 622 1383 658 μὴ
1409 620 1479 649 εἶναι
1499 622 1616 658 ἄναρχον
1630 623 1677 649 καῖ
1697 621 1833 649 ωναῖδιον
1847 620 1884 655 τῷ

1097 667 1155 703 Θεῷ
1175 668 1206 695 τὸ
1221 669 1291 695 πᾶν·
1311 677 1320 694 ι
1332 667 1360 696 Si
1380 676 1431 696 non
1455 673 1496 696 est
1519 668 1609 704 opifex
1626 668 1686 695 sine
1701 667 1830 702 opiﬁciis.
1844 666 1884 694 vel

1097 713 1220 740 conditor
1244 714 1303 741 sine
1325 721 1355 741 re
1374 713 1495 746 condita,
1521 721 1608 748 neque
1624 713 1809 748 Omnipotens
1827 713 1885 739 sine

1097 760 1178 787 rebus
1191 759 1346 795 gubernatis
1358 768 1365 792 ;
1380 767 1443 786 nam
1456 759 1581 795 opificem
1597 766 1710 787 necesse
1722 763 1766 786 est
1779 763 1886 794 propter

1097 807 1216 841 Opiﬂcia.
1238 811 1266 834 et
1294 806 1462 834 conditorem
1489 811 1599 841 propter
1624 813 1668 833 res
1695 806 1839 837 conditas,
1859 810 1886 832 et

1099 852 1317 887 Omnipotentem
1340 855 1450 886 propter
1475 858 1519 878 res
1548 850 1713 885 gubernatas
1742 849 1799 877 dici
1815 859 1823 877 :
1842 857 1886 877 ne-

1099 905 1180 926 cesse
1199 901 1241 925 est
1255 897 1289 924 ab
1305 896 1384 924 initio
1408 896 1467 924 haec
1484 904 1497 924 a
1515 896 1569 924 Deo
1589 895 1674 924 fuisse
1689 895 1782 928 facta;
1800 903 1886 930 neque

1099 951 1158 973 esse
1173 948 1290 978 tempus,
1310 943 1420 978 quando
1434 943 1492 970 haec
1505 949 1557 969 non
1575 941 1686 969 fuerint.
1696 951 1706 968 ι
1726 941 1761 969 Et
1770 941 1884 968 deinde:

1102 989 1176 1018 «Sed
1193 989 1293 1017 variari
1324 993 1352 1016 et
1369 988 1469 1016 mutari
1493 986 1689 1015 immutabilem
1712 991 1742 1014 et
1766 987 1886 1014 invaria-

1098 1034 1179 1062 bilem
1197 1034 1281 1062 Deum
1297 1033 1448 1068 continget.
1473 1031 1541 1060 Nam
1555 1031 1577 1059 si
1598 1031 1694 1059 deinde
1705 1032 1800 1059 omnia
1815 1031 1888 1063 fecit,

1099 1080 1271 1109 manifestum
1287 1084 1328 1108 est
1345 1079 1420 1106 illum
1433 1078 1515 1106 a’nun
1532 1078 1655 1106 faciendo
1675 1078 1708 1105 ad
1728 1078 1886 1106 faciendun

1099 1125 1240 1153 transisse.
1273 1125 1424 1152 Absurdum
1453 1129 1543 1151 autem
1577 1123 1642 1151 illud
1671 1131 1704 1151 ex
1730 1123 1887 1151 antedictis.

1101 1171 1160 1199 Dici
1179 1178 1243 1206 ergo
1260 1178 1314 1198 non
1332 1174 1423 1206 potest
1437 1177 1490 1197 non
1507 1176 1568 1197 esse
1579 1169 1705 1205 principii
1729 1177 1842 1204 expers,
1864 1175 1889 1196 et

1100 1219 1156 1247 Deo
1171 1223 1336 1246 comternum
1351 1217 1404 1244 hoc
1422 1216 1589 1243 universum.
1603 1224 1612 1241 ι
1632 1214 1750 1250 Dignum
1771 1219 1801 1242 et
1820 1214 1888 1242 istud

1099 1269 1142 1292 est
1155 1260 1391 1290 animadversione
1409 1260 1481 1296 quod
1503 1260 1542 1288 ait
1571 1260 1752 1291 Adamantius
1766 1260 1860 1287 homl.
1872 1259 1888 1285 4

1100 1310 1128 1336 in
1147 1308 1258 1340 Isaiam,
1284 1315 1357 1334 num.
1372 1307 1399 1338 l,
1424 1306 1510 1340 «Quae
1532 1310 1596 1334 ante
1619 1307 1750 1333 mundum
1776 1305 1886 1337 fuerint.

1100 1354 1272 1389 ignoramus:
1295 1352 1404 1380 fuerunt
1428 1358 1509 1386 porro
1523 1351 1647 1386 quaedam
1661 1357 1725 1378 ante
1747 1350 1886 1378 mundun.

1100 1399 1165 1433 Qua:
1182 1403 1242 1434 post
1261 1398 1391 1426 mundum
1415 1401 1540 1425 secutura
1566 1401 1641 1430 sunt,
1664 1396 1698 1424 ad
1713 1401 1821 1424 certum
1838 1403 1888 1432 no_u

1101 1443 1348 1478 apprehendimus;
1367 1447 1448 1470 erunt
1460 1447 1550 1469 autem
1571 1441 1623 1469 alia
1639 1446 1700 1476 post
1716 1442 1862 1469 mundum.
1873 1450 1883 1467 ι

1101 1488 1140 1516 Ne
1155 1489 1217 1524 quis
1232 1497 1297 1516 vero
1316 1488 1363 1516 Dei
1385 1487 1482 1515 Filium
1506 1488 1551 1515 hic
1578 1487 1723 1523 intelligat,
1749 1488 1799 1523 qui
1827 1492 1888 1515 ante

264 1535 346 1563 habet
360 1534 388 1562 in
403 1543 463 1569 qua:
479 1535 628 1569 potentiam
643 1543 718 1562 suam
733 1541 863 1562 exercere
876 1535 960 1569 possit
977 1544 983 1562 :
1000 1543 1010 1560 ι
1023 1539 1051 1562 et
1063 1544 1085 1574 ο
1102 1535 1199 1562 sarcula
1222 1543 1237 1561 a
1258 1535 1339 1562 Patre
1356 1535 1462 1570 genitus
1478 1539 1530 1568 est,
1545 1534 1586 1562 vel
1601 1535 1733 1569 Spiritum
1752 1538 1888 1568 sanctum,

263 1581 337 1614 ideo,
361 1585 389 1608 ut
405 1581 577 1615 omnipotens
599 1581 759 1608 ostendatur
774 1579 858 1612 Deus.
879 1580 970 1607 omnia
984 1579 1049 1607 sub-

263 1626 361 1654 sistere
374 1633 485 1653 necesse
503 1633 583 1653 esse:
597 1635 608 1651 ι
625 1625 696 1660 quod
715 1625 738 1652 si
755 1625 818 1660 quis
835 1624 980 1658 aliquando
998 1631 1051 1651 non

263 1672 348 1701 fuisse
362 1673 428 1700 velit
440 1680 471 1700 ea
489 1679 549 1706 quae
567 1672 695 1707 deinceps
710 1671 780 1699 facta
798 1675 870 1704 sunt,
886 1671 948 1698 huic
967 1670 1053 1697 faten-

264 1719 328 1746 dum
346 1726 408 1746 esse
425 1718 580 1746 necessario
595 1718 808 1752 omnipotentem
823 1721 887 1744 tunc
904 1724 955 1744 non
968 1716 1054 1744 fuisse

264 1764 361 1798 Deum,
379 1764 603 1799 omnipotentiam
624 1771 689 1791 vero
705 1763 801 1791 deinde
821 1763 971 1798 accepisse,
989 1770 1052 1791 cum

264 1810 366 1839 habere
377 1810 461 1845 cmpit
478 1817 539 1845 qua:
554 1809 674 1844 potentia
689 1816 737 1836 sua
760 1809 934 1844 gubernaret.
952 1818 962 1835 ι
976 1808 1053 1842 Quod

264 1855 289 1883 si
314 1863 452 1890 nunquam
477 1860 530 1887 est,
551 1855 646 1890 inquit,
675 1855 784 1890 quando
808 1861 862 1882 non
884 1854 1054 1889 omnipotens

266 1902 358 1933 fuerit,
379 1902 532 1929 necessario
555 1901 706 1928 subsistere
721 1905 829 1935 oportet
852 1900 934 1928 etiam
956 1907 988 1927 ea
1005 1907 1052 1935 per

266 1955 327 1983 quae
339 1949 511 1982 omnipotens
523 1947 632 1980 dicitur,
647 1951 674 1974 et
689 1953 796 1981 semper
809 1946 900 1973 habuit
915 1946 941 1973 in
956 1946 1054 1980 quibus

267 1993 420 2021 exercuerit
436 1997 617 2028 potentatum,
640 1997 668 2020 et
689 1999 750 2027 quae
764 1991 865 2019 fuerint
879 1991 913 2019 ab
932 1992 1000 2026 ipso,
1012 1991 1054 2019 vel

266 2045 340 2074 rege.
362 2039 406 2066 vel
423 2039 543 2072 principe
564 2039 713 2066 moderata.
730 2048 740 2065 ι
764 2037 889 2066 Ofﬁciose
904 2038 1011 2072 quidem
1028 2043 1055 2066 et

267 2084 355 2112 amico
373 2084 504 2111 adversus
519 2084 664 2120 Origenem
690 2085 781 2111 animo
793 2104 802 2118 ,
823 2088 852 2111 at
874 2091 927 2111 non
944 2083 1055 2118 perinde

267 2137 340 2163 vere,
352 2131 379 2158 id
391 2130 442 2158 sibi
453 2129 521 2158 velle
535 2138 596 2158 eum
609 2130 722 2158 adnotat
733 2129 934 2163 Genebrardus,
948 2138 957 2155 ι
971 2129 1053 2156 Deum

267 2177 378 2206 Patrem
392 2177 616 2212 omnipotentiam
633 2185 709 2204 suam
735 2176 898 2210 ostendisse,
925 2176 988 2203 dum
1009 2184 1054 2211 ge-

1101 1581 1147 1616 qui
1166 1588 1357 1615 nunquamnen
1376 1581 1410 1608 ab
1433 1585 1549 1616 utroque
1563 1580 1705 1616 processit,
1721 1588 1811 1615 aquas
1833 1580 1891 1607 illa

1102 1634 1183 1661 Super
1205 1634 1273 1661 quas
1305 1626 1442 1654 ferebatur
1464 1626 1584 1662 Spiritus
1612 1626 1676 1659 Dei,
1701 1632 1729 1653 et
1764 1626 1891 1654 tenebras

1101 1680 1162 1707 qua:
1187 1677 1265 1700 erant
1296 1680 1377 1708 super
1402 1672 1499 1700 faciem
1524 1673 1626 1708 abyssi,
1642 1677 1752 1700 creatas
1769 1672 1890 1707 quidem.

1102 1718 1148 1746 sed
1165 1723 1255 1746 tamen
1276 1718 1377 1746 mundo
1393 1718 1565 1753 antiquiores
1592 1718 1745 1753 intelligere
1758 1725 1789 1745 se
1805 1717 1893 1745 decla-

1102 1769 1154 1791 rat.
1176 1764 1211 1792 Et
1226 1764 1335 1791 demum
1350 1773 1357 1792 :
1383 1773 1393 1789 ‹
1407 1763 1454 1797 Ea,
1470 1764 1568 1798 inquit,
1585 1770 1656 1797 qum,
1663 1768 1725 1798 post
1740 1769 1891 1791 estrei-u-

1102 1809 1231 1837 saeculum
1243 1810 1333 1837 futura
1352 1814 1417 1837 sunt
1427 1809 1454 1836 iu
1468 1809 1566 1836 sarcula
1579 1809 1739 1836 saeculorum
1756 1810 1820 1844 quis
1846 1817 1893 1844 ptr-

1103 1859 1157 1883 test
1177 1855 1330 1890 exponere?
1354 1854 1530 1882 Garrulorum
1549 1858 1592 1882 est
1619 1854 1765 1882 hominum
1797 1854 1893 1882 horum

1103 1901 1231 1929 notitiam
1253 1900 1387 1936 polliceri.
1402 1910 1412 1926 ι

1140 1946 1217 1980 Quod
1231 1951 1320 1974 autem
1336 1946 1479 1974 materiam
1489 1945 1543 1974 Deo
1554 1947 1719 1974 coaeternam
1731 1945 1893 1981 impugnans

1105 1992 1215 2021 disserit
1232 1993 1259 2020 in
1271 1989 1422 2020 Comment.
1440 1993 1468 2019 in
1481 1991 1575 2020 Genu.
1589 1999 1609 2024 ι,
1624 1992 1668 2024 12,
1681 1996 1709 2019 et
1720 1991 1768 2018 lib.
1782 2000 1802 2019 η
1823 1992 1892 2025 Περὶ

1103 2039 1216 2074 ἀρχῶν,
1241 2046 1300 2073 cap.
1315 2040 1342 2071 Ι,
1364 2046 1441 2067 num.
1456 2039 1483 2071 4,
1507 2038 1547 2065 sic
1572 2038 1760 2073 accipiendum
1774 2041 1835 2070 est;
1855 2045 1894 2064 re-

1106 2085 1222 2121 pudiare
1245 2092 1306 2112 eum
1336 2085 1445 2119 quidem
1473 2084 1614 2112 materiam
1647 2083 1722 2111 illam
1748 2083 1892 2118 ἀγένητον.

1105 2136 1165 2159 ortu
1179 2136 1207 2159 et
1222 2130 1357 2166 principio
1373 2135 1523 2163 carentem,
1538 2129 1645 2164 qualem
1659 2131 1823 2156 invexerant
1837 2128 1893 2163 phi-

1105 2177 1211 2212 losophi
1226 2176 1336 2212 quidam
1348 2195 1356 2209 ,
1376 2180 1405 2204 et
1420 2175 1585 2203 Marcionita:
1605 2175 1807 2208 defendebant,
1842 2174 1894 2202 Deo

268 2224 326 2251 nuit
344 2223 442 2252 Filium
459 2232 466 2251 :
492 2231 524 2251 ac
542 2224 595 2251 nisi
614 2223 763 2260 genuisset,
790 2231 845 2251 non
868 2223 953 2252 fuisse
966 2223 1054 2251 omui-
1069 2219 1091 2247 Β
1106 2229 1234 2256 εοενεω,
1254 2226 1283 2249 et
1294 2221 1409 2249 alterum
1434 2229 1525 2249 rerum
1553 2213 1715 2256 principium
1733 2229 1742 2248 :
1760 2226 1790 2248 at
1811 2221 1893 2249 nihilo

268 2275 427 2306 potentem:
443 2279 453 2297 ι
477 2278 540 2297 nam
562 2271 595 2298 de
621 2271 703 2299 rebus
726 2277 839 2298 numero
863 2269 998 2305 pluribus,
1027 2269 1054 2296 in

269 2323 330 2350 quae
355 2316 501 2350 imperium
520 2320 612 2343 teneat
637 2317 719 2349 Deus,
743 2323 796 2343 non
820 2315 854 2343 de
876 2323 930 2342 una
953 2315 1053 2350 aliqua,

268 2359 358 2394 qualis
378 2364 419 2387 est
435 2359 533 2393 Filius,
549 2368 631 2395 agere
645 2360 790 2395 Origenem
806 2359 979 2387 manifestum
995 2365 1052 2387 est;

273 2405 321 2432 sed
349 2409 377 2432 et
401 2412 445 2433 res
468 2409 574 2433 creatas
598 2406 626 2433 in
645 2406 736 2433 animo
762 2406 888 2433 habuisse
909 2405 975 2433 satis
989 2405 1053 2432 illud

269 2451 368 2479 evincit
383 2450 455 2486 quod
470 2451 592 2486 sequitur
605 2460 612 2478 :
634 2461 644 2477 ‹
658 2451 694 2479 De
709 2451 807 2486 quibus
822 2451 928 2486 plenius
943 2451 969 2478 in
987 2450 1054 2478 locis

269 2496 396 2532 propriis,
415 2496 441 2523 in
463 2496 561 2532 quibus
582 2497 615 2524 de
634 2496 768 2524 creaturis
791 2495 849 2530 ejus
863 2495 1054 2530 disputandum

271 2542 363 2575 fuerit,
380 2543 554 2570 disseremus.
570 2551 580 2568 ι
601 2542 641 2569 Ac
659 2542 782 2576 superior
805 2542 849 2570 ille
869 2542 944 2570 locus
960 2541 1056 2576 Orige-

271 2587 314 2615 nis
330 2587 371 2614 vel
389 2587 457 2615 alter
482 2592 555 2615 certe
577 2588 625 2621 ipsi
648 2587 806 2620 consimilis,
829 2588 945 2615 refertur
969 2595 984 2614 a
1004 2587 1056 2615 Me-

272 2633 367 2661 thodio
381 2633 407 2660 in
430 2633 497 2661 libro
509 2633 579 2668 Περὶ
599 2633 658 2660 τῶν
673 2633 814 2668 γενητῶν,
833 2634 914 2669 cujus
928 2638 1056 2668 excerpta

271 2678 356 2706 habet
367 2679 479 2707 Photius
495 2681 555 2707 cod.
570 2687 683 2707 ccxxxv.
702 2679 733 2706 El
747 2679 889 2712 οὐκέστιν,
904 2679 998 2713 inquit,
1011 2678 1058 2714 δη-

274 2725 402 2760 μιουργὸς
415 2725 477 2752 ἄνευ
486 2725 744 2761 δημιουργημάτων,
755 2725 771 2761 ἦ
783 2725 895 2761 ποιητὴς
904 2725 968 2752 ἄνευ
982 2733 1058 2759 ποιη-

275 2770 385 2805 μάτων,
401 2772 461 2798 οὑδὲ
476 2773 673 2808 παντοκράτωρ
694 2771 758 2799 ἄνευ
778 2772 832 2798 τῶν
851 2771 1054 2807 κρατουμένων·

309 2826 366 2861 (55)
390 2828 440 2855 Sed
459 2834 519 2856 ante
543 2829 641 2856 sa'cula
663 2830 700 2856 ila
719 2838 735 2856 a
753 2829 808 2856 Deo
825 2835 1002 2863 procreatam,
1024 2833 1052 2855 ut

274 2860 362 2888 lumen
390 2871 405 2889 α
427 2863 482 2890 sole
506 2864 690 2898 proﬁciscitur.
719 2865 783 2893 Vide
807 2860 888 2900 supra
915 2869 1009 2899 quaest.
1024 2865 1053 2898 2,

1105 2269 1196 2297 secius
1218 2268 1358 2296 materiam
1376 2267 1457 2295 aliam
1483 2266 1637 2299 admittere,
1659 2273 1712 2294 non
1736 2271 1817 2295 ortus
1830 2268 1889 2302 qui-

1106 2315 1166 2343 dem
1178 2319 1207 2342 et
1219 2313 1346 2349 principii
1365 2317 1517 2348 expertem,
1533 2312 1592 2348 (55)
1605 2312 1652 2340 sed
1666 2318 1730 2340 ante
1744 2312 1844 2340 sarcula
1860 2314 1894 2340 ita

1108 2368 1123 2388 a
1136 2360 1190 2388 Deo
1205 2364 1384 2395 procreatam,
1405 2363 1437 2386 ut
1470 2358 1567 2386 lumen
1587 2365 1602 2385 a
1622 2358 1679 2385 sole
1697 2358 1892 2393 proﬁciscitur.

1107 2406 1136 2434 In
1152 2414 1186 2434 eo
1201 2413 1266 2442 ergo
1284 2405 1319 2432 ab
1332 2404 1469 2433 haereticis
1484 2404 1536 2433 illis
1549 2404 1738 2438 dissentiebat,
1755 2405 1830 2439 quod
1843 2406 1893 2432 duo

1108 2452 1135 2480 hi
1153 2460 1242 2480 rerum
1261 2451 1393 2486 principia
1410 2456 1553 2485 ponerent,
1571 2451 1666 2483 Deum,
1689 2455 1716 2478 et
1737 2451 1891 2481 materiam,

1107 2503 1251 2532 utrumque
1270 2497 1379 2532 utrique
1395 2501 1573 2529 coazternum,
1601 2501 1727 2524 neutrum
1753 2496 1789 2523 ab
1809 2496 1893 2523 altero

1106 2543 1246 2578 pendens;
1272 2542 1317 2570 ille
1339 2542 1422 2570 Deum
1448 2542 1559 2570 unicum
1587 2549 1678 2570 rerum
1703 2542 1893 2569 universarum

1106 2592 1238 2616 statueret
1260 2588 1443 2623 principium,
1471 2588 1517 2623 qui
1547 2587 1688 2615 materiam
1709 2594 1745 2614 es
1766 2595 1798 2614 se
1825 2595 1893 2614 nuu«

1106 2642 1245 2669 quamnon
1264 2635 1439 2669 produxerat.
1464 2633 1577 2662 Mundus
1602 2637 1691 2661 autem
1718 2640 1754 2660 ex
1779 2632 1891 2660 materia

1108 2680 1153 2708 illa
1179 2681 1306 2715 deinceps
1330 2679 1443 2707 conﬂari
1466 2679 1594 2714 fingebat.
1623 2679 1662 2706 Ita
1679 2679 1855 2713 discrepabat
1876 2685 1891 2704 a

1108 2725 1300 2758 Marcionistis,
1318 2726 1445 2761 quamvis
1471 2725 1588 2760 ipsorum
1608 2725 1778 2760 argumentis
1803 2729 1890 2751 utere-

1110 2777 1162 2799 tur.
1185 2772 1382 2807 Hermogenem
1405 2771 1477 2799 enim
1507 2771 1664 2799 hazreticum
1690 2771 1788 2798 eodem
1815 2770 1890 2797 modo

1108 2837 1182 2856 num.
1193 2829 1239 2862 9.4,
1255 2830 1460 2857 observationes
1470 2834 1575 2858 nostras
1584 2829 1609 2856 in
1623 2829 1682 2856 hac
1692 2828 1783 2855 liuetii
1794 2827 1887 2854 verba:

1109 2864 1146 2892 vel
1158 2865 1218 2900 quia
1229 2865 1366 2892 materiam
1377 2873 1390 2892 ε
1404 2873 1455 2900 qua
1467 2865 1596 2899 con/ialm
1609 2868 1646 2892 est
1660 2864 1787 2897 mundus,
1803 2867 1854 2891 etc.
