1927 3076
65 171 140 201 £053

478 174 766 204 ORIGENIANORUM
784 174 849 204 LIB.
870 175 903 210 ll,
923 175 1000 204 cur.
1018 176 1051 209 ιι,
1069 173 1209 210 eumsr.
1230 173 1285 201 xu.

1623 173 1693 201 1054

62 230 258 259 ratiocinatum
283 239 345 260 esse
370 233 454 261 refert
470 233 651 264 Tertullianus
681 235 751 264 libro
774 244 856 271 pecu-
871 238 894 267 Α
907 241 935 264 et
955 235 1032 264 isaia‘.
1049 235 1119 268 loco,
1136 235 1169 262 ad
1188 242 1268 270 qnem
1287 232 1354 261 falsa
1371 232 1593 266 interpretatione
1607 232 1695 261 detor-

62 277 128 305 liari
145 278 233 314 ipsum
249 285 428 315 oppugnaris;
452 279 535 308 Deum
552 282 624 309 enim
643 282 732 310 aiebat
748 289 855 317 semper
874 314 888 320 __

61 323 150 352 fuisse
167 324 332 358 Dominum;
355 325 499 354 Dominum
520 332 610 356 autem
632 329 667 357 ab
689 330 763 357 omtti
782 333 855 356 retro

60 377 124 398 avo
141 377 200 398 esse
214 378 268 398 non
286 371 417 406 potuisse,
437 372 487 400 nisi
501 380 610 406 semper
626 373 724 402 fuisset
741 374 854 409 aliquid,

59 416 145 450 cuius
165 421 236 445 esset
256 417 406 451 Dominus;
427 418 595 454 proindeque
611 420 732 448 materia:
746 428 855 454 semper

60 463 210 491 Dominum
227 463 330 496 fuisse;
347 463 419 491 unde
432 463 550 492 eliicitur
560 473 753 500 nunquamnon
771 466 854 495 fuisse

60 508 219 537 materiam.
240 508 315 537 Hanc
329 510 564 538 ratiocinationem
577 519 593 539 a
610 511 748 539 veteribus
766 513 855 545 philo-

59 554 158 589 sophis
173 559 347 589 sumpserant
362 555 544 584 Marcionistae
556 576 564 590 ,
586 564 700 592 eamque
716 559 742 585 in
758 557 854 587 Proclo

58 601 167 628 obterit
186 600 351 636 Pbiloponus
367 601 403 630 De
417 602 563 630 (sterilitate
586 604 688 631 mundi.
706 604 742 631 At
756 612 853 639 quatu-

60 647 105 691 vis
121 647 251 674 mundum
266 654 300 675 ex
317 648 430 676 materia
446 649 554 684 quidem
577 654 696 682 aeterna,
712 658 726 677 a
740 650 794 678 Deo
811 655 853 678 ta-

58 699 126 719 men
149 692 288 719 conditum
311 691 412 720 dixerit
438 698 498 728 post
510 693 650 722 Socratem
666 694 760 729 Plato;
784 700 812 723 et
826 695 854 723 in

56 741 185 772 tempore
209 745 316 774 quoque
334 743 457 767 creatum
480 739 672 774 aﬂirmaverit,
692 745 723 769 ut
745 741 854 769 tradunt

57 784 236 819 Ambrosius,
262 789 291 813 et
314 784 462 814 Zacharias
487 785 678 822 Mitylenaaus;
704 791 786 823 atque
815 788 853 816 ita

56 829 165 859 dixisse
178 831 410 860 eumAristoteles
421 837 449 860 et
457 831 664 868 Theophrastus
675 834 851 868 censuerint;

57 875 195 904 Platonici
219 881 309 905 tamen
331 877 508 912 recentiores,
530 883 560 907 ut
582 879 744 916 magistrum
772 888 851 909 suum

908 288 964 311 tum
998 282 1175 318 interpolatus
1209 280 1269 308 illas
1299 279 1535 314 philosophorum:
1552 279 1696 314 opiniones

906 328 1080 357 concinnavit
1093 327 1141 356 lib.
1153 335 1185 355 ιιι
1201 325 1272 361 Περὶ
1290 324 1402 360 ἀρχῶν,
1421 332 1481 359 cap.
1500 324 1528 357 5',
1546 333 1621 352 num.
1633 325 1661 353 5.

941 420 974 447 Ἴ.
989 419 1098 447 Minime
1114 418 1179 447 illud
1195 417 1305 452 quidem
1327 417 1434 445 silentio
1450 425 1574 452 pressum
1598 416 1693 449 Patres

906 466 1014 501 Origeni
1033 464 1230 496 condonarunt,
1256 471 1318 491 nam
1337 469 1364 491 et
1384 463 1516 491 refellitur
1529 472 1542 490 ιι
1558 463 1694 491 ΜειΙιοιΙὶο

906 512 1121 549 ιιριιάριιοῑίιιιη,
1134 511 1195 539 cod.
1211 517 1326 543 ccxsxv.
1340 514 1367 537 et
1383 510 1418 537 ab
1437 509 1599 545 Hieronymo
1613 510 1691 544 epist.

905 560 951 592 59,
964 559 997 586 ad
1015 559 1099 590 Avit.,
1114 565 1172 592 cap.
1184 557 1211 590 2,
1221 557 1263 585 bis
1278 556 1369 584 verbis
1382 565 1390 583 :
1408 565 1418 582 ι
1439 556 1468 583 In
1477 556 1594 583 secundo
1606 561 1693 583 autem

906 606 974 634 libro
997 605 1067 639 Περὶ
1088 603 1190 639 ἀρχῶν
1209 603 1323 631 mundos
1341 602 1440 630 asserit
1469 602 1692 634 innumerabiles.

905 660 959 681 non
974 652 1051 687 juxta
1066 650 1212 686 Epicurum
1228 657 1282 676 uno
1306 653 1428 684 tempore.
1449 647 1582 683 plurimos
1602 651 1630 675 et
1651 648 1693 675 sui

904 699 1016 732 similes,
1038 698 1087 726 sed
1107 701 1166 732 post
1177 696 1288 724 alterius
1301 695 1393 722 mundi
1410 694 1490 722 linem
1505 693 1617 721 alterius
1634 700 1695 722 esse

904 744 1065 781 principium
1083 748 1130 770 :et
1141 746 1206 770 ante
1220 741 1292 769 hunc
1313 745 1436 769 nostrum
1456 740 1597 772 mundum,
1613 740 1695 767 alium

904 791 989 820 fuisse
1002 790 1130 818 mundum
1149 798 1156 818 :
1172 794 1198 816 et
1212 792 1272 823 post
1281 788 1353 816 hunc
1363 787 1445 815 alium
1457 793 1517 815 esse
1525 786 1658 818 futurum,
1667 789 1696 813 et

903 843 966 875 post
977 837 1053 866 illum
1062 836 1156 869 alium,
1171 841 1335 869 rursumque
1348 837 1408 868 post
1416 837 1539 860 caeteros.
1551 831 1696 859 Etduhitat

904 888 995 912 utrum
1012 882 1120 910 iuturus
1136 881 1173 909 sit
1183 880 1301 908 mundus
1314 878 1393 907 alteri
1411 879 1512 906 mundo
1524 878 1562 906 ita
1575 885 1608 906 ex
1621 878 1697 906 omni

57 927 122 967 cum
136 922 287 951 Aristotele
301 922 490 958 conciliarent,
510 924 612 952 factum
633 925 744 961 quidem
770 934 851 954 mun-

904 934 982 967 parte
995 927 1154 961 consimilis,
1172 931 1202 954 ut
1221 925 1294 954 nullo
1311 925 1383 953 inter
1403 932 1435 953 se
1455 924 1557 952 distare
1582 923 1695 951 videan—

56 966 124 994 dum
148 966 252 996 dixisse
271 967 410 997 Platonem
437 969 599 1004 fatebantur.
624 975 653 999 at
678 972 714 1000 ah
730 976 850 1002 aeterno:

56 1013 127 1040 adeo
143 1017 173 1040 ut
192 1013 326 1049 principio
343 1014 482 1049 temporis,
496 1019 612 1049 careret,
626 1016 674 1044 sed
687 1016 850 1053 principium

55 1066 161 1092 causae,
189 1059 273 1087 Deum
289 1067 385 1095 nempe
408 1060 538 1095 haberet;
561 1070 571 1088 ι
585 1069 636 1090 nec
651 1062 725 1091 esset
739 1063 792 1092 boc
811 1065 852 1092 vi-

54 1104 157 1132 delicet
172 1106 311 1141 temporis,
328 1106 375 1133 sed
392 1106 591 1136 substitutionis
608 1108 726 1141 initium,
738 1119 747 1135 t
766 1114 795 1137 ut
813 1110 852 1139 ait

54 1151 228 1186 Augustinus
244 1151 289 1179 lib.
302 1159 320 1180 ι
336 1152 375 1180 De
392 1154 464 1182 civit.
476 1153 536 1186 Dei,
553 1162 613 1190 cap.
628 1154 673 1188 3i,
694 1155 740 1190 qui
758 1160 785 1183 et
800 1156 851 1185 hoc

56 1196 266 1231 comparatione
292 1198 410 1232 quadam
438 1199 569 1235 explicari
598 1207 612 1226 a
641 1199 790 1230 Platonicis
814 1202 851 1229 ita

55 1242 157 1269 scribit
172 1251 181 1269 :
205 1251 214 1269 ι
228 1242 304 1270 Sicut
325 1244 412 1278 enim,
429 1244 565 1281 inquiunt,
580 1246 602 1274 si
623 1254 671 1281 pes
685 1254 719 1275 ex
740 1248 851 1276 aeterni-

56 1292 116 1315 tate
130 1295 239 1324 semper
253 1288 350 1318 fuisset
366 1290 391 1317 iu
408 1291 535 1326 pulvere,
553 1299 662 1328 semper
678 1293 702 1321 ei
728 1294 852 1321 subesset

56 1334 204 1369 vestigium
218 1343 226 1368 ;
240 1335 311 1370 quod
326 1341 416 1364 tamen
427 1337 571 1373 vestigium
583 1346 597 1366 a
611 1338 734 1368 calcante
750 1340 850 1367 factum

55 1386 142 1407 nemo
168 1380 323 1414 dubitaret,
345 1389 395 1409 nec
419 1381 534 1410 alterum
556 1383 642 1411 altero
661 1384 738 1419 prius
768 1389 850 1419 esset,

56 1426 187 1461 quamvis
211 1426 325 1455 alterum
349 1427 384 1455 ab
406 1428 492 1455 altero
507 1427 608 1456 factum
624 1434 697 1457 esset
714 1438 722 1458 :
742 1430 793 1463 sic,
809 1430 851 1458 in-

55 1473 168 1509 quiunt,
184 1477 210 1501 et
229 1470 354 1506 mundus,
369 1479 449 1510 atque
466 1475 493 1502 in
507 1475 552 1504 illo
569 1476 607 1503 dii
623 1477 718 1509 creati,
735 1481 764 1504 et
781 1484 853 1505 sem-

54 1527 109 1554 per
126 1519 247 1553 fuerunt,
261 1527 368 1555 semper
387 1521 535 1549 exsistente
554 1522 600 1557 qui
621 1521 697 1556 fecit,
719 1527 746 1550 et
761 1527 852 1550 tanteu

55 1565 124 1593 facti
149 1571 221 1594 sunt.
238 1576 248 1593 ι
277 1566 366 1601 Atque
393 1567 464 1595 hanc
487 1567 572 1595 fuisse
589 1567 711 1596 Platonis
733 1574 852 1597 mentem

56 1611 224 1646 pertenduut
241 1611 367 1646 Boetius;
382 1612 540 1649 Simplicius
559 1613 634 1646 item,
653 1613 770 1647 Taurus,
784 1613 853 1642 Por-

56 1658 173 1694 phyrius
193 1664 221 1687 et
246 1659 376 1693 Proclus;
405 1660 583 1699 Censorinus,
598 1661 727 1696 Apuleius
746 1666 774 1689 et
796 1661 852 1689 Ma-

57 1703 183 1733 crobius.
213 1703 327 1740 Vigente
351 1705 402 1734 hac
424 1706 516 1741 itaque
530 1706 657 1741 Origenis
675 1706 851 1742 temporibus,

57 1755 86 1778 et
103 1750 184 1785 vulgo
200 1751 272 1778 inter
285 1750 441 1780 Platonicos
458 1755 566 1787 recepta
580 1751 731 1785 sententia,
747 1751 775 1779 in
791 1759 852 1780 eam

57 1804 168 1832 quoque
185 1796 229 1824 ille
244 1797 391 1825 concessit.

97 1842 127 1870 in
139 1843 256 1871 alterum
270 1850 351 1879 porro
361 1863 370 1874 .
385 1843 418 1872 de
431 1848 563 1879 perpetua
579 1843 739 1872 mundorum
753 1851 852 1880 propa-
871 1859 884 1882 ο

57 1889 171 1926 gatione
185 1889 314 1924 placitum
333 1890 402 1918 unde
417 1889 543 1918 inductus
556 1891 601 1924 sit,
619 1892 642 1919 si
656 1891 718 1926 quis
731 1899 852 1926 quaerere

59 1935 136 1968 velit,
154 1934 222 1962 nihil
236 1934 356 1962 occurrit
371 1934 545 1963 verisimilius
559 1943 641 1970 quant
658 1936 684 1963 id
700 1936 733 1964 ab
748 1943 781 1963 eo
791 1943 852 1964 esse

59 1982 207 2009 conﬁctam
232 1980 267 2008 ad
291 1980 355 2008 illud
375 1979 546 2013 Stoicorum,
573 1980 645 2015 quod
670 1981 852 2017 conﬂagratu-

62 2034 125 2055 rum
149 2026 280 2054 mundum
305 2027 377 2054 hunc
395 2027 499 2060 statuit,
520 2027 661 2062 aliumque
689 2028 753 2055 huic
776 2028 851 2056 omni

60 2080 95 2100 ex
110 2077 189 2107 parte
208 2071 387 2105 consimilem,
400 2071 443 2099 vel
458 2079 553 2107 parum
566 2077 641 2100 certe
651 2072 851 2108 discrepantem

61 2118 253 2154 proditurum;
269 2118 336 2146 adeo
349 2122 444 2146 utnon
461 2118 543 2153 hujus
559 2119 646 2146 solum
670 2119 784 2155 ﬁguram
805 2126 852 2154 pe-

62 2165 134 2192 nitus
151 2164 265 2196 reierat.
284 2164 331 2192 sed
354 2164 463 2192 eosdem
476 2165 558 2192 etiam
574 2172 665 2198 casus,
682 2165 776 2192 eadem
795 2172 851 2192 om-

59 2211 119 2244 nia;
137 2210 280 2245 alteroque
293 2210 346 2238 hoc
357 2211 439 2238 etiam
451 2210 603 2243 combusto,
619 2210 701 2238 alium
715 2211 849 2238 oriturum

59 2263 166 2292 postea,
181 2263 213 2284 ac
235 2256 333 2284 deinde
351 2257 448 2290 alium,
469 2257 674 2284 renaScentibus
698 2264 805 2291 semper
817 2264 849 2284 ac

59 2302 425 2339 conﬂagrantibusmundis.
453 2301 584 2329 Platonici
606 2309 681 2335 vero,
704 2307 730 2329 et
745 2301 848 2337 Pytha-

58 2349 145 2384 gorei,
158 2349 193 2377 ab
206 2348 342 2384 [Egyptiis
362 2349 500 2383 instructi,
519 2349 649 2376 mundum
673 2349 783 2385 quidem
804 2350 848 2376 in-

58 2394 264 2429 corruptibilem
280 2394 468 2427 autumabant,
492 2394 539 2422 sed
561 2394 696 2422 sideribus
710 2399 770 2429 post
793 2394 849 2422 lon-

58 2448 106 2475 gos
117 2440 261 2469 anfractus
277 2442 310 2468 ad
328 2442 451 2469 eamdem
466 2442 610 2469 stationem
629 2441 759 2474 reversis,
786 2448 847 2468 rur-

57 2493 119 2514 sum
142 2491 275 2513 eventura
291 2487 397 2521 eadem,
414 2486 578 2522 eosdemque
593 2486 746 2514 nascituros
760 2486 849 2514 bomi-

57 2539 120 2564 nes,
136 2537 163 2559 et
181 2532 208 2559 in
226 2532 369 2567 pristinam
384 2532 498 2560 formam
511 2532 633 2560 reditura
649 2531 750 2564 omnia,
767 2538 847 2566 quam

56 2577 142 2605 simili
157 2577 266 2612 vigente
277 2581 413 2605 astrorum
429 2578 563 2612 positione
580 2581 733 2605 tenuerunt.
752 2576 850 2610 Quam-

55 2625 99 2651 vis
113 2629 206 2651 autem
222 2623 354 2659 ejusmodi
366 2624 541 2652 delirationes
559 2624 629 2651 libro
647 2631 663 2651 v
677 2628 768 2650 contra
777 2622 847 2651 Cels.

55 2675 135 2698 num.
147 2670 195 2702 20,
209 2670 242 2697 21
257 2674 283 2698 et
300 2678 359 2705 seq.
375 2670 522 2705 exploserit
536 2670 729 2703 Adamantius,
753 2677 801 2705 pro
816 2677 850 2698 eo

55 2724 88 2744 ac
100 2717 211 2750 debuit;
228 2717 403 2745 nihilominus
418 2721 507 2744 tanten
529 2724 562 2744 ex
581 2717 624 2744 itis
644 2717 760 2744 recoctis
771 2723 848 2743 suum

56 2763 125 2791 illud
141 2763 300 2798 procudisse
314 2763 410 2798 dogma
424 2762 577 2790 censuerim
590 2770 598 2795 ;
621 2762 767 2790 accedente
781 2769 850 2796 prae-

56 2809 155 2838 sertim
170 2808 290 2844 gemino,
301 2816 381 2844 quem
397 2808 572 2837 recitavimus
587 2816 682 2844 supra,
697 2807 849 2837 Salomonis

903 982 962 1009 tur;
978 983 1012 1003 an
1033 978 1110 1002 cene
1134 980 1272 1007 nunquam
1299 972 1414 1000 mundus
1436 971 1514 999 alteri
1542 970 1644 998 mundo
1659 977 1695 998 ex

902 1026 959 1050 toto
969 1021 1140 1053 indiscretus,
1152 1023 1179 1046 et
1193 1018 1289 1046 similis
1302 1018 1338 1046 sit
1355 1017 1461 1045 iuturus
1471 1017 1538 1053 (54).
1549 1026 1559 1044 ι
1572 1017 1632 1046 Mox
1646 1018 1695 1045 ad-

904 1068 979 1096 ducit
990 1066 1073 1095 verba
1082 1065 1206 1102 Origenis
1222 1073 1229 1092 :
1241 1073 1250 1091 ι
1260 1065 1293 1092 Et
1304 1064 1404 1092 idcirco
1420 1063 1538 1091 arbitror
1549 1071 1597 1099 pro
1608 1062 1694 1097 varie-

903 1119 960 1142 tate
976 1120 1120 1142 causarum
1133 1112 1255 1140 diversos
1272 1111 1386 1139 mundos
1403 1110 1478 1143 ﬁeri;
1499 1115 1526 1137 et
1540 1109 1602 1137 elidi
1615 1117 1694 1138 erro-

902 1168 946 1188 res
959 1167 1064 1192 eorum,
1093 1159 1138 1194 qui
1161 1158 1263 1186 similes
1291 1157 1333 1185 sui
1357 1156 1472 1184 mundos
1499 1163 1559 1184 esse
1582 1161 1694 1184 conten-

902 1206 979 1234 dunt.
1000 1215 1010 1232 ι
1030 1205 1140 1233 Tradita
1156 1204 1238 1232 fuisse
1253 1204 1311 1232 haec
1325 1203 1420 1232 eadem
1444 1203 1477 1230 ab
1493 1203 1608 1238 Origene
1623 1202 1670 1229 lib.
1684 1209 1692 1229 l

903 1257 930 1281 et
946 1260 984 1287 ιιι⁸
997 1251 1066 1286 Περὶ
1085 1249 1197 1286 ἀρχῶν,
1218 1249 1305 1278 refert
1331 1249 1513 1285 Hieronymus
1529 1257 1588 1284 cap.
1609 1249 1622 1276 i
1639 1248 1695 1275 et3

902 1298 1022 1333 ejusdem
1045 1297 1184 1332 epistolae;
1208 1295 1386 1332 quantobretn
1411 1299 1438 1322 et
1459 1295 1531 1323 hunc
1548 1295 1575 1322 in
1591 1295 1693 1322 crimen

902 1349 982 1373 vocat
1001 1343 1111 1380 Apolog.
1131 1342 1177 1371 lib.
1193 1350 1212 1375 ι,
1225 1350 1284 1377 cap.
1301 1341 1328 1375 5,
1347 1346 1374 1368 et
1389 1341 1437 1369 lib.
1462 1349 1494 1375 ιι,
1511 1348 1573 1376 cap.
1600 1341 1628 1368 5.
1647 1340 1694 1368 Ju-

903 1391 1035 1420 stinianus
1051 1397 1159 1424 quoque
1179 1389 1206 1416 in
1221 1387 1334 1424 epistola
1352 1387 1385 1415 ad
1406 1386 1512 1414 Menam
1524 1387 1561 1414 ita
1577 1386 1692 1413 scribit:

909 1436 1080 1464 ’Υπστίθεται
1094 1435 1123 1462 δὲ
1141 1435 1188 1462 καὶ
1204 1434 1348 1470 διαφόρους
1375 1433 1494 1468 κόσμους
1517 1432 1648 1468 συστῆναί
1663 1441 1695 1459 τε

903 1483 951 1511 καὶ
970 1481 1155 1514 συνίστασθαι,
1181 1481 1260 1508 τοῦτο
1283 1480 1332 1516 μὲν
1353 1479 1548 1515 παρελθόντας,
1570 1479 1648 1506 τοῦτο
1666 1477 1695 1505 δὲ

905 1529 1069 1566 μέλλοντας·
1089 1537 1099 1555 ι
1120 1528 1224 1556 Statuit
1247 1533 1337 1556 autem
1352 1532 1379 1554 et
1397 1527 1521 1555 diversos
1541 1526 1696 1554 constitisse

905 1576 1032 1608 mundos,
1054 1579 1081 1603 et
1097 1579 1234 1609 constare,
1253 1574 1351 1610 partim
1364 1573 1528 1610 praeteritos,
1544 1573 1641 1608 partim
1652 1572 1695 1600 [ιι-

906 1626 992 1649 turos.
1007 1630 1018 1648 ι

937 1702 1059 1730 Notanda
1076 1708 1141 1730 vero
1155 1704 1282 1728 accurate
1299 1707 1358 1735 quae
1375 1699 1529 1735 praecedunt
1549 1710 1556 1727 :
1570 1699 1692 1726 Κάκετνο

902 1749 930 1776 δὲ
945 1748 975 1775 τὸ
998 1748 1089 1784 πάσης
1109 1747 1267 1779 δυσσεϐείας
1285 1747 1438 1780 ἀνάμεστον
1461 1746 1512 1782 τῆς
1534 1745 1616 1773 αὑτοῦ
1633 1746 1693 1772 ἐστι

904 1795 1069 1830 μυθολογίας
1081 1794 1113 1821 τὸ
1129 1794 1217 1828 λέγειν
1230 1794 1271 1821 ὅτι
1283 1794 1372 1821 πάντα
1384 1793 1418 1820 τὰ
1431 1793 1507 1828 γένη,
1527 1792 1619 1820 καὶτὰ
1634 1791 1692 1828 εἴδη

903 1841 1026 1868 συναῐδιά
1040 1842 1097 1868 ὲστι
1111 1840 1150 1876 τῷ
1165 1839 1234 1876 Θεῷ·
1257 1849 1266 1866 ι
1293 1839 1359 1866 Illud
1379 1847 1443 1867 vero
1464 1839 1537 1868 omni
1556 1838 1693 1873 impietate

902 1888 1010 1924 plenum
1024 1887 1081 1923 ipse
1096 1886 1243 1920 fabulatur,
1257 1886 1350 1914 dicens
1363 1885 1453 1913 omnia
1466 1892 1565 1921 genera
1582 1889 1610 1912 et
1629 1891 1691 1919 spe-

901 1934 957 1962 cies
975 1941 1037 1961 esse
1056 1932 1112 1961 Deo
1126 1938 1287 1961 coaeternas.
1302 1942 1312 1959 ι
1331 1931 1393 1967 ipsa
1407 1931 1489 1959 etiam
1507 1931 1589 1959 verba
1604 1931 1691 1958 addu-

902 1979 940 2008 cit
970 1978 1141 2007 Justinianus
1163 1979 1196 2006 ad
1216 1978 1318 2006 calcem
1336 1977 1457 2013 epistolae
1478 1985 1494 2004 e
1511 1977 1580 2004 libro
1598 1985 1606 2003 ι
1622 1975 1692 2010 Περὶ

901 2025 1012 2061 ἀρχῶν.
1025 2025 1122 2053 Parem
1136 2032 1187 2053 suo
1204 2029 1325 2059 tempore
1342 2030 1526 2059 prepugnasse
1540 2023 1690 2049 doctrinam

902 2072 1070 2108 Origenistas
1083 2072 1213 2108 quosdant
1233 2071 1388 2107 signiﬁcare
1405 2070 1511 2098 videtur
1535 2069 1647 2098 Orosius
1663 2070 1690 2097 in

902 2119 1107 2147 Commonitorio
1121 2120 1156 2146 ad
1171 2118 1359 2154 Augustinum,
1374 2125 1383 2143 ι
1402 2116 1522 2143 Primum
1537 2115 1627 2143 omnia
1643 2123 1691 2142 an-

900 2170 1011 2200 tequam
1029 2165 1101 2194 facta
1118 2169 1289 2201 apparerent,
1315 2171 1422 2198 semper
1438 2163 1464 2190 in
1490 2162 1535 2189 Dei
1557 2161 1690 2196 sapientia

901 2211 971 2239 facta
986 2212 1118 2240 mansisse
1130 2212 1252 2240 dicentes
1267 2211 1319 2239 hoc
1335 2209 1419 2237 verbo
1435 2218 1441 2236 :
1456 2208 1525 2235 Deus
1536 2208 1606 2235 enim
1618 2215 1691 2242 quaa-

901 2265 1010 2292 cunque
1023 2257 1097 2292 fecit,
1113 2257 1239 2286 faciendo
1252 2265 1305 2285 non
1321 2256 1414 2291 cmpit.
1437 2264 1446 2281 ι
1465 2254 1530 2288 Quae
1543 2253 1633 2281 multis
1648 2261 1691 2280 re-

902 2303 970 2330 futat
983 2303 1150 2338 Augustinus
1167 2304 1193 2331 in
1210 2304 1280 2331 libro
1304 2308 1395 2330 eontra
1418 2300 1642 2328 Priscillianislas
1664 2305 1689 2326 et

902 2349 1078 2384 Origenistas,
1095 2357 1157 2384 cap.
1170 2349 1198 2377 8.
1214 2348 1309 2377 Pulsat
1329 2349 1424 2376 eadem
1443 2348 1476 2375 de
1494 2354 1576 2375 causa
1599 2345 1690 2380 Orige-

900 2403 963 2424 ncttt
979 2395 1160 2430 Nicephorus,
1178 2402 1230 2422 non
1256 2402 1357 2430 genera
1371 2399 1398 2422 et
1416 2394 1533 2429 species,
1557 2393 1604 2420 sed
1631 2392 1689 2419 κτί-

900 2441 992 2477 σμάτα
1022 2441 1076 2470 Deo
1090 2446 1224 2469 coaeterna
1251 2441 1379 2469 statuisse
1405 2440 1492 2475 ipsum
1519 2438 1687 2474 praedicans,

900 2494 1040 2523 perperam
1055 2487 1168 2520 scilicet,
1182 2490 1212 2514 ut
1224 2486 1343 2518 videtur,
1360 2491 1471 2520 accepta
1487 2485 1611 2520 Origenis
1625 2492 1688 2512 seu-

902 2534 1005 2566 tentia,
1033 2538 1126 2569 aperte
1150 2534 1241 2561 tamen
1267 2532 1390 2567 exposita
1412 2531 1460 2558 lib.
1485 2538 1512 2563 ι,
1537 2530 1609 2566 Περὶ
1634 2530 1688 2565 dp-

902 2580 974 2615 κῶν,
1000 2579 1071 2615 apud
1098 2579 1279 2607 Iustinianum
1303 2578 1330 2605 in
1357 2578 1410 2605 line
1433 2576 1554 2611 epistolae
1580 2576 1613 2603 ad
1630 2574 1688 2603 Me-

902 2635 986 2654 nam:
1009 2635 1019 2652 ι
1047 2625 1164 2659 Genera,
1191 2625 1289 2660 inquit,
1315 2622 1406 2651 omnia
1440 2625 1468 2649 et
1484 2621 1588 2657 species
1617 2628 1688 2648 sem-

902 2681 951 2708 per
977 2677 1058 2700 erant
1080 2681 1087 2699 :
1110 2679 1163 2700 non
1178 2671 1215 2699 ita
1244 2671 1277 2699 de
1301 2667 1482 2705 singularibus
1503 2667 1687 2695 dili‘erentibus

902 2726 1017 2747 numero
1035 2718 1136 2746 dixerit
1165 2717 1309 2752 quispiam.
1331 2724 1341 2742 ι
1371 2714 1447 2742 lianc
1473 2713 1501 2741 in
1517 2712 1686 2745 sententiam

902 2764 1046 2800 Origeuem
1067 2763 1187 2800 magistri
1205 2763 1247 2791 sui
1266 2761 1389 2790 Platonis
1405 2761 1471 2788 idea:
1496 2759 1686 2795 perpulerunt-

901 2810 995 2846 ltaque
1011 2817 1108 2847 genera
1123 2814 1152 2839 et
1167 2809 1271 2846 species
1281 2808 1336 2838 Deo
1351 2815 1411 2838 esse
1426 2811 1559 2836 coaeterna
1574 2809 1688 2834 Calenus

94 2899 152 2935 (δί)
168 2898 231 2928 Haec
247 2903 354 2928 exstant
372 2898 418 2931 lib.
441 2907 460 2927 ιι
481 2898 550 2932 Περὶ
576 2897 685 2934 ἀρχῶν,
713 2906 772 2934 cap.
801 2899 826 2933 l,
847 2907 851 2927 ι

904 2907 922 2927 ι.
937 2899 964 2926 5.
