1927 3076
260 150 376 180 ίυῦὄι

897 150 928 178 Ρ.
950 144 1108 178 DANIELIS
1123 151 1237 180 llUE‘f‘ll

1817 153 1878 182 Ιοίιῦ

258 211 367 244 dixerit,
388 213 523 245 quatenus
547 208 618 237 Deus
642 209 676 236 ab
692 209 765 237 omni
795 213 866 238 retro
883 217 940 238 aevo
963 218 995 238 ea
1015 212 1040 238 in
1055 213 1079 242 Α
1095 211 1178 239 fuisse
1189 211 1228 239 ait
1243 211 1390 238 intertium
1414 211 1522 245 calum,
1544 215 1572 239 et
1595 211 1621 238 in
1646 211 1826 246 paradisum;
1849 222 1878 240 ex

258 263 349 285 mente
361 256 463 284 habuit.

295 303 339 330 Vl.
352 302 542 329 Verumtamen
567 301 739 336 quantumvis
763 302 820 329 haec
837 301 937 330 diserte
955 302 1044 330 videa-

263 353 309 375 tur
333 347 481 374 afﬁrmasse
508 347 655 381 Origenes,
682 347 710 374 id
741 351 830 375 tamen
862 348 992 382 pra=misit
1016 349 1042 376 in

257 393 393 421 Prommio
416 393 547 421 librorum
577 393 648 428 Περὶ
672 392 783 428 ἀρχῶν,
809 401 883 421 num.
909 393 924 420 7
942 403 948 421 :
964 403 974 420 t
998 394 1045 421 Est

257 445 388 474 praeterea
416 443 444 467 et
469 439 537 467 illud
567 439 594 466 in
618 439 805 467 ecclesiastica
840 439 1041 474 prtedicatione,

255 486 326 521 quod
350 486 465 514 mundus
484 485 536 513 iste
557 485 643 513 factus
667 485 714 518 sit,
738 489 765 513 et
787 493 802 512 a
823 490 899 513 certo
924 491 1044 519 tempore

257 532 380 567 coeperit,
406 537 434 560 et
458 539 507 567 pro
533 532 590 566 ipsa
616 531 657 559 sui
687 531 862 567 corruptiOne
886 532 1042 559 solvendus.

256 579 325 612 Quid
348 583 436 606 tamen
464 583 528 606 ante
553 578 627 606 hunc
649 578 777 605 mundum
802 577 895 611 fuerit,
910 583 956 604 aut
979 578 1042 612 quid

256 629 317 658 post
338 625 467 652 mundum
490 625 553 657 erit,
569 624 626 658 jam
647 631 702 652 non
724 631 772 658 pro
789 624 931 651 manifesto
952 624 1043 650 multis

256 670 372 697 innotuit
387 679 394 697 :
407 678 460 698 non
477 670 548 698 enim
566 670 678 698 evidens
701 670 734 698 de
753 669 796 697 his
812 670 839 697 in
861 670 1041 698 ecclesiastica

255 715 445 749 przedicatione
479 724 568 744 sermo
597 715 741 751 profertur.
767 725 777 742 ι
801 716 919 749 Quarum
951 722 1042 742 rerum

255 762 446 790 obscuritatem
471 762 618 798 significari
652 763 690 790 ait
720 763 794 791 hom.
819 763 836 789 4
863 763 891 789 in
922 761 1040 795 Isaiam,

255 817 329 836 num.
343 808 369 841 ί,
388 816 434 844 per
449 809 508 837 alas
536 809 596 837 illas
617 814 734 844 quatuor
749 810 955 845 seraphinorum
975 811 1043 837 duo-

256 863 326 886 rum,
342 862 402 889 qute
419 855 464 882 Dei
480 855 576 883 faciem
591 863 623 883 ac
637 856 718 890 pedes
730 855 863 883 velabant.
880 855 955 883 llnde
986 855 1041 883 exi-

254 901 360 928 stimari
378 906 478 936 potest.
503 909 669 937 quaecunque
694 910 775 937 super
803 903 854 930 hoc
880 907 1041 936 argumento

254 946 427 981 conscripsit,
455 946 527 974 velut
547 955 635 975 meras
663 947 832 983 conjecturas
856 948 1038 984 proposuisse,

254 999 307 1019 non
328 997 455 1027 tanquam
473 993 597 1028 dogmata
613 1000 796 1021 asseverasse.

289 1037 499 1066 Prtetcrmittere
514 1046 577 1066 vero
592 1039 702 1066 minime
715 1040 793 1067 decet
803 1039 869 1068 illud
884 1040 1039 1076 Hieronymi

256 1091 272 1112 e
289 1083 335 1111 lib.
356 1092 364 1112 ι
385 1085 413 1112 in
435 1084 522 1120 Epist.
547 1085 581 1112 ad
607 1084 671 1119 Tit.,
701 1093 753 1113 non
779 1085 856 1122 longe
878 1087 912 1114 ab
939 1087 1038 1116 initio:

256 1138 267 1156 ι
289 1129 343 1157 Sex
357 1130 439 1157 millia
457 1131 572 1157 necdum
595 1129 680 1158 nostri
704 1130 778 1158 orbis
803 1131 949 1166 implentur
962 1132 1037 1166 anni,

253 1181 281 1204 et
304 1181 420 1212 quantas
447 1177 521 1212 prius
547 1177 733 1209 teternitates,
765 1182 864 1212 quanta
898 1183 1038 1213 tempora,

253 1228 371 1257 quantas
406 1223 568 1251 saeculorum
593 1223 711 1259 origines
740 1223 823 1251 fuisse
852 1223 1038 1252 arbitrantium

252 1273 305 1303 est,
329 1269 356 1297 in
373 1269 471 1304 quibus
494 1269 593 1304 angeli,
611 1269 711 1300 throni.
731 1269 938 1304 dominationes,
958 1274 1056 1298 caete-,

254 1322 343 1349 neque
358 1315 473 1342 virtutes
489 1315 634 1342 servierint
648 1315 712 1346 Deo,
725 1319 751 1342 et
764 1314 866 1349 absque
884 1318 1038 1349 temporum

252 1361 368 1392 vicibus,
393 1360 495 1394 absque
523 1359 668 1392 mensuris,
687 1359 741 1387 Deo
761 1359 883 1394 jubente,
911 1359 1040 1387 Substite-

253 1407 317 1435 rint.
339 1417 348 1433 ›
364 1406 502 1434 Materiam
519 1412 608 1434 autem
620 1414 635 1434 a
651 1406 706 1434 Deo
730 1411 793 1433 ante
819 1406 948 1434 mundum
962 1413 1039 1434 crea-

254 1458 308 1480 tam
323 1458 472 1488 posuerunt
483 1452 568 1484 Philo,
583 1451 723 1484 Tatianus,
737 1451 907 1484 Lactantius,
932 1455 959 1479 et
981 1451 1037 1484 alii,

253 1506 285 1526 ex
302 1506 355 1533 qua
370 1498 498 1525 mundum
512 1502 604 1533 postea
626 1496 809 1524 fabricaverit.

289 1542 344 1570 Vll.
357 1542 502 1570 Multorum
517 1542 744 1576 disputationibus
757 1541 792 1568 ita
804 1541 938 1569 celebrata
952 1545 993 1569 est
1007 1548 1037 1569 ea
1053 1555 1073 1586 α

253 1588 377 1623 Origenis
387 1589 488 1624 opinio,
509 1596 568 1623 quae
587 1587 702 1623 paradisi
718 1588 897 1615 consitionem
924 1587 958 1614 ad
975 1587 1037 1614 alle-

253 1635 371 1670 goricam
387 1634 582 1669 expositionem
607 1634 760 1668 detorquet,
781 1638 811 1660 ut
834 1636 955 1660 nostram
970 1640 1037 1668 quo-

253 1689 305 1716 que
317 1681 454 1716 postulare
474 1681 598 1708 videatur
611 1688 736 1708 examen.
753 1681 908 1708 Arbitratus
934 1679 978 1706 ille
994 1683 1037 1706 est

251 1727 405 1762 paradisum
427 1727 499 1754 hunc
525 1727 569 1761 qui
586 1727 724 1754 terrestris
746 1726 826 1761 vulgo
841 1725 949 1758 dicitur,
965 1724 1036 1760 posi—

253 1777 308 1799 tum
337 1772 363 1799 in
388 1772 467 1800 tertio
488 1771 667 1805 cmlofuisse;
694 1771 804 1799 arbores
828 1778 904 1803 vero,
930 1770 1036 1805 aliaque

251 1817 349 1852 quibus
371 1817 444 1844 velut
470 1816 608 1844 terrestris
625 1816 733 1851 quidam
762 1810 988 1849 notatur'locus,
1004 1822 1036 1842 ac

252 1862 354 1896 reliqua
370 1862 484 1896 denique
500 1862 589 1889 omnia
613 1861 757 1896 allegorice
773 1861 920 1895 explicavit
941 1869 947 1886 :
973 1867 1034 1887 nam

252 1908 356 1935 animas
367 1907 393 1935 in
405 1907 474 1935 caelo
487 1907 626 1942 degentes,
643 1915 690 1943 per
701 1906 834 1933 Adamum
859 1911 886 1933 et
909 1905 992 1932 Evam
1009 1905 1034 1932 in

251 1954 378 1989 paradiso
397 1959 504 1981 creatos
523 1953 624 1988 signari
639 1954 765 1988 opinatus
778 1957 835 1985 est;
849 1953 963 1980 crimina
976 1960 1035 1987 quae

252 2000 307 2028 illic
323 2000 421 2027 animae
435 2000 590 2031 admittunt,
612 2007 660 2034 per
677 1999 752 2026 vetiti
777 1999 840 2027 mali
861 2006 956 2031 esum;
978 1999 1036 2026 ani-

252 2053 358 2073 marum
383 2045 508 2073 exsilium
525 2050 634 2079 propter
651 2044 758 2077 delicta,
775 2052 823 2079 per
847 2044 1035 2078 expulsionem

252 2092 398 2127 primorutn
423 2095 564 2126 parentum
589 2090 763 2126 eparadiso;
787 2095 922 2117 terrenum
940 2097 1036 2124 corpus

255 2142 280 2166 et
299 2137 411 2165 mortale
425 2138 566 2166 animabus
589 2138 756 2172 impositum,
780 2145 828 2172 per
847 2142 968 2164 scorteas
994 2141 1036 2163 tu-

255 2184 341 2217 nicas,
358 2184 455 2219 quibus
470 2184 602 2211 Adamum
616 2189 642 2211 et
656 2183 740 2211 Evam
758 2184 826 2211 Deus
841 2183 936 2210 induit.

1095 264 1182 291 eoque
1201 257 1428 292 collegisseidem
1450 264 1509 285 esse
1531 258 1688 292 paradisum
1711 265 1748 285 ac
1776 258 1879 286 tertium

1095 310 1215 336 canum;
1241 303 1312 338 quod
1340 307 1439 338 negant
1470 303 1620 332 Lfethodius
1648 309 1673 332 et
1704 304 1879 339 Epiphanius,

1097 349 1252 383 paradisum
1270 356 1285 375 a
1299 349 1377 376 tertio
1389 348 1457 377 coelo
1479 349 1698 385 distinguendum
1722 357 1789 377 esse
1813 357 1880 378 asse-

1095 400 1196 422 rentes.
1213 405 1222 421 t
1235 394 1301 428 Quis
1317 395 1418 429 audiat,
1435 405 1444 422 ι
1462 395 1548 430 inquit
1574 395 1747 431 Epiphanius
1762 396 1791 423 in
1807 397 1879 431 epist.

1098 440 1130 467 ad
1156 439 1236 468 Joan.
1259 439 1429 475 Jerosolym.,
1444 448 1504 475 cap.
1523 441 1550 474 5,
1567 450 1577 467 ι
1596 441 1622 468 in
1648 441 1731 468 tertio
1750 441 1823 469 caelo
1838 441 1879 468 do-

1093 491 1205 514 nantem
1222 486 1300 514 nobis
1312 486 1454 521 Origenem
1474 487 1638 521 paradisum,
1660 491 1690 514 et
1709 487 1791 514 illum
1807 495 1880 522 quem

1097 532 1238 567 Scriptura
1277 537 1482 565 commemorat,
1517 532 1551 560 de
1585 537 1655 560 terra
1688 533 1725 560 ad
1763 533 1880 560 coelestia

1094 577 1315 610 transferentem,
1332 583 1358 604 et
1373 584 1468 605 omnes
1494 580 1615 610 arbores,
1639 586 1700 613 qua:
1724 578 1882 606 scribuntur

1094 624 1121 651 in
1136 624 1247 658 Genesi,
1263 625 1304 652 sic
1317 623 1460 657 allegorice
1471 625 1676 660 iutelligentem,
1693 625 1770 660 quod
1783 625 1882 652 scilicet

1095 669 1206 696 arbores
1217 669 1343 704 angelicae
1354 669 1526 696 fortitudines
1539 674 1612 702 sunt,
1630 677 1693 697 cum
1711 671 1766 698 hoc
1783 671 1880 698 veritas

1092 721 1145 741 non
1175 715 1307 750 recipiat?
1327 724 1336 742 ι
1354 718 1381 742 et
1405 720 1498 750 postea
1515 725 1522 743 :
1537 725 1546 742 ι
1567 716 1620 743 Sed
1645 716 1714 743 dicis
1733 725 1741 743 :
1757 716 1883 750 Legimus

1094 759 1163 795 quod
1180 758 1209 786 S.
1221 759 1320 787 Paulus
1331 764 1424 795 raptus
1439 761 1476 788 sit
1490 768 1575 795 usque
1591 760 1624 787 ad
1645 762 1760 788 tertium
1774 761 1879 793 caelum,

1095 811 1121 833 et
1136 812 1221 840 usque
1236 805 1263 833 in
1287 806 1452 840 paradisum.
1471 805 1544 833 Bene
1559 806 1626 833 dicis
1642 815 1649 834 :
1665 806 1786 839 Quando
1812 807 1882 841 ponit

1095 851 1203 878 tertium
1229 850 1339 884 uelum,
1360 855 1387 878 et
1403 856 1495 885 postea
1510 851 1594 883 addit,
1618 857 1641 878 et
1661 852 1688 878 in
1708 853 1879 887 paradisum,

1093 896 1211 924 ostendit
1225 895 1288 923 alibi
1310 903 1371 924 esse
1393 899 1502 929 coetum,
1531 901 1558 924 et
1582 897 1644 924 alibi
1671 897 1846 932 paradisum.
1865 908 1873 924 ι

1092 944 1180 978 Atque
1194 943 1219 970 id
1238 942 1332 969 Joanni
1345 940 1569 978 Jerosolymitano
1591 943 1743 978 obiectum,
1768 943 1876 970 minime

1093 987 1127 1014 ab
1145 988 1203 1023 ipso
1217 991 1358 1023 purgatum
1377 987 1459 1015 fuisse
1473 988 1511 1014 ait
1527 987 1708 1023 Hieronymus
1735 988 1820 1022 epist.
1835 989 1876 1021 6f,

1090 1035 1123 1062 ad
1139 1034 1294 1063 Pammach.
1318 1041 1377 1069 cap.
1397 1034 1425 1068 5,
1444 1033 1489 1069 qui
1509 1038 1537 1061 et
1558 1034 1584 1060 in
1608 1039 1688 1068 caput
1710 1042 1727 1061 x
1748 1035 1878 1067 Danielis,

1093 1088 1103 1106 ι
1130 1079 1250 1112 Eorum,
1276 1079 1376 1113 inquit,
1405 1079 1580 1109 deliramenta
1604 1079 1816 1113 conticescant,
1835 1081 1878 1115 qui

1094 1125 1202 1153 umbras
1215 1129 1244 1152 et
1259 1124 1392 1160 imagines
1412 1124 1438 1151 in
1460 1124 1577 1152 veritate
1599 1131 1769 1160 quaerentes,
1795 1125 1877 1160 ipsam

1093 1175 1228 1198 conantur
1243 1174 1365 1197 evertere
1377 1168 1537 1201 veritatem;
1549 1174 1579 1197 ut
1593 1169 1702 1197 flumina
1720 1175 1749 1198 et
1768 1172 1877 1199 arbores

1089 1221 1117 1244 et
1137 1215 1292 1251 paradisum
1317 1219 1411 1249 putent
1434 1215 1572 1250 allegoria;
1598 1215 1701 1250 legibus
1727 1224 1758 1244 se
1780 1217 1876 1246 debere

1091 1262 1231 1289 subruere.
1249 1270 1258 1286 ι
1275 1259 1443 1294 Sophronias
1460 1267 1566 1294 quoque
1580 1259 1606 1287 in
1620 1261 1737 1295 epistola
1755 1262 1793 1289 ad
1818 1262 1876 1291 Ser-

1093 1307 1175 1342 gium,
1192 1305 1393 1334 etAnastasius
1421 1304 1525 1333 Sinaita
1548 1305 1597 1334 lib.
1619 1313 1657 1333 vu
1680 1307 1806 1343 Anagog.
1827 1317 1879 1335 ron-

1092 1352 1220 1387 templat.,
1237 1357 1265 1379 et
1278 1351 1395 1380 Joannes
1409 1350 1592 1379 Damascenus
1607 1352 1632 1378 in
1644 1352 1716 1380 libro
1736 1353 1778 1381 De
1800 1354 1877 1381 Ita-re-

1089 1398 1188 1432 sib.,et
1207 1398 1355 1430 Cedrenus,
1376 1396 1494 1432 paradisi
1510 1396 1707 1430 plantationem
1726 1399 1761 1425 ab
1779 1398 1875 1434 Orige-

1089 1444 1168 1472 nistis
1182 1443 1327 1475 sublatam,
1343 1449 1440 1476 corpus
1453 1441 1555 1468 Adamo
1580 1447 1606 1469 et
1633 1442 1695 1469 Evse
1713 1442 1877 1478 detractum,

1091 1496 1118 1518 et
1149 1489 1282 1523 serpentis
1308 1487 1468 1522 colloquium
1502 1487 1643 1514 refutatam
1680 1488 1876 1517 criminantur.

1091 1536 1144 1564 Sed
1166 1536 1306 1563 audiamus
1326 1534 1412 1569 ipsum
1435 1533 1578 1569 Origenem
1603 1540 1610 1559 τ
1636 1533 1777 1568 Τίςγοῦν,
1797 1535 1878 1569 inquit

1089 1583 1136 1610 lib.
1151 1590 1176 1609 Iv
1192 1581 1229 1608 De
1246 1581 1371 1616 princip.,
1397 1587 1472 1607 num.
1499 1578 1547 1612 16,
1568 1578 1630 1606 νοῦν
1659 1579 1732 1614 ἔχων
1756 1580 1878 1614 οἰήσεται

1091 1628 1213 1665 πρώτην,
1233 1628 1280 1654 καὶ
1299 1625 1427 1661 δευτέραν
1444 1625 1491 1652 καὶ
1509 1625 1603 1661 τρίτην
1625 1625 1741 1660 ἡμέραν,
1760 1625 1878 1660 ἑσπέραν

1089 1683 1118 1702 τε
1136 1674 1182 1701 καὶ
1200 1673 1304 1709 πρωταν
1317 1672 1401 1708 χωρὶς
1418 1671 1492 1706 ἡλίου
1509 1670 1659 1705 γεγονέναι,
1683 1670 1732 1697 καὶ
1753 1670 1878 1706 σελήνης,

1090 1721 1137 1748 καὶ
1150 1721 1273 1756 ἄστρων;
1294 1719 1343 1754 τὴν
1357 1718 1384 1745 δὲ
1400 1717 1480 1744 οἱονεὶ
1496 1716 1607 1752 πρώτην
1630 1716 1678 1742 καὶ
1697 1717 1788 1752 χωρὶς
1802 1717 1878 1753 οὐρι-

1089 1766 1135 1794 νοῦ
1147 1775 1155 1800 ;
1172 1767 1213 1798 τίς
1229 1765 1250 1792 δ’
1267 1764 1353 1797 οὕτως
1364 1764 1465 1800 ἠλίθιος
1477 1764 1514 1795 ὼς
1528 1763 1653 1798 οἰηθῆναι
1666 1763 1771 1798 τρόπον
1783 1763 1882 1799 ἀνθρώ-

1090 1822 1140 1839 που
1159 1810 1280 1848 γεωργοῦ
1304 1812 1349 1837 τὸν
1365 1810 1430 1837 Θεὸν
1445 1809 1643 1844 πεφυτευκέναι
1666 1809 1837 1844 παράδεισον
1855 1809 1881 1835 ὲν

1095 1859 1175 1894 Ἐδὲμ
1189 1858 1259 1885 κατὰ
1282 1855 1422 1888 ἀνατολὰς,
1437 1856 1484 1882 καὶ
1506 1855 1582 1888 ξύλον
1607 1854 1680 1889 ζωῆς
1693 1855 1724 1881 ὲν
1741 1854 1821 1890 αὐτῷ
1838 1863 1881 1880 πε-

1090 1905 1231 1941 ποιηκέναι
1245 1904 1342 1940 ὁρατὸν
1358 1903 1404 1929 καὶ
1413 1902 1553 1938 αἰσθητὸν,
1569 1901 1638 1928 ὥστε
1652 1901 1697 1928 διὰ
1711 1902 1769 1928 τῶν
1786 1911 1878 1937 σωμα-

1089 1952 1172 1979 τικῶν
1183 1952 1295 1979 ὀδόντων
1308 1950 1475 1985 γευσάμενον
1495 1948 1542 1975 τοῦ
1563 1948 1683 1984 καρποῦ,
1696 1949 1730 1975 τὸ
1749 1947 1804 1984 ζῇν
1820 1949 1883 1975 ἀνα·

1089 1998 1245 2034 λαμϐάνειν·
1270 1997 1316 2024 καὶ
1336 1997 1415 2024 πάλιν
1435 1995 1516 2022 καλοῦ
1538 1995 1585 2021 καὶ
1609 1994 1730 2030 πονηροῦ
1756 1994 1880 2030 μετέχειν

1089 2045 1149 2072 τινὰ
1170 2044 1245 2081 παρὰ
1267 2044 1298 2070 τὺ
1315 2042 1491 2078 μεμοισῆσθαι
1515 2041 1546 2068 τὸ
1564 2040 1618 2067 ἀπὺ
1633 2040 1711 2066 τοῦδε
1734 2040 1786 2066 τοῦ
1805 2039 1879 2072 ξύλου

1089 2091 1295 2127 λαμϐανόμενον
1308 2098 1315 2123 ;
1333 2090 1380 2116 ἐὰν
1395 2089 1424 2115 δὲ
1441 2089 1488 2115 καὶ
1500 2089 1514 2115 ὁ
1529 2087 1593 2119 Θεὸς
1615 2086 1645 2113 τὸ
1666 2087 1784 2113 δειλινὸν
1802 2087 1831 2114 ὲν
1845 2086 1880 2121 τῷ

1091 2137 1246 2172 παραδείσῳ
1260 2136 1420 2172 περιπατεῖν
1441 2134 1562 2169 λέγηται,
1577 2134 1623 2160 καὶ
1636 2133 1649 2159 ὁ
1670 2133 1759 2169 Ἀδὰμ
1784 2133 1838 2160 ὑπὸ
1852 2133 1880 2159 τὺ

1044 2204 1049 2207 .
1093 2184 1170 2216 ξύλον
1189 2182 1367 2219 κρύπτεσθαι·
1394 2181 1450 2208 Οὐκ
1470 2177 1546 2216 οἶμαι
1568 2178 1704 2211 διστάζειν
1728 2179 1793 2206 τινὰ
1820 2179 1880 2213 περὶ

291 2229 347 2265 (55)
360 2229 389 2257 ld
402 2230 453 2265 ipsi
464 2230 597 2265 objiciunt
607 2229 759 2257 Methodius
767 2229 837 2264 apud
854 2228 1032 2264 Epiphaninm

1091 2230 1133 2258 ποῦ
1154 2229 1223 2257 αὐτὰ
1241 2227 1377 2264 τροπικῶς
1400 2226 1444 2253 διὰ
1461 2225 1590 2261 δοκούσης
1614 2225 1748 2260 ἱστορίας,
1776 2225 1825 2251 καὶ
1849 2224 1878 2249 οὐ

254 2275 319 2302 liter.
337 2275 382 2309 64,
397 2282 456 2309 cap.
469 2275 515 2308 47,
530 2281 558 2303 et
576 2275 711 2308 Photium,
727 2276 786 2303 cod.
801 2275 865 2308 254,
882 2274 1039 2302 Eustathius

254 2321 292 2348 De
306 2321 532 2356 Engaurimytho,
553 2322 610 2356 ipse
630 2321 808 2356 Epiphanius,
832 2321 914 2356 capit.
928 2321 945 2348 4
965 2321 1039 2355 ejus-

255 2366 314 2394 dem
333 2366 478 2399 haereseos,
494 2371 522 2394 et
536 2367 563 2394 in
580 2367 722 2398 Ancorato,
733 2373 792 2401 cap.
802 2366 847 2398 54,
859 2366 956 2401 quibus
971 2365 1036 2393 locis

254 2413 399 2440 ostendunt
415 2412 570 2447 opinionem
585 2419 662 2440 suam
680 2413 802 2440 firmasse
825 2412 968 2448 Origenem
984 2411 1036 2439 hoc

255 2458 332 2487 Pauli
354 2459 520 2493 testimonio,
534 2458 557 2486 If
573 2459 635 2487 Cor.
653 2468 702 2494 xu,
723 2459 784 2493 2-4,
814 2459 857 2487 ubi
883 2463 988 2494 raptum
1008 2465 1037 2486 se

290 2562 349 2599 (55)
366 2561 399 2589 Id
417 2563 468 2597 ipsi
481 2561 781 2599 objiciuntdfetltoditts,
796 2568 848 2589 etc.
865 2561 1043 2599 Idem__objicit

255 2596 672 2639 et.:Qlt'rysostomus;hom_il._f5
726 2596 836 2639 (ζῳων.
848 2601 910 2639 tom.
922 2596 1042 2639 Niliacae

255 2631 394 2665 editionis,
411 2641 472 2668 pag.
488 2632 540 2663 102
550 2637 576 2659 et
587 2633 649 2664 105,
664 2632 708 2659 ubi
726 2632 780 2668 ait:
793 2642 802 2658 ι
818 2632 938 2668 Hocloco
957 2631 1033 2668 illud,

258 2666 458 2703 plantavitﬁsic‘
481 2667 694 2702 intelligendum,
721 2667 822 2694 scilicet
847 2666 932 2703 ipsum
956 2667 1040 2700 impe-

255 2702 342 2737 rasse,
369 2708 399 2730 ut
425 2703 566 2737 paradisus
586 2703 612 2730 in
628 2707 706 2737 terra,
728 2702 848 2730 fieret....
873 2702 935 2729 [deo
955 2702 1036 2728 etiam

254 2738 307 2766 ioci
322 2736 516 2765 nomen’aﬂert
526 2737 631 2772 Moyses
654 2738 680 2764 in
693 2736 852 2771 Scriptnris,
871 2741 900 2763 ut
918 2744 951 2764 ne
971 2736 1038 2764 lice-

257 2777 299 2800 ret
315 2772 414 2800 frnstra
429 2772 523 2806 nugari
543 2771 696 2799 volentibus
713 2772 906 2807 simpliciorum
928 2771 1039 2799 auribus

257 2807 409 2841 imponere,
425 2807 572 2840 dicereque
587 2815 639 2834 non
653 2815 714 2834 esse
734 2806 851 2834 interra
873 2806 1037 2841 paradisum,

265 2842 311 2868 sed
329 2842 355 2868 in
373 2842 451 2873 coelo,
467 2847 494 2868 et
508 2841 613 2868 fabulas
641 2842 791 2876 huiusmodi
810 2842 955 2868 somniare.
972 2841 1037 2868 Nam

264 2876 285 2902 si
304 2883 363 2902 cum
383 2876 470 2903 divina
490 2876 629 2910 Scriptura
644 2881 716 2904 tanta
733 2884 779 2904 usa
796 2876 1040 2912 sitverborumﬁc-

1092 2275 1254 2312 σωματικῶς
1296 2273 1499 2309 γεγενημένης,
1540 2271 1649 2308 μηνύειν
1680 2270 1745 2297 τινὰ
1777 2271 1879 2305 μυστή-

1090 2331 1147 2358 ρια.
1169 2321 1245 2355 Quod
1263 2321 1301 2348 sic
1315 2320 1396 2348 vertit
1420 2319 1531 2346 Rufinus
1553 2327 1560 2346 :
1586 2328 1596 2344 ι
1619 2317 1747 2350 Cuinam,
1777 2324 1877 2352 quaso,

1090 2375 1200 2395 sensum
1237 2366 1347 2394 habenti
1378 2370 1575 2401 consequenter
1597 2363 1735 2392 videbitur
1760 2362 1874 2393 dictum,

1089 2413 1159 2447 quod
1173 2412 1231 2439 dies
1247 2411 1344 2447 prima,
1361 2415 1388 2439 et
1406 2411 1537 2444 secunda,
1558 2415 1586 2439 et
1607 2411 1698 2444 tertia,
1726 2410 1756 2438 in
1783 2409 1880 2445 quibus

1089 2463 1116 2486 et
1131 2464 1241 2493 vespera
1263 2458 1417 2486 nominatur
1432 2462 1460 2486 et
1475 2465 1567 2491 mane,
1586 2457 1686 2485 fuerint
1700 2457 1762 2484 sine
1772 2456 1843 2491 sole,
1853 2461 1879 2482 et

1093 2562 1244 2595 curatione,
1269 2569 1322 2590 non
1348 2561 1505 2589 dubitarunt
1530 2566 1621 2589 tamen
1646 2559 1759 2595 quidam
1783 2559 1819 2588 de
1843 2558 1880 2587 fa-

1093 2598 1190 2625 cundia
1206 2606 1267 2630 sua,
1285 2605 1389 2625 necnon
1410 2598 1444 2624 de
1461 2596 1632 2632 philosophia
1660 2595 1770 2632 exotica
1797 2595 1879 2622 altum

1092 2634 1237 2668 sapientes,
1255 2633 1367 2660 adversa
1383 2630 1528 2667 Scripturis
1548 2630 1619 2668 loqui
1644 2630 1790 2668 etudicere
1804 2637 1880 2663 paras

1093 2665 1181 2695 disum
1198 2668 1223 2695 in
1239 2673 1310 2695 terra
1332 2675 1384 2695 non
1402 2665 1475 2698 esse,
1502 2665 1640 2700 multaque
1657 2665 1711 2692 alia
1731 2670 1835 2699 prater
1848 2672 1877 2692 ea

1092 2710 1152 2735 quae
1162 2703 1233 2730 dicta
1251 2707 1314 2730 sunt
1329 2702 1498 2736 adoptantes,
1515 2707 1610 2729 contra
1625 2700 1800 2734 Scripturam
1817 2706 1877 2727 sen-

1091 2739 1151 2769 tire,
1169 2742 1196 2764 et
1215 2738 1356 2765 adversam
1385 2742 1477 2773 tenere
1501 2737 1584 2773 viam,
1602 2740 1685 2771 atque
1698 2742 1737 2773 ea_
1758 2742 1823 2773 qua:
1846 2736 1877 2773 de

1090 2768 1163 2799 terra
1178 2773 1248 2800 dicta
1268 2777 1342 2806 sunt,
1355 2773 1387 2800 de
1402 2772 1479 2800 ecelis
1496 2772 1567 2799 dicta
1577 2768 1693 2806 putare,
1710 2768 1876 2806 nisi:humili

1091 2807 1135 2834 illa
1150 2811 1178 2834 et
1193 2804 1369 2842 attemperata
1382 2808 1525 2842 verborum
1552 2804 1657 2842 ratione
1679 2812 1746 2832 usus
1772 2804 1876 2839 "om

1090 2846 1177 2878 esset,
1197 2841 1298 2877 Spiritu
1322 2847 1416 2878 sancto
1440 2841 1559 2878 linguam
1580 2841 1641 2877 ejus
1666 2845 1806 2874 movente,
1824 2845 1877 2874 quo

1091 2885 1143 2906 non
1162 2877 1279 2906 devoluti
1296 2877 1403 2906 essent?
1415 2887 1425 2903 ι
