1927 3076
43 141 58 168 1
66 140 125 170 οετ

477 142 763 173 ORIGENIANORU'M
784 143 849 172 LIB.
869 143 902 178 ﬂ,
919 143 996 174 CAP.
1016 144 1048 178 ll,
1069 145 1205 179 QUIEST.
1226 145 1284 174 ΧΠ.

1612 153 1683 182 1058

42 201 112 228 sine
133 200 205 233 luna,
226 204 254 227 et
275 200 335 228 sine
361 201 466 234 stellis;
487 202 573 236 prima
596 205 686 229 autem
711 202 767 229 dies
786 203 844 229 sine
857 203 881 232 Α
897 209 966 234 rum,
991 202 1088 236 quibus
1118 203 1251 230 Adamum
1273 207 1334 238 post
1358 212 1455 234 noxam
1484 207 1554 236 Deus
1582 209 1681 244 ittduit,

41 246 140 274 caelo?
152 246 218 280 Quis
231 254 295 274 vero
307 247 341 274 ita
358 247 454 274 idiotes
470 247 630 279 invenietur,
649 251 679 274 ut
696 252 772 282 putet
786 247 843 275 vel-

41 297 78 321 ut
95 293 235 320 hominem
257 293 399 328 quemdam
422 293 569 328 agricolam
595 293 678 321 Deum
704 293 843 328 plantasse

41 339 167 366 arbores
189 339 215 366 in
243 339 380 373 paradiso,
395 340 421 367 in
442 339 514 367 Edcn
534 345 628 367 contra
651 340 794 373 orientem,
816 344 844 368 et

39 386 176 413 arborem
191 386 254 413 vita
270 386 407 421 plantasse
426 386 452 414 in
471 394 515 420 eo,
539 386 565 414 id
584 391 626 414 est
651 387 754 422 lignum
775 387 842 414 visi-

38 431 103 458 bile
132 436 160 458 et
185 431 332 467 palpabile,
361 432 397 460 ita
438 437 468 460 ut
501 432 686 467 corporalibus
715 433 842 460 dentibus

39 477 221 505 tnanducans
241 478 302 513 quis
320 486 353 506 ex
368 486 400 506 ea
421 478 530 510 arbore,
548 479 630 506 vitam
653 479 796 514 percipiat,
814 483 842 507 et

39 530 145 550 rursus
162 531 195 551 ex
219 523 272 551 alia
298 524 466 552 manducans
492 524 600 557 arbore,
633 525 695 552 boni
725 529 753 552 et
778 524 840 552 ntali

38 568 193 596 scientiam
208 570 317 605 capiat?
335 570 387 597 Sed
403 574 430 597 et
451 569 515 597 illud
529 571 600 605 quod
623 570 695 597 Deus
711 575 771 605 post
786 578 842 598 me-

39 615 145 642 ridiem
166 615 338 643 deambulare
365 616 467 643 dicitur
489 616 515 643 in
544 617 682 650 paradiso,
703 621 730 643 et
753 616 839 643 Adam

38 659 132 688 latere
142 661 193 688 sub
207 661 314 695 arbore,
327 661 452 696 equidem
467 662 571 689 ttullttm
585 661 703 689 arbitror
717 661 839 689 dubitare

36 705 116 739 quod
137 705 245 740 tignrali
271 711 348 741 tropo
371 706 430 734 inec
447 714 463 734 a
485 707 628 741 Scriptura
653 707 838 741 proferantur,

37 759 98 786 quo
118 759 170 785 per
190 752 247 779 haec
268 752 391 787 quaedam
413 753 528 788 tnystica
550 752 714 780 iudicemur.
742 762 751 780 ι
772 754 840 781 Vide

38 797 108 824 itetn
125 797 220 825 ltomil.
235 798 248 825 1
274 798 302 825 in
317 797 422 831 ϐεηα..
445 806 520 826 num.
544 798 570 830 1,
588 802 616 825 et
632 797 679 826 lib.
702 806 729 826 tv
749 805 839 826 contra

36 842 125 875 Cels”
145 851 221 870 ttunt.
236 843 282 871 59.

75 888 106 916 In
120 897 182 916 eattt
195 889 356 916 sententiam
374 889 456 916 traxit
470 890 614 925 Origenem
626 889 705 917 Philo
722 890 755 917 ad
771 889 837 917 alle-

36 935 150 969 goriam
181 935 238 962 hzec
258 935 314 970 ipsa
337 935 429 963 itidem
452 935 565 963 flectens
587 936 615 963 in
631 937 685 964 line
711 936 771 963 libri
798 935 836 963 De

36 980 150 1014 api/icio
165 988 211 1008 sex
223 981 335 1014 dierum,
347 987 373 1008 et
390 982 416 1008 in
433 981 479 1009 lib.
497 990 503 1008 ι
516 983 632 1017 Allegor.
642 982 729 1018 Legit.
741 983 836 1011 Traxit

35 1031 64 1053 et
87 1027 201 1061 Papias.
228 1032 256 1054 et
276 1026 408 1059 lrentens,
432 1033 459 1055 et
483 1028 636 1061 Pantaenus,
660 1034 689 1057 et
713 1029 836 1057 Clemens

35 1073 253 1106 Alexandrinus,
268 1081 336 1108 quos
349 1074 468 1108 paradisi
483 1074 694 1110 descriptionem
707 1076 741 1102 ad
773 1083 834 1110 my-

40 1119 146 1146 sticam
176 1119 372 1154 expositionem
388 1119 531 1147 deflexisse
559 1125 653 1148 narrat
676 1121 836 1149 Anastasius

35 1164 150 1191 Sinaita
169 1164 216 1193 lib.
234 1172 271 1191 vtt
288 1165 406 1200 Anagog.
417 1165 585 1199 contemplat.
597 1173 745 1201 eoruntque
759 1166 836 1193 dein-

34 1211 69 1238 de
91 1210 220 1246 exemplo
246 1211 405 1245 Gregorium
426 1215 581 1244 utrumque.
604 1210 747 1246 Origenem
770 1219 835 1239 vero

33 1258 212 1284 secutus‘est
226 1257 395 1289 Ambrosius,
409 1261 437 1284 et
456 1257 610 1292 paradisum
637 1263 791 1284 terrestrem
807 1258 833 1285 in

33 1302 108 1329 cmlo
127 1302 209 1330 tertio
228 1302 383 1337 collocavit,
404 1304 500 1330 eodem
523 1303 633 1330 innixus
651 1302 739 1330 J’auli
763 1303 832 1336 loco,

33 1357 68 1376 rx
82 1357 143 1384 quo
158 1349 278 1384 opinioni
292 1357 349 1377 suae
365 1350 448 1377 robur
462 1349 582 1377 additum
598 1350 731 1386 Origenes
743 1351 834 1378 existi-

35 1395 135 1423 mavit.
151 1395 214 1422 Haec
229 1395 272 1423 ille
285 1395 393 1430 quidem
411 1396 437 1423 in
454 1396 524 1424 libro
540 1397 576 1423 De
589 1397 713 1431 paradiso
727 1405 787 1432 cap.
803 1397 831 1430 5,

33 1440 166 1474 quamvis
175 1440 237 1467 alibi
250 1440 275 1466 in
294 1439 308 1467 Ι
320 1439 383 1467 Cor.
401 1449 439 1472 vt,
458 1441 613 1475 paradisum
628 1446 784 1469 terrestrem
799 1442 833 1469 ab

32 1493 67 1512 eo
86 1485 249 1519 distinguat,
267 1485 292 1512 itt
312 1493 390 1521 quem
405 1487 527 1514 sublatus
542 1487 592 1514 fuit
608 1487 719 1515 Paulus.
747 1489 782 1516 At
805 1489 830 1516 in

33 1531 118 1564 epist.
136 1531 169 1557 ad
183 1530 312 1558 Sabinum
338 1531 430 1558 omnia
448 1532 505 1559 haec
530 1533 563 1559 ad
585 1533 744 1568 allegoriam
763 1542 830 1561 con-
844 1551 865 1576 α

34 1577 131 1603 vertit.
150 1576 333 1612 Hieronymus
353 1582 442 1605 autem
458 1583 520 1606 ante
532 1579 624 1606 tttuttdi
648 1580 727 1614 hujus
742 1580 812 1608 fabri

34 1630 96 1649 eam
116 1622 258 1649 conditum
276 1624 433 1657 paradisum
449 1623 565 1651 allirtnat
584 1625 609 1651 in
631 1624 829 1652 Traditionibus

36 1668 181 1695 Hebraicis
203 1669 230 1695 in
252 1668 344 1695 Cenes.
367 1669 442 1703 Quod
460 1669 481 1696 si
506 1670 643 1696 conditum
672 1670 745 1697 hunc
768 1675 830 1697 ante

34 1715 169 1741 tttnndutn
184 1715 311 1749 opinatus
327 1720 378 1746 est,
392 1715 485 1749 utique
504 1720 579 1742 extra
599 1717 729 1742 mundum
747 1716 830 1744 fuisse

39 1760 163 1789 censuit.
179 1760 266 1788 Moses
277 1760 324 1788 bar
336 1760 425 1794 Cepba
450 1761 496 1788 lib.
509 1769 517 1788 ι
530 1761 569 1788 De
583 1763 718 1795 paradiso,
731 1770 790 1797 cap.
800 1764 828 1795 8,

33 1806 156 1834 medium
176 1806 262 1840 ipsum
281 1809 367 1832 terras
389 1805 459 1832 inter
473 1811 501 1833 et
516 1806 717 1834 firmamentum
741 1808 828 1840 locat;

33 1852 190 1885 itteuntque
208 1851 346 1878 dimissam
357 1857 432 1886 putat
444 1851 480 1886 pii
493 1851 605 1879 latronis
617 1853 745 1886 animant,
758 1855 828 1888 quod

31 1899 106 1925 etde
121 1898 236 1925 alioruttt
250 1903 405 1925 sanctorunt
429 1898 568 1925 animabus
591 1899 725 1926 allirmant
744 1900 828 1928 Seve-

33 1945 144 1975 rianus,
158 1949 229 1970 orat.
242 1943 259 1970 5
277 1942 313 1970 De
327 1951 453 1977 casmop.,
480 1948 508 1970 et
522 1943 647 1978 Eulogius
656 1945 724 1978 apud
736 1945 827 1978 Phot.,

30 1993 96 2019 cod.
117 1996 216 2020 cexxx.
227 1991 295 2024 Quin
310 1991 389 2017 etiam
402 1997 520 2017 errorem
533 1990 657 2024 Origenis
673 1991 752 2025 paulo
765 1997 828 2020 ante

31 2047 112 2066 suam
126 2043 232 2064 aetatem
247 2046 261 2064 a
283 2036 429 2064 Francisco
449 2036 566 2071 Georgio
583 2043 739 2065 renovatum
760 2039 825 2066 scri-

31 2084 70 2111 bit
87 2084 184 2111 Sixtns
201 2084 330 2112 Senensis
343 2084 389 2111 lib.
406 2090 422 2109 v
444 2082 588 2115 Bibliot/t.,
606 2084 700 2111 adnot.
723 2085 768 2117 5i,
788 2090 828 2112 to-

32 2134 146 2163 tamque
159 2129 217 2163 ejus
231 2128 281 2156 loci
299 2130 476 2165 quaestionem
497 2129 627 2164 proximis
644 2130 827 2157 adnotationi-

30 2174 82 2203 bus
93 2175 234 2202 exhaurit.

896 252 1001 274 textura
1017 254 1114 282 corpus
1133 247 1222 283 ipsum
1249 252 1386 278 terrenum
1406 256 1434 279 et
1456 254 1571 282 mortale
1597 255 1682 291 signi-

893 293 969 321 ﬁcari
998 293 1152 327 somniavit,
1178 302 1233 330 quo
1260 296 1356 324 Adami
1387 298 1478 326 anima
1503 299 1603 335 illigata
1626 307 1679 334 est,

893 346 953 366 cum
968 343 1047 366 antea
1060 340 1224 368 immortalis
1236 347 1308 369 esset
1324 347 1351 370 et
1364 343 1559 379 incorporalis;
1576 347 1677 381 alioqui

894 385 1034 412 ridiculum
1050 385 1107 413 fore
1127 385 1211 413 Deum
1234 395 1367 421 asserere,
1386 390 1425 417 sic
1443 395 1570 425 tanquant
1593 394 1678 420 coria-

892 430 964 456 rittm
979 435 1007 457 et
1022 436 1152 464 sutorem,
1174 432 1327 460 animantes
1349 434 1476 469 glubisse,
1497 441 1524 464 et
1543 437 1676 466 detractas

892 476 975 510 pelles
989 477 1141 505 censuisse.
1170 477 1247 506 Hunc
1264 478 1391 507 refellunt
1409 488 1530 509 errorem
1549 482 1676 517 lrenattts,

892 521 939 549 lib.
958 530 983 555 I,
1000 529 1059 556 cap.
1088 523 1116 556 1,
1144 527 1171 550 et
1199 523 1379 553 Tertullianus
1402 527 1503 554 advers.
1534 527 1676 563 Valentiu.,

891 575 951 602 cap.
969 569 1004 596 26
1019 574 1046 596 et
1059 569 1106 596 lib.
1134 569 1171 596 De
1198 575 1338 598 ταωνι-εει.
1370 580 1457 605 curm,
1482 581 1542 608 cap.
1564 574 1579 600 7
1595 576 1673 610 ;.jam

891 615 962 641 ettittt
991 619 1053 642 ante
1077 614 1203 649 Origen'rs
1234 620 1340 643 aetatem
1375 617 1537 646 inoleverat.
1569 619 1676 648 Refellit

890 668 1008 695 quoque,
1032 665 1059 688 et
1081 661 1107 688 itt
1131 661 1261 690 Cassiano
1277 663 1395 698 quodam
1420 664 1530 692 damnat
1553 665 1676 694 Clemens

890 705 1087 734 Alexandrinus
1099 707 1199 734 Stram.
1216 708 1263 735 lib.
1282 717 1324 741 ιιι,
1346 714 1376 735 ut
1395 710 1499 737 monuit
1519 718 1562 738 me
1577 710 1677 739 Paulus

890 751 1064 785 I’ellissouus,
1080 752 1108 779 ιιι
1127 760 1180 787 quo
1201 753 1297 788 plusne
1313 753 1414 789 ingenii
1435 755 1623 784 atnmnitatem
1638 765 1673 784 an

890 796 1072 830 praestantiam
1087 797 1220 825 doctrina:
1233 798 1339 826 laudetn
1359 800 1462 827 nescio.
1492 800 1629 829 Refellunt
1647 807 1675 829 et

889 842 1023 875 Justinus,
1045 850 1092 870 seu
1110 843 1233 878 quisquis
1260 850 1356 872 auctor
1371 850 1414 874 est
1434 847 1616 879 anstionum
1640 850 1675 875 ad

887 888 1055 921 art/todoxos,
1075 894 1171 924 quiest.
1200 890 1245 922 49,
1268 896 1296 918 et
1321 898 1416 919 auctor
1444 893 1615 929 Dialogorum
1629 897 1675 931 qui

888 932 1016 967 Caesario,
1046 934 1167 969 Gregorii
1195 935 1356 964 NazianZeni
1380 937 1481 972 fratri,
1507 940 1673 973 tribuuntur,

887 979 950 1006 dial.
963 987 1012 1011 ιιι,
1032 979 1127 1007 interr.
1147 981 1211 1014 M9;
1233 987 1261 1008 et
1282 981 1430 1018 Gregorius
1440 984 1577 1020 Nyssenus
1597 987 1673 1015 Orat.

886 1028 950 1058 ean,
974 1031 1034 1059 cap.
1059 1026 1092 1058 8,
1115 1030 1143 1053 et
1161 1027 1370 1062 Gbrysostomus
1408 1030 1502 1059 ltontil.
1523 1031 1566 1064 18,
1596 1032 1623 1060 iu
1644 1040 1674 1061 ιιι

887 1071 973 1105 Gem,
999 1077 1025 1099 et
1050 1072 1210 1101 Anastasius
1243 1074 1349 1103 Sinaita
1386 1076 1531 1112 Conlempl.
1560 1087 1671 1116 anagog.

886 1118 933 1145 lib.
959 1126 998 1150 XI,
1024 1123 1052 1146 et
1081 1119 1217 1153 Rupertus
1241 1120 1288 1149 lib.
1316 1130 1358 1155 ιιι,
1383 1131 1442 1158 cap.
1463 1124 1480 1151 2
1501 1125 1527 1151 itt
1545 1133 1574 1152 ιιι
1606 1125 1671 1154 Gen.

886 1163 1014 1190 Eumdent
1027 1164 1190 1198 exprobrant
1203 1165 1312 1199 Origeni
1325 1166 1477 1195 Methodius
1491 1169 1560 1202 apud
1574 1169 1669 1204 Epiplt.

886 1209 951 1237 Iucr.
964 1217 1037 1242 LXIV,
1049 1214 1076 1237 et
1093 1211 1162 1245 apud
1178 1211 1255 1239 Pltot.
1274 1212 1333 1239 cod.
1356 1221 1490 1246 ccxxxtv;
1506 1214 1671 1249 Epiphanius

885 1255 982 1282 hatres.
999 1262 1073 1287 thv,
1088 1261 1116 1282 et
1129 1256 1154 1282 in
1166 1257 1245 1290 epist.
1268 1258 1301 1284 ad
1319 1257 1395 1285 Joan.
1412 1258 1538 1292 Jerosol.,
1556 1268 1616 1295 cap.
1630 1262 1647 1289 5
1663 1270 1670 1295 ;

885 1300 1062 1336 llieronyntus
1085 1302 1164 1336 epist.
1181 1303 1226 1335 61,
1241 1304 1275 1330 ad
1293 1304 1461 1338 Pammach.,
1482 1314 1544 1341 cap.
1565 1308 1597 1340 ὃς
1624 1308 1673 1335 So-

884 1346 1014 1379 phronius
1024 1347 1049 1373 itt
1064 1348 1143 1382 epist.
1154 1348 1187 1375 ad
1199 1348 1289 1383 εει-μ
1306 1349 1460 1385 Stephanus
1472 1351 1595 1379 Gobarus
1609 1353 1672 1381 Tri-

885 1392 967 1419 theita
977 1394 1045 1426 apud
1056 1393 1145 1425 Pltot.,
1155 1394 1218 1421 cod.
1226 1401 1336 1422 ccxxxtt
1348 1395 1481 1428 ;Joannes
1492 1397 1672 1426 Damascenus

884 1437 921 1464 De
935 1438 1046 1470 Itwres.;
1065 1439 1173 1475 thcas,
1187 1445 1259 1474 part.
1278 1449 1286 1468 ι
1305 1445 1333 1468 et
1350 1449 1376 1468 tv
1391 1442 1671 1480 Annal.;Cedrenus,

883 1489 909 1512 et
920 1485 1028 1512 Nicetas
1043 1485 1121 1513 Tltes.
1137 1487 1240 1514 art/rod.
1252 1487 1301 1521 ﬁd.
1315 1487 1363 1516 lib.
1379 1496 1416 1523 tv,
1429 1490 1525 1518 haeres.
1542 1499 1617 1518 xtrxt.

918 1531 945 1558 In
961 1531 1051 1559 varios
1065 1532 1185 1566 profecto
1201 1540 1298 1560 sensus
1311 1538 1413 1562 tractus
1426 1540 1469 1562 est
1481 1536 1531 1563 iste
1548 1536 1672 1572 Scriptu-

883 1584 919 1604 ra:
933 1577 1008 1604 locus
1026 1586 1034 1604 ε
1052 1578 1203 1606 Metltodius
1223 1585 1311 1607 vestes
1335 1585 1467 1614 scorteas,
1487 1589 1539 1609 non
1561 1583 1670 1616 quidem

881 1624 994 1650 mortale
1007 1631 1105 1658 corpus
1120 1632 1180 1652 esse
1195 1626 1274 1658 dixit,
1296 1626 1344 1653 sed
1365 1627 1490 1661 corporis
1516 1633 1594 1656 antea
1617 1630 1670 1657 im-

881 1668 1012 1700 mortalis,
1030 1668 1127 1696 deittde
1141 1677 1206 1696 vero
1225 1669 1347 1697 ntortalis
1361 1670 1448 1698 etl'ecli
1463 1671 1668 1701 dissolutionem

880 1713 1042 1748 significare.
1069 1713 1216 1748 Gregorius
1241 1714 1431 1742 Nazianzenus
1450 1717 1572 1750 corporis
1587 1719 1668 1745 nudi-

881 1765 935 1787 tate
959 1760 1072 1794 exprimi
1100 1761 1157 1787 vult.
1185 1761 1339 1787 intmortale
1366 1762 1441 1796 prius
1458 1767 1485 1789 et
1515 1763 1595 1790 nullis
1619 1764 1668 1791 ob-

881 1808 987 1833 noxium
1004 1807 1105 1833 morbis
1116 1807 1211 1833 Adami
1226 1814 1338 1841 corpus;
1352 1808 1471 1835 vestibus
1491 1815 1565 1841 vero,
1593 1817 1667 1836 utor-

881 1853 1023 1884 talitatem,
1046 1852 1216 1887 gravitatem,
1233 1859 1264 1879 ac
1282 1852 1475 1886 infirmitatem,
1492 1861 1552 1888 quae
1568 1862 1667 1890 corpus

880 1899 943 1926 illud
979 1899 1144 1926 invaserunt.
1180 1897 1306 1924 Nonnulli
1343 1906 1419 1931 vero,
1456 1907 1525 1933 quos
1567 1901 1667 1929 refellit

879 1944 1064 1972 Tltcodoretus
1085 1947 1183 1978 quaest.
1201 1943 1236 1970 59
1254 1943 1281 1969 in
1297 1941 1440 1976 Gerusian,
1458 1950 1578 1973 scorteas
1596 1947 1666 1973 tuni-

879 1997 925 2017 cas
936 1997 996 2016 esse
1006 1989 1133 2016 dixerunt
1149 1989 1276 2015 arborum
1291 1989 1419 2021 cortices,
1437 1996 1498 2023 quae
1509 1996 1571 2017 sunt
1591 1991 1665 2019 velut

879 2035 1004 2063 arborum
1020 2035 1102 2069 pelles
1118 2040 1146 2062 et
1161 2035 1327 2062 indumenta.

914 2082 960 2110 llis
977 2082 1200 2117 suffragatoribus
1214 2089 1334 2109 errorem
1348 2088 1425 2108 suum
1439 2087 1583 2110 excusaret
1599 2083 1661 2111 Ori-

878 2136 971 2164 genes,
992 2129 1013 2155 si
1039 2128 1097 2162 ejus
1121 2132 1194 2155 esset
1218 2127 1387 2155 manifestus.
1405 2127 1440 2154 At
1464 2133 1563 2162 quanta
1582 2128 1663 2157 fuerit

879 2175 962 2210 ipsius
978 2175 1004 2201 in
1018 2174 1067 2201 hac
1081 2173 1230 2208 quaestione
1249 2172 1388 2203 fluctuatio
1403 2180 1436 2200 ex
1458 2175 1585 2207 sequenti
1604 2174 1664 2202 loco

64 2221 139 2248 Alibi
158 2225 247 2248 tamen
266 2221 394 2257 Origenes
408 2222 561 2256 paradisum
588 2222 672 2254 Eden,
698 2230 745 2250 seu
771 2226 826 2250 ter—
841 2219 865 2249 D
879 2220 991 2256 patebit,
1007 2226 1087 2254 quem
1115 2224 1218 2246 catena:
1246 2226 1299 2245 uno
1327 2226 1460 2246 consensu
1481 2219 1590 2254 Origeni
1617 2221 1665 2247 tri-

30 2272 150 2294 restrem
165 2268 290 2294 eumdem
315 2275 375 2295 esse
392 2268 487 2296 scribit
507 2276 539 2295 ac
564 2269 718 2303 paradisum
737 2268 823 2301 illum,

29 2316 55 2342 itt
72 2322 158 2351 quem
177 2315 283 2350 piorum
299 2317 395 2343 anima:
417 2320 480 2351 post
505 2316 608 2343 obitum
634 2317 822 2348 dimittuntur;

30 2369 115 2395 quem
133 2369 196 2388 curn
211 2361 236 2387 in
259 2361 337 2388 terris
359 2361 540 2392 collocaverit,
561 2366 590 2388 ιιι
612 2369 692 2396 supra
708 2362 773 2393 dixi.
794 2362 824 2388 il-

31 2407 86 2433 lum
101 2414 211 2442 quoque
229 2407 255 2434 in
277 2407 354 2434 terris
376 2415 436 2434 esse
459 2415 569 2434 necesse
588 2412 639 2434 cst.
666 2416 675 2432 ι
702 2407 752 2440 Qui
775 2416 823 2434 au-

31 2458 97 2484 tent,
118 2463 128 2479 I
148 2453 237 2487 inquit
261 2452 308 2481 lib.
325 2461 334 2480 ι
351 2454 378 2480 in
398 2453 514 2483 Cantica.
540 2461 603 2488 pag.
630 2453 682 2486 42,
700 2463 709 2479 ι
727 2454 823 2488 dignus

28 2499 114 2527 fuerit
128 2499 219 2527 redire
231 2505 260 2527 et
273 2507 335 2527 esse
354 2508 414 2527 cum
430 2501 548 2533 Christo,
572 2500 672 2535 quique
693 2500 719 2527 in
739 2507 824 2534 parvo

30 2545 119 2572 fidelis
142 2545 270 2572 inventus
287 2546 466 2573 constituetur
485 2553 567 2580 super
588 2545 682 2577 multa,
701 2545 746 2572 ille
772 2554 821 2581 gu-

28 2591 116 2618 stabit
129 2595 160 2617 et
182 2591 270 2626 capiet
293 2592 456 2626 voluptatem
478 2592 596 2624 Domini,
626 2592 769 2627 perductus
789 2592 822 2619 ad

27 2636 121 2664 locum
134 2637 279 2671 quemdam
299 2638 343 2671 qui
359 2645 408 2672 pro
425 2637 578 2672 hnjusntodi
600 2638 722 2665 ciborum
737 2637 822 2672 copiis

27 2687 56 2710 et
67 2682 260 2714 varietatibus,
271 2683 427 2711 deliciaruttt
443 2686 598 2711 ttotninatur
611 2684 696 2711 locus.
710 2683 823 2719 Propter

27 2731 102 2765 quod
118 2733 147 2757 et
162 2729 189 2756 itt
213 2728 287 2756 Eden
302 2730 404 2765 positus
429 2731 538 2764 dicitur,
563 2730 634 2765 quod
654 2730 764 2758 delicias
778 2730 822 2757 in-

28 2778 112 2807 dicat.
133 2789 144 2806 ι

63 2826 133 2854 Vill.
148 2826 184 2854 Ut
199 2825 318 2861 paradisi
333 2825 501 2860 plantatione
521 2823 665 2859 mysticum
690 2822 754 2857 quid
773 2830 822 2850 no-

29 2874 81 2900 tari
98 2873 177 2908 ﬁnxit
193 2874 244 2902 sibi
261 2872 449 2905 Adamantius,
474 2871 509 2899 ita
527 2875 693 2899 scortearum
715 2869 819 2897 tunica-

878 2267 973 2293 buunt.
988 2264 1013 2292 ls
1024 2272 1088 2299 ergo
1107 2265 1135 2291 in
1149 2263 1242 2290 Cenes.
1259 2271 1298 2296 ιιι,
1315 2263 1360 2296 21,
1384 2269 1525 2299 postquam
1541 2265 1661 2300 ineptutn

877 2319 937 2340 esse
953 2311 1020 2338 dixit
1037 2311 1119 2337 Deum
1138 2310 1239 2343 tingere
1256 2311 1391 2337 detractas
1407 2310 1562 2338 animalium
1580 2311 1662 2345 pelles

877 2362 1062 2388 consuentcm,
1084 2355 1174 2383 subdit
1196 2355 1303 2383 ςιῐάλιν
1326 2364 1355 2382 τε
1376 2356 1496 2390 φυγόντα
1522 2356 1553 2383 τὸ
1577 2356 1662 2389 οὕτως

877 2405 986 2435 ἄτοπον,
1005 2402 1093 2437 λέγειν
1107 2402 1169 2434 τοὺς
1183 2402 1361 2438 δερματίνους
1375 2403 1491 2438 χιτῶνας
1505 2404 1555 2430 οὐκ
1569 2403 1664 2435 ἄλλους

876 2448 957 2484 εἶναι,
974 2450 990 2486 ἦ
1004 2449 1038 2476 τὰ
1053 2449 1175 2484 σώματα,
1193 2448 1304 2476 πιθανὸν
1329 2449 1388 2484 μὲν,
1405 2449 1451 2476 καὶ
1476 2450 1515 2480 εἰς
1532 2450 1664 2483 συγκατά-

877 2497 949 2524 θεσιν
969 2495 1171 2523 ἐπισπάσασθαι
1196 2495 1352 2531 δυνάμενοψ
1377 2495 1407 2521 οὐ
1431 2494 1484 2530 μὴν
1507 2496 1601 2529 σαφὲς,
1625 2495 1663 2526 ὡς

876 2544 984 2579 ἀληθές.
1003 2544 1034 2570 Εἰ
1053 2543 1108 2579 γὰρ
1130 2543 1155 2570 οἱ
1174 2543 1331 2578 δερμάτινοι
1351 2541 1464 2577 χιτῶνες
1491 2542 1592 2576 σάρκες
1616 2542 1663 2568 καὶ

875 2590 956 2616 ὀστέα
977 2589 1039 2621 εἰσὶ,
1054 2589 1112 2620 πῶς
1126 2588 1179 2623 πρὸ
1195 2588 1296 2614 τούτων
1321 2587 1404 2622 φησὶν
1418 2587 1432 2613 ὁ
1453 2586 1555 2620 Ἀδάμυ
1571 2586 1662 2613 Τοῦτο

875 2636 934 2663 νῦν
949 2635 1062 2662 ὀστοῦν
1078 2635 1112 2661 ἐκ
1133 2633 1193 2660 τῶν
1207 2633 1306 2660 ὀστῶν
1318 2642 1388 2668 μου,
1406 2633 1455 2660 καὶ
1472 2633 1550 2667 σὰρξ
1560 2633 1593 2660 ὲκ
1607 2632 1662 2666 τῆς

875 2684 990 2718 σαρκός
1000 2689 1077 2717 pou;
1104 2690 1113 2706 ε
1140 2679 1256 2707 Rursum
1285 2686 1349 2706 vero
1376 2679 1398 2706 si
1422 2679 1482 2713 quis
1509 2686 1565 2705 rem
1594 2679 1661 2706 adeo

875 2729 1021 2758 absurdam
1037 2727 1144 2763 fugiens
1156 2725 1253 2754 dixerit
1270 2730 1390 2752 scorteas
1405 2725 1512 2752 tunicas
1523 2732 1575 2752 tton
1591 2724 1660 2751 alias

874 2783 934 2803 esse
944 2783 1024 2810 quant
1042 2781 1166 2808 corpora,
1182 2771 1322 2808 probabile
1341 2771 1394 2798 erit
1413 2770 1439 2797 id
1451 2770 1570 2805 quidem,
1586 2775 1614 2797 et
1626 2770 1660 2797 ad

875 2824 1015 2849 assensum
1049 2820 1156 2848 trahere
1188 2817 1300 2850 valens;
1328 2825 1380 2845 non
1415 2816 1517 2844 clarum
1559 2820 1658 2845 tamen.

875 2868 954 2903 quale
975 2875 1036 2895 esse
1055 2867 1135 2895 debet
1151 2865 1222 2901 quod
1241 2872 1332 2892 verum
1361 2869 1412 2892 est.
1430 2862 1496 2890 Nam
1515 2862 1536 2890 si
1562 2861 1659 2890 tunicae
