1927 3076
249 127 260 153 l
266 125 318 154 059

897 118 928 147 Ρ.
949 118 1106 147 DANIELIS
1123 117 1240 146 HUETII

1803 117 1869 146 1060

248 189 361 212 scortea
374 189 470 210 carnes
484 184 512 209 et
527 187 589 208 ossa
606 183 681 212 sunt,
706 179 841 214 quomodo
868 184 946 206 antea
968 178 1034 207 dicit
1046 183 1070 209 Α
1084 179 1213 214 unigeniti
1246 178 1331 206 factos
1348 185 1411 206 esse
1430 177 1540 211 scribit,
1561 177 1634 213 quod
1658 177 1800 212 impietate
1818 185 1867 206 non

248 229 333 257 Adam
347 238 353 255 :
367 228 424 255 Hoc
431 234 503 254 num:
521 233 589 253 esea:
600 226 702 252 auibus
716 225 792 258 meis,
805 229 829 251 et
848 232 910 251 caro
919 225 951 251 de
958 233 1036 252 carne

248 283 307 302 mea
316 275 359 300 “'l
374 283 383 298 ι
400 272 481 300 Addit
492 276 621 306 praeterea
637 271 833 298 nonnulloshis
843 270 1036 305 circumseptus

249 319 379 353 angustiis
387 318 555 345 existimasse
568 322 690 344 scorteas
704 317 812 344 tunicas
826 323 887 344 esse
900 317 1033 344 moriendi

250 366 440 393 necessitatem
456 364 560 390 Adamo
572 369 600 390 ct
617 363 679 390 Eva;
692 368 752 398 post
767 367 908 398 peccatum
922 363 1034 397 imposi-

249 416 303 439 tam
327 420 333 438 :
354 411 425 445 quod
443 411 531 445 ipsum
559 409 718 436 diﬂicultate
739 416 790 436 non
818 417 912 437 carere
931 413 1033 437 censet.

247 456 356 485 Clarius
372 457 397 483 in
415 456 596 483 orthodoxam
623 455 729 482 videtur
755 455 904 483 concedere
928 459 1035 482 senten-

248 503 314 530 tiam
341 502 434 530 homil.
459 501 487 532 6,
514 503 541 528 in
567 501 690 533 Levitic.,
716 509 791 529 num.
818 501 848 534 2,
875 509 935 528 cnm
963 502 1003 528 ait
1026 509 1033 528 :

251 557 262 574 ι
282 547 368 575 Velim
391 547 517 575 conferre
550 546 594 573 illa
609 546 725 573 infelicia
745 546 912 579 indumenta,
938 546 1034 581 quibus

248 596 354 630 primus
371 594 462 626 homo,
476 601 537 620 cum
553 596 704 627 peccasset,
719 592 828 626 indutus
843 597 896 624 est,
914 600 974 619 cum
991 593 1034 619 his

247 640 349 668 sanctis
362 645 389 667 et
407 639 530 667 fidelibus
542 639 717 667 indumentis.
734 639 768 665 Et
783 638 891 673 quidem
912 639 956 666 illa
969 639 1036 665 dici-

250 692 294 713 tur
308 686 378 713 Deus
396 685 491 712 fecisse
515 693 522 712 :
551 684 626 711 Fecit
647 686 727 717 enim,
750 685 851 719 inquit,
876 684 944 711 Deus
965 685 1036 711 tuni-

248 740 292 758 cas
306 731 439 766 pellicem,
459 736 483 757 et
495 731 579 758 induit
591 731 678 758 Adam
696 735 720 758 et
733 731 867 758 mulierem
874 731 930 766 ejus
939 730 971 757 ⁸⁵.
982 729 1036 757 Illae

247 784 312 810 ergo
333 776 429 803 tunica:
442 776 475 803 de
491 775 606 810 pellibus
639 780 718 803 erant
732 783 765 803 ex
786 775 947 803 animalibus
963 783 1037 802 sum-

247 825 300 855 pta:
324 830 331 848 :
358 821 456 848 talibus
482 820 554 847 enim
573 820 715 855 oportebat
738 820 812 848 indui
839 825 1024 855 peccatorem,

247 866 377 902 pelliceis,
397 866 516 901 inquam,
538 866 644 899 tunicis,
672 874 733 901 quae
751 871 842 894 essent
855 866 1035 899 mortalitatis,

247 920 326 946 quam
351 919 400 946 pro
427 916 539 947 peccato
566 917 719 947 acceperat,
741 917 769 940 et
787 912 939 948 fragilitatis
966 913 1034 946 ejus,

247 965 307 991 qua;
327 966 360 985 ex
388 958 480 986 carnis
503 960 677 994 corruptione
700 958 835 990 veniebat,
864 959 1002 986 indicium.
1021 969 1030 985 ι

247 1004 339 1038 Itaque
357 1009 452 1032 auctor
479 1004 584 1040 Dialagi
608 1005 640 1032 de
661 1005 809 1032 orthodoxa
829 1005 891 1040 ﬁde,
911 1006 956 1040 qui
973 1004 1036 1034 Ori-

247 1048 307 1083 geni
341 1049 419 1084 vulgo
451 1050 598 1082 tribuitur,
629 1052 717 1085 ipsum
760 1051 862 1078 inducit
901 1055 968 1080 sect.
999 1051 1033 1084 5,

247 1102 309 1129 pag.
323 1094 386 1127 862,
401 1103 493 1122 veram
506 1100 534 1123 et
550 1095 576 1122 in
589 1096 711 1123 Ecclesia
729 1101 863 1131 receptam
879 1096 1034 1130 opinionem

248 1141 283 1167 de
298 1140 399 1168 tunicis
412 1140 465 1167 illis
479 1141 603 1174 scorteis,
623 1141 754 1170 adversus
775 1141 907 1169 Marinum
928 1141 1028 1169 Bardo-

247 1186 388 1213 sianistam
404 1192 630 1222 propugnantem.

283 1231 329 1258 IX.
348 1231 420 1259 inter
435 1232 639 1260 criminationes
655 1239 724 1267 quas
743 1233 873 1261 adversus
888 1232 1035 1268 Origenem

247 1277 354 1311 collegit
370 1277 535 1311 Epiphanius
545 1278 610 1305 hair.
624 1286 698 1311 an,
716 1286 775 1313 cap.
787 1279 818 1311 4,
828 1283 855 1306 et
872 1279 898 1306 in
924 1280 1035 1314 epistola

247 1321 281 1348 ad
295 1321 425 1349 Joannem
440 1321 612 1358 Jerosolym.,
629 1330 689 1358 cap.
702 1324 730 1356 4,
746 1331 800 1350 una
816 1324 874 1351 inec
890 1329 931 1351 est
947 1333 953 1351 :
972 1333 982 1350 ι
994 1325 1036 1351 Ιη-

249 1371 292 1394 ter
309 1367 393 1394 multa
417 1368 499 1394 etiam
518 1368 583 1396 illud
605 1376 688 1396 ausus
703 1374 746 1396 est
764 1370 866 1402 dicere,
887 1371 1036 1404 perdidisse

248 1413 394 1447 imaginem
412 1413 458 1441 Dei
472 1414 559 1441 Adam
571 1421 579 1441 :
593 1423 603 1440 ι
620 1415 691 1449 quod
704 1420 732 1442 et
747 1414 927 1451 Hieronymus
940 1417 1037 1451 repetit

247 1454 274 1482 in
290 1455 369 1489 epist.
392 1455 437 1487 6i,
463 1458 496 1484 ad
511 1456 676 1489 Pammach.,
695 1465 755 1492 cap.
769 1459 795 1485 ὅ.
810 1459 890 1492 Quasi
904 1461 1036 1488 Adamum

248 1500 363 1527 voluerit
378 1501 405 1527 in
420 1508 527 1536 ptenam
541 1503 656 1536 peccati,
670 1510 722 1530 non
735 1504 809 1538 gravi
827 1506 959 1533 duntaxat
975 1514 1036 1534 cor-

247 1551 324 1579 pore,
334 1545 373 1573 sic
384 1551 509 1580 tanquam
519 1547 693 1582 compedibus
705 1548 788 1576 fuisse
797 1551 983 1585 constrictum,
991 1552 1037 1579 sed

248 1591 367 1626 imagine
383 1593 462 1619 etiam
483 1593 541 1626 Dei,
557 1594 590 1620 ad
611 1602 690 1628 quam
710 1595 834 1623 conditus
851 1596 950 1629 fuerat,
965 1598 1038 1625 exci-

249 1638 330 1665 disse.
345 1639 380 1665 At
394 1638 474 1672 paulo
490 1639 603 1666 inferius
619 1639 698 1667 docet
713 1640 881 1675 Epiphanius
896 1650 948 1670 non
968 1643 1036 1671 idem

251 1692 333 1719 super
354 1685 406 1712 hac
425 1685 572 1719 qmestione
594 1685 712 1714 sensisse
736 1685 903 1721 Origenistas
920 1696 1036 1718 omnes:

251 1740 260 1756 ι
274 1730 387 1764 Quidam
403 1732 475 1758 enim
496 1739 604 1765 eorum,
626 1731 730 1767 inquit,
746 1733 838 1760 dicunt
854 1735 925 1769 quod
947 1734 1038 1771 imago

249 1775 308 1808 Dei,
320 1784 402 1811 quam
419 1777 494 1811 prius
507 1777 611 1812 accepit
622 1777 720 1811 Adam,
743 1778 789 1807 illo
804 1785 935 1813 peccante
949 1782 1037 1816 perie-

249 1821 305 1850 rit-:
323 1821 368 1850 alii
384 1823 557 1857 suspicantur
574 1831 682 1859 corpus,
705 1826 778 1860 quod
793 1825 876 1853 Filius
894 1826 940 1854 Dei
958 1828 1036 1855 habi-

248 1873 323 1895 turus
344 1873 418 1895 esset
431 1876 464 1896 ex
489 1869 589 1902 Maria,
605 1870 690 1905 ipsam
713 1879 774 1899 esse
798 1872 964 1908 imaginem;
991 1874 1036 1901 alii

247 1921 372 1947 sensum;
389 1914 434 1942 alii
451 1915 594 1948 virtutem;
610 1916 655 1943 isti
669 1917 816 1952 baptisma;
832 1918 858 1945 hi
869 1919 940 1953 quod
955 1919 1036 1947 homo

249 1960 282 1986 ad
310 1960 455 1996 imaginem
487 1960 533 1988 Dei
564 1961 717 1989 dominetur
747 1963 906 1991 omnibust
929 1964 1037 1994 Nicetes

247 2005 344 2033 veroin
363 2005 497 2033 Thesauro
514 2007 667 2035 orthodoxi?
683 2007 755 2041 ﬁdei,
771 2008 818 2037 lib.
832 2017 869 2042 tv,
879 2010 944 2037 hair.
959 2018 1035 2044 xnt,

248 2052 347 2079 dixisse
362 2052 400 2079 ait
419 2051 563 2088 Origenem
578 2053 722 2086 Adamum,
737 2059 882 2089 antequam
898 2063 1034 2090 peccaret,

247 2098 362 2133 ctiigiem
384 2098 530 2125 humanam
555 2100 695 2134 corporeis
710 2100 857 2128 involucris
873 2102 1034 2136 immunem,

246 2147 274 2171 et
293 2144 350 2171 sola
369 2145 486 2171 humana
506 2145 592 2172 forma
610 2146 751 2180 praeditam
772 2154 968 2181 conservasse;
984 2149 1035 2175 ad-

1053 856 1075 884 B

1051 1534 1074 1566 α

1087 229 1172 252 caret.
1187 234 1196 249 I

1122 271 1201 298 Certe
1226 271 1248 298 si
1273 270 1341 298 satis
1367 272 1505 297 constaret
1525 269 1626 297 dixisse
1650 269 1797 304 Origenem
1826 277 1869 304 per

1086 321 1224 352 peccatum
1243 317 1387 352 imaginem
1412 316 1458 343 Dei
1482 315 1614 343 Adamum
1632 315 1772 348 amisisse,
1785 315 1870 350 Augu-

1085 363 1185 390 stinum
1211 367 1301 389 tamen
1317 362 1367 389 sibi
1394 361 1587 397 sull'ragantem
1608 361 1736 394 haberet,
1757 362 1802 396 qui
1825 361 1870 388 lib.

1085 417 1110 436 vn
1126 409 1163 436 De
1174 408 1267 436 Genesi
1280 409 1315 435 ad
1327 409 1420 441 (tuen,
1432 415 1492 443 cap.
1507 407 1552 439 27,
1566 408 1603 435 ita
1616 407 1757 442 loquitur:
1772 416 1783 433 ί
1799 407 1871 435 Hanc

1086 453 1230 488 imaginem
1254 453 1280 480 in
1307 453 1404 487 spiritu
1434 453 1533 480 mentis
1558 452 1719 488 impressam
1756 453 1872 494 perdidit

1085 499 1170 526 Adam
1186 507 1234 534 per
1248 504 1400 533 peccatum,
1415 506 1495 534 quam
1521 499 1672 533 recepimus
1688 506 1737 533 per
1760 499 1871 533 gratiam

1082 544 1205 580 justitiaa.
1222 553 1232 570 ι
1253 544 1281 570 ld
1299 544 1475 571 nihilominus
1491 543 1593 570 emollit
1611 543 1658 571 lib.
1673 551 1692 570 ll
1715 542 1872 574 Retractat.,

1086 597 1145 623 cap.
1159 589 1212 621 24,
1236 596 1289 615 non
1315 596 1420 616 erasam
1446 595 1480 615 ex
1509 588 1618 615 homine
1640 589 1711 615 hanc
1730 588 1873 623 imaginem

1085 635 1188 667 dicens,
1207 635 1254 662 sed
1275 634 1311 662 ita
1330 634 1519 665 deformatam,
1535 637 1565 660 ut
1587 633 1670 660 fuerit
1689 632 1872 661 reformanda.

1085 679 1119 707 At
1132 680 1155 708 si
1171 680 1293 707 doctrina
1306 679 1442 713 Origenis,
1458 686 1509 706 non
1528 685 1561 705 ex
1579 678 1798 706 adversariorum
1816 686 1876 705 con-

1085 727 1290 763 questionibus,
1314 726 1362 753 sed
1382 733 1416 753 ex
1437 724 1497 759 ejus
1522 724 1775 763 spectetur-verbis,
1797 729 1877 759 prout

1086 781 1100 800 a
1115 773 1223 805 Ruﬁno,
1247 772 1299 800 levi
1324 779 1437 807 prorsus
1462 772 1621 806 interprete,
1636 777 1769 798 conversa
1794 775 1874 802 sunt,

1086 821 1145 848 sine
1171 827 1251 847 causa
1275 819 1321 846 hic
1348 818 1434 853 ipsum
1461 817 1589 852 vapulare
1616 816 1774 843 fatebimur.
1808 815 1875 842 Nam

1089 867 1179 893 animo
1195 865 1321 896 hominis,
1337 872 1389 891 non
1405 863 1523 898 corpori,
1539 863 1683 897 imaginem
1699 861 1746 889 Dei
1763 862 1875 896 impres-

1088 919 1146 940 sam
1163 918 1223 939 esse
1237 910 1326 942 docet,
1344 917 1406 937 cum
1421 916 1436 936 a
1455 909 1510 936 Deo
1527 908 1652 936 conditus
1666 913 1728 935 est:
1746 907 1794 934 Dei
1814 915 1876 934 vero

1088 959 1291 988 similitudinem
1319 962 1383 986 tunc
1407 957 1536 992 adipisci,
1559 964 1619 984 cum
1644 956 1764 983 animum
1789 956 1876 983 virtu-

1089 1006 1162 1034 tibus
1183 1009 1307 1033 exornat.
1326 1014 1336 1031 ι
1356 1004 1433 1032 llunc
1450 1010 1517 1031 sane
1537 1003 1692 1035 hominem,
1716 1003 1807 1037 inquit
1828 1003 1877 1030 ho-

1088 1051 1145 1080 mil.
1159 1052 1172 1078 1
1191 1051 1218 1077 in
1237 1050 1343 1082 Genes.,
1360 1057 1436 1078 num.
1451 1049 1494 1081 l5,
1515 1057 1524 1073 ι
1539 1055 1618 1082 quem
1640 1047 1706 1075 dicit
1724 1047 1760 1074 ad
1785 1047 1877 1082 imagi-

1088 1105 1150 1124 nem
1167 1096 1213 1124 Dei
1228 1096 1343 1127 l'actum,
1358 1102 1411 1122 non
1430 1094 1604 1128 intelligimus
1617 1092 1800 1127 corporalem.
1821 1091 1877 1118 Non

1087 1143 1159 1170 enim
1178 1142 1299 1177 corporis
1318 1141 1474 1176 figmentum
1501 1139 1547 1167 Dei
1574 1139 1717 1173 imaginem
1740 1139 1877 1170 continet,

1088 1195 1176 1223 neque
1198 1187 1288 1215 factus
1315 1194 1376 1215 esse
1409 1186 1557 1222 corporalis
1585 1185 1666 1212 homo
1690 1185 1806 1216 dicitur,
1833 1185 1878 1211 sed

1089 1235 1246 1270 plasmatus.
1272 1234 1343 1261 sicut
1363 1233 1390 1260 in
1413 1231 1642 1266 consequentibus
1666 1230 1803 1265 scriptum
1829 1234 1876 1257 cst.

1088 1282 1134 1308 Ait
1147 1281 1219 1308 enim
1232 1289 1239 1307 :
1255 1279 1396 1306 Plasmavit
1415 1279 1483 1306 Dens
1498 1279 1628 1306 hominem
1640 1277 1674 1309 ",
1688 1277 1715 1304 id
1732 1282 1787 1308 est,
1803 1277 1878 1303 ﬁnxit

1089 1326 1121 1353 de
1136 1331 1214 1352 teme
1236 1324 1311 1352 limo.
1326 1324 1349 1351 is
1367 1329 1458 1351 autem
1477 1324 1523 1358 qui
1545 1324 1578 1350 ad
1602 1322 1750 1358 imaginem
1768 1321 1819 1349 Dei
1840 1321 1877 1348 fa-

1089 1375 1147 1397 ctus
1159 1375 1210 1401 est,
1225 1374 1252 1397 et
1266 1370 1299 1397 ad
1313 1369 1529 1400 similitudinem,
1545 1369 1658 1395 interior
1673 1368 1757 1395 homo
1772 1372 1876 1398 noster,

1089 1420 1130 1443 est
1146 1415 1287 1442 invisibilis
1302 1419 1329 1442 et
1343 1413 1533 1449 incorporalis,
1554 1418 1580 1440 et
1604 1414 1781 1448 incorruptus
1798 1417 1877 1446 atque

1088 1460 1260 1488 immortalis.
1275 1459 1303 1486 ln
1322 1459 1363 1487 bis
1381 1459 1453 1486 enim
1479 1459 1576 1486 talibus
1597 1459 1644 1486 Dei
1669 1459 1759 1493 imago
1778 1458 1879 1485 rectius

1090 1505 1256 1541 intelligitur.
1282 1505 1310 1533 Si
1331 1505 1377 1540 qui
1408 1512 1472 1532 vero
1495 1506 1569 1532 hunc
1593 1511 1756 1539 corporeum
1784 1508 1880 1538 putent

1089 1558 1166 1583 esse,
1180 1551 1225 1586 qui
1245 1551 1278 1578 ad
1295 1551 1439 1586 imaginem
1461 1550 1700 1578 etsimilitudinem
1724 1550 1770 1577 Dei
1794 1550 1879 1577 factus

1087 1601 1145 1628 est,
1166 1595 1250 1624 Deum
1275 1597 1363 1631 ipsum
1389 1603 1565 1631 corp0reum,
1589 1600 1617 1623 et
1640 1595 1766 1622 humana:
1784 1594 1879 1622 form:

1087 1642 1212 1670 videntur
1229 1642 1366 1673 inducere,
1380 1642 1452 1676 quod
1466 1642 1570 1669 sentire
1589 1642 1623 1668 de
1639 1640 1695 1667 Deo
1711 1639 1880 1668 manifestis-

1088 1689 1157 1717 sime
1174 1688 1286 1723 impium
1303 1693 1354 1715 est.
1368 1697 1378 1713 ι
1402 1687 1463 1714 Mox
1488 1687 1633 1721 imaginem
1653 1686 1719 1720 Dei,
1741 1687 1774 1714 ad
1799 1694 1879 1721 quam

1087 1735 1220 1763 formatus
1235 1738 1276 1761 est
1302 1734 1395 1767 homo,
1411 1735 1498 1770 ipsum
1517 1741 1578 1761 esse
1599 1734 1699 1761 asserit
1721 1733 1879 1764 Christum,

1086 1787 1221 1818 quatenus
1244 1783 1330 1818 ﬁgura
1352 1786 1393 1809 est
1416 1781 1574 1808 substantia;
1590 1779 1653 1814 Dei,
1676 1786 1729 1806 non
1744 1783 1880 1813 quatenus

1087 1835 1201 1863 corpore
1219 1836 1234 1855 a
1253 1827 1337 1855 Maria
1359 1831 1468 1861 sumpto
1482 1826 1602 1853 indutus.
1623 1834 1633 1851 ι
1647 1825 1688 1852 Ad
1703 1825 1789 1859 hujus
1804 1831 1881 1859 ergo.

1087 1874 1190 1910 inquit,
1214 1873 1340 1908 imaginis
1367 1872 1573 1900 similitudinem
1601 1873 1683 1898 homo
1706 1870 1797 1898 factus
1823 1874 1881 1901 est.

1085 1925 1114 1947 et
1132 1924 1274 1955 propterea
1297 1919 1423 1946 Salvator
1441 1923 1541 1950 noster,
1557 1918 1603 1952 qui
1629 1920 1671 1944 est
1696 1916 1788 1951 imago
1812 1915 1881 1948 Dei',

1086 1965 1272 1993 misericordia
1288 1968 1376 1991 motus
1394 1971 1443 1998 pro
1460 1963 1578 1992 homine,
1595 1962 1640 1997 qni
1657 1962 1690 1988 ad
1714 1961 1776 1995 ejus
1801 1961 1880 1988 simi-

1086 2012 1226 2040 litudinem
1248 2010 1336 2038 factus
1362 2010 1462 2040 fuerat,
1486 2007 1580 2036 videns
1596 2014 1657 2034 eum
1683 2006 1807 2041 deposita
1833 2014 1884 2033 sua

1087 2057 1203 2092 imagine
1228 2054 1336 2090 maligni
1362 2053 1510 2088 imaginem
1535 2052 1684 2085 induxisse,
1707 2051 1767 2086 ipse
1792 2056 1882 2078 motus

1085 2101 1283 2134 misericordia,
1303 2100 1422 2134 imagine
1446 2098 1563 2126 hominis
1583 2100 1734 2131 assumpta,
1752 2097 1829 2123 venit
1847 2096 1881 2121 ad

1085 2155 1175 2175 eum.»
1194 2145 1319 2173 Ostendit
1331 2146 1459 2180 deinceps
1473 2143 1609 2179 peccando
1625 2142 1729 2170 similes
1745 2149 1798 2169 nos
1811 2140 1881 2168 efﬁci

248 2189 329 2216 misso
347 2194 436 2216 autem
456 2195 566 2225 peccato
589 2190 703 2218 formam
722 2190 795 2218 illam
816 2192 953 2224 amisisse,
971 2200 1032 2220 cum
1049 2206 1071 2233 υ
1086 2193 1208 2224 diabolo;
1226 2196 1298 2219 recte
1320 2191 1436 2227 agendo.
1454 2190 1563 2218 Christo
1584 2199 1590 2216 :
1611 2198 1621 2215 ‹
1639 2188 1693 2216 Sed
1717 2195 1813 2219 neruo,
1837 2187 1881 2214 in-

247 2244 346 2270 corpus
368 2237 418 2264 hoc
435 2238 525 2265 anima
540 2238 634 2266 subiit.
656 2238 724 2265 Tum
745 2238 843 2267 deinde
862 2241 895 2267 de
917 2239 1033 2274 Origene

248 2281 304 2309 hac
321 2283 448 2310 disserit:
469 2292 478 2309 ι
493 2283 572 2310 Aliud
589 2283 662 2311 enim
678 2283 772 2317 Deum,
786 2284 857 2311 aliud
874 2285 899 2312 id
913 2286 983 2319 quod
999 2286 1032 2313 ad

249 2328 393 2362 imaginem
413 2328 583 2356 eli'ormatum
603 2334 661 2362 est;
687 2330 760 2357 aliud
786 2331 848 2357 item
880 2331 1033 2358 similitudi-

248 2381 320 2405 nem,
339 2373 410 2401 aliud
430 2375 456 2401 id
471 2375 542 2409 quod
557 2375 590 2402 ad
613 2375 815 2402 similitudinem
834 2375 958 2404 eﬂ'ectum
973 2382 1030 2409 est,

248 2426 308 2447 esse
328 2421 471 2448 statuebat.
495 2421 584 2456 Atque
605 2422 706 2457 primas
728 2423 836 2457 quidem
854 2424 983 2458 imagines
1005 2429 1032 2451 et

247 2466 438 2494 similitudines
452 2467 497 2494 Dei
516 2467 636 2501 angelos,
655 2468 775 2502 aliasque
788 2469 901 2496 virtutes
914 2476 974 2497 esse
991 2470 1031 2496 di-

248 2513 326 2539 cebat
338 2521 345 2539 :
359 2520 408 2539 nos
422 2518 511 2540 autem
525 2513 656 2541 secundos
670 2515 704 2540 ab
719 2513 781 2546 illis,
795 2518 823 2540 ut
839 2514 957 2541 minores
969 2514 1030 2546 illis,

247 2559 292 2592 qui
309 2559 341 2585 ad
359 2558 465 2586 illorum
493 2559 596 2586 scilicet
622 2559 765 2593 imaginem
789 2558 919 2586 effnrmati
936 2559 1031 2586 simus.

248 2605 350 2633 Deinde
363 2606 395 2632 ad
408 2604 543 2632 deteriora
557 2603 713 2636 deﬂectens,
728 2603 872 2637 imaginem
889 2603 1030 2631 invisibilis

249 2650 294 2677 Dei
311 2649 482 2684 Unigenitum
497 2649 593 2676 Filium
611 2653 706 2682 vocat,
726 2648 874 2683 apostolica
891 2656 955 2676 voce
969 2657 1030 2676 cor-

248 2699 337 2728 rupta,
351 2702 400 2721 nec
414 2702 446 2722 eo
459 2695 575 2729 adjecto,
592 2693 662 2728 quod
677 2693 703 2719 in
722 2694 767 2721 illo
783 2694 922 2721 mutationi
942 2694 1030 2721 obno-

247 2740 321 2767 xium
347 2747 399 2768 non
414 2745 470 2773 est;
490 2747 592 2775 nosque
609 2740 643 2767 ad
658 2739 801 2774 imaginem
818 2740 882 2773 Dei,
906 2746 953 2766 seu
968 2739 1028 2767 Filii

284 2826 306 2842 "
325 2826 421 2855 Gcnes.
434 2836 467 2861 ιι,
481 2828 526 2855 23.
575 2828 597 2844 “
616 2828 713 2858 Gencs.
729 2837 775 2862 ιιι,
796 2828 840 2856 Ἢ.

1086 2239 1160 2275 quit,
1182 2239 1307 2273 desperet
1330 2238 1424 2265 videns
1454 2236 1660 2264 similitudinem
1685 2242 1764 2262 suam
1791 2234 1880 2267 magis

1086 2293 1147 2313 esse
1160 2292 1220 2313 cum
1239 2284 1356 2317 diabolo,
1373 2292 1453 2319 quam
1469 2291 1529 2310 cum
1547 2282 1611 2315 Deo,
1627 2288 1706 2316 posse
1730 2288 1759 2307 se
1781 2281 1879 2307 iterum

1085 2338 1245 2366 recuperare
1268 2331 1380 2357 formam
1407 2329 1533 2364 imaginis
1554 2327 1618 2358 Dei,
1641 2327 1705 2361 quia
1728 2333 1783 2352 non
1807 2326 1881 2352 venit

1086 2375 1212 2403 Salvator
1224 2383 1321 2403 vocare
1333 2375 1430 2410 justus,
1454 2374 1499 2401 sed
1514 2377 1673 2408 peccatores
1690 2371 1717 2398 in
1741 2371 1880 2405 paeniten—

1086 2422 1150 2454 tiam
1168 2421 1200 2447 ⁸⁸.
1225 2430 1234 2446 ι
1260 2420 1345 2447 Tomo
1370 2427 1477 2455 quoque
1500 2427 1534 2445 xx
1558 2419 1584 2444 iu
1608 2417 1702 2447 Ιοαη..
1731 2425 1813 2444 num.
1831 2415 1876 2443 20.

1086 2474 1146 2502 pag.
1161 2467 1225 2498 535,
1242 2466 1287 2493 Dei
1306 2473 1354 2493 nos
1367 2465 1570 2492 similitudinem
1585 2471 1726 2491 assumere
1742 2464 1795 2493 ait,
1817 2470 1878 2489 cum

1085 2512 1218 2539 mandatis
1241 2512 1324 2546 ipsius
1337 2511 1526 2545 obsequimur;
1544 2510 1654 2542 diaboli,
1676 2517 1741 2536 cum
1759 2509 1794 2535 ad
1814 2508 1877 2533 vitia

1086 2559 1246 2586 inclinantur
1265 2569 1272 2586 :
1293 2564 1347 2586 tum
1368 2559 1475 2592 subjicit
1496 2567 1502 2584 :
1520 2557 1574 2583 Καὶ
1595 2556 1674 2592 ἡμῶν
1696 2556 1726 2582 δὲ
1749 2556 1766 2590 ἡ
1791 2563 1879 2590 προη-

1083 2607 1201 2641 γουμένη
1231 2605 1378 2637 ὐπὸστασίς
1409 2607 1482 2632 ἐστιν
1505 2606 1535 2630 ἓν
1560 2603 1598 2638 τῷ
1622 2603 1683 2629 κατ’
1705 2604 1802 2628 εἰκόνα
1830 2601 1876 2627 ιτς-Ξ

1083 2652 1232 2684 κτίσαντος
1249 2653 1265 2687 ὴ
1279 2653 1306 2678 δὲ
1322 2652 1351 2684 ἐξ
1364 2652 1452 2684 αἰτίας
1465 2652 1537 2686 ἐντῷ
1553 2651 1682 2685 ληῳΟέντι
1696 2651 1754 2676 ἀπὸ
1767 2650 1814 2676 ταῦ
1829 2648 1875 2684 χον]

1083 2695 1132 2729 τῆς
1149 2696 1199 2730 γῆς
1217 2695 1371 2730 πλάσματι·
1391 2696 1437 2722 καὶ
1459 2697 1483 2722 εὶ
1502 2696 1550 2731 μὲν
1565 2695 1658 2730 ὥσπερ
1683 2695 1875 2729 ἐπιλαϐόμενει

1082 2740 1132 2776 τῆς
1144 2741 1173 2767 ἐν
1189 2742 1253 2776 ἡμῖν
1270 2741 1421 2777 κρείττονος
1435 2742 1539 2775 οὐσίας,
1554 2741 1737 2776 ὑποτάξωμεν
1763 2741 1875 2771 exstat;

889 2829 910 2846 "
930 2830 1025 2858 Gencs.
1047 2837 1076 2863 ιι,
1089 2830 1114 2857 7.
1152 2829 1174 2846 σε
1192 2828 1256 2857 Luc.
1273 2838 1296 2862 v,
1313 2830 1356 2858 3‘3.
