1927 3076
20 138 98 166 1061

456 141 744 170 ORIGENIANORUM
763 142 829 171 LlB.
850 142 881 170 ll.
904 141 982 170 CAP.
1001 142 1024 170 ll
1055 142 1196 176 ρυιεετ.
1216 142 1274 171 ΧΙΙ.

1590 145 1659 174 1062

17 197 60 233 τῷ
73 197 134 224 ἀπὸ
145 197 193 224 τόῦ
208 197 257 233 χοῦ
269 197 418 233 πλάσματι,
434 198 481 225 καὶ
493 199 523 225 τὺ
536 199 659 235 κρεῖττον
668 199 717 235 τὴν
727 199 808 226 εἰκόνι

871 199 965 225 faciem
980 198 1064 233 ipsius
1081 198 1195 233 spiravit
1219 199 1300 233 Deus,
1323 199 1454 235 Spiritum
1476 208 1599 230 sanctum
1613 210 1661 230 ac-

16 243 70 270 τόὖ
88 244 183 279 χοϊκοῦ
203 243 328 279 λήψεται,
343 245 366 270 εὶ
382 244 410 270 δὲ
428 244 552 277 συνέντες
574 245 604 271 τὸ
625 245 736 281 ποιηθὲν
756 245 817 272 κατ’

16 290 130 321 εἰκόνα,
142 290 190 316 καὶ
203 289 233 316 τὸ
244 289 344 325 ληφθὲν
352 290 406 316 ἀπὸ
417 289 464 316 τοῦ
476 290 523 326 χοῦ
533 290 582 326 τῆς
590 290 652 326 γῆς,
663 290 718 317 ὅλοι
734 298 818 326 προσ-

16 336 141 371 νεύομεν
159 336 228 371 πρὸς
241 336 342 368 τοῦτον,
355 334 386 364 οὗ
399 338 459 363 κατ’
473 337 564 363 εἰκόνα
576 337 737 373 γεγόναμεν,
755 337 817 363 ἐσό-

17 381 97 417 μεθα
117 382 166 408 καὶ
182 381 242 409 καθ’
255 382 383 417 ὁμοίωσιν
401 381 480 414 Θεοῦ,
500 383 589 409 πᾶσαν
601 382 650 418 τὴν
671 383 739 419 πρὸς
752 382 817 417 ὓλην

14 429 66 454 καὶ
79 427 200 463 σώματα
213 428 410 464 προσπάθειαν,
425 429 472 454 καὶ
482 428 531 464 τὴν
543 429 611 465 πρός
621 437 681 455 τινα
690 428 744 455 τῶν
755 428 816 455 καθ’

14 474 158 509 ὁμοίωσιν
175 474 369 509 ammon-cz;
379 483 385 489 ·
399 480 426 502 et
440 483 515 502 num.
525 475 569 507 2i,
581 483 641 510 pag.
653 474 707 502 542
720 475 817 502 ι”Οσον

17 521 70 555 μὲν
96 518 147 547 οὖν
169 520 204 556 ζῇ
223 521 238 546 ὁ
255 520 413 556 ἄνθρωπος,
434 521 465 547 οὗ
484 521 561 557 φορεῖ
581 520 630 556 τὴν
655 520 703 548 τοῦ
723 520 816 556 χοϊκοῦ

15 566 117 592 εἰκόνα
128 577 135 581 ~
155 565 335 602 ἀποθνήσκων
354 566 398 598 δὲ,
419 566 466 592 καὶ
481 566 675 602 ἀναιρούμενος
698 567 750 593 ὑπὸ
768 566 816 594 τοῦ

14 612 262 648 ἀνθρωποκτόνου,
275 612 332 647 ἅμα
345 621 374 638 τε
387 613 492 647 συνέχει
505 612 552 647 τὴν
568 613 613 639 τοῦ
631 612 698 639 Θεοῦ
714 614 815 645 εἰκόνα,

15 658 66 684 καὶ
76 658 270 693 ἀναλαμϐάνει
279 658 326 694 τὴν
334 658 381 684 τοῦ
391 658 482 693 χοϊκοῦ
491 659 537 685 καὶ
545 659 651 694 νεκροῦ”
660 660 756 695 νεκρὸς
763 659 817 696 γὰρ

14 704 30 730 ὁ
44 704 156 739 χοῐκδς,
170 703 264 739 ὥσπερ
275 703 328 735 ζῶν
346 707 359 730 ό
374 704 543 740 ἐπουράνιος.
556 704 723 732 Manifeslius
735 706 816 732 etiam

16 749 85 776 illud
100 757 117 777 e
133 749 182 777 lib.
197 757 226 777 ιιι
237 749 307 784 Περὶ
322 749 432 784 ἀρχῶν,
447 758 506 785 cap.
522 751 549 782 6,
567 758 640 777 num.
655 751 665 778 l
685 760 691 778 :
709 760 718 777 ι
735 751 818 786 igitur

16 803 164 822 summum
176 795 275 822 bonum
285 795 317 822 ad
327 795 399 830 quod
411 801 504 823 natura
516 795 682 824 rationabilis
693 796 818 824 universa

16 842 149 874 festinat,
165 841 237 876 quod
254 842 334 868 etiam
354 841 414 869 linis
433 841 551 868 onmium
567 842 675 874 dicitur,
690 849 705 868 a
721 849 816 877 quam-

17 888 156 923 plurimis
172 887 255 916 etiam
279 887 499 923 philosophorum
517 888 568 915 hoc
587 889 665 915 modo
686 889 816 915 termina-

868 245 950 279 cepit.
965 244 1063 272 Verum
1084 249 1238 279 postremus
1255 245 1298 272 ille
1311 245 1435 281 Origenis
1453 247 1527 276 locus
1540 255 1573 276 ex
1596 256 1659 284 pro-

867 291 940 318 xime
961 290 1122 326 praacedenti
1146 291 1320 326 explicandus
1344 297 1405 320 est:
1425 293 1498 320 unde
1517 294 1659 328 apparebit

848 335 949 363 'vitam
981 335 1068 370 ipsum
1093 335 1235 362 mortalem
1267 342 1327 362 cum
1357 336 1445 364 futura
1481 345 1657 373 comparasse

833 874 854 902 Β

867 382 941 415 vita,
964 386 990 409 et
1015 381 1185 409 existimasse
1209 388 1257 408 nos
1275 381 1301 408 in
1329 382 1401 409 illam
1425 384 1601 418 prodeuntes,
1623 385 1658 412 ab

867 432 928 455 ortu
946 427 1072 462 praeferre
1094 427 1239 462 imaginem
1257 427 1316 459 Dei,
1337 428 1388 455 hoc
1407 433 1459 462 est,
1477 434 1506 456 ut
1529 430 1568 458 ait
1588 431 1655 465 ipse,

870 482 880 499 ι
893 473 1099 508 possibilitatem
1118 472 1294 508 perfectionis
1302 473 1434 502 divinitus
1448 475 1551 508 datam,
1566 485 1575 502 ι
1600 481 1655 504 ιιιιιι

867 526 927 546 cum
961 523 1100 546 crearetur
1135 517 1271 552 Adamus;
1303 519 1490 548 adumbratam
1518 529 1583 550 vero
1608 529 1657 558 per

868 569 941 592 recte
966 564 1037 592 facta
1066 565 1282 597 similitudinem,
1305 565 1331 592 in
1363 566 1486 601 sequenti
1510 575 1577 601 aevo,
1600 569 1657 596 sive

872 620 881 637 ι
897 611 923 638 in
941 611 1206 645 consummatione,»
1232 612 1359 639 omnibus
1381 613 1501 640 numeris
1519 613 1552 641 iri
1577 615 1657 643 abso-

867 658 962 685 lutum.
977 657 1052 691 Quod
1072 658 1094 685 si
1118 658 1260 692 imaginem
1288 658 1333 685 Dei
1357 658 1423 685 nihll
1441 658 1513 686 aliud
1530 667 1591 688 esse
1606 668 1656 688 vo-

867 704 916 731 luit
940 703 1085 738 Origenes,
1108 711 1189 739 quam
1219 713 1229 729 (
1250 703 1458 738 possibilitatem
1480 706 1655 740 perfectionis

867 750 994 778 divinitus
1012 750 1133 781 datam,»
1153 753 1182 776 ut
1200 757 1255 784 prae
1276 757 1305 778 se
1327 750 1380 777 fert
1403 751 1547 779 ltuliniana
1570 753 1656 781 inter-

866 797 997 831 pretatio,
1018 795 1140 830 sequitur
1162 795 1249 830 ipsum
1275 796 1432 830 neutiquam
1461 798 1601 826 censuisse
1621 806 1654 827 ea

867 843 998 870 Adamum
1017 841 1163 873 excidisse,
1180 841 1279 876 quippe
1297 849 1378 877 quem
1401 843 1478 878 plena
1499 851 1653 879 nunquam-

868 897 919 916 non
943 888 1070 916 libertate
1094 887 1240 914 fruiturum
1259 895 1318 915 esse
1335 889 1489 917 sexcenties
1513 898 1654 919 assevera-

19 939 75 966 tur,
98 934 167 968 quia
183 941 318 961 summum
333 934 431 962 bonum
454 934 499 967 sit,
518 938 596 969 prout
618 933 746 968 possibile
762 938 815 967 est,
867 935 911 962 rit.
926 935 1054 962 Eamdetn
1069 941 1150 969 porro
1172 934 1298 968 imaginis
1309 940 1337 962 et
1354 935 1540 964 similitudinis
1555 936 1653 964 distin-

18 980 143 1008 similem
159 979 218 1007 fieri
233 979 298 1007 Deo.
313 979 365 1006 Sed
383 980 434 1007 hoc
448 988 500 1007 non
519 985 572 1006 tam
587 980 705 1014 ipsorum
722 980 815 1007 inven-

16 1031 86 1060 tum,
104 1033 192 1061 quam
206 1032 240 1052 ex
255 1025 353 1052 divinis
374 1025 450 1053 libris
472 1026 506 1053 ab
521 1026 562 1054 eis
577 1031 713 1060 sumptum
736 1032 812 1061 puto.

16 1072 75 1100 Hoc
91 1079 216 1106 namque
230 1071 330 1100 indicat
344 1071 449 1107 Moyses
470 1077 534 1100 ante
554 1079 657 1106 omnes,
680 1080 742 1100 cum
760 1074 815 1108 pri-

16 1126 90 1146 mam
108 1118 295 1146 conditionem
310 1119 428 1146 hominis
442 1124 554 1146 enarrat
569 1119 682 1147 dicens:
699 1119 732 1146 Et
747 1119 815 1147 dixit

16 1165 90 1192 Deus
105 1174 113 1192 :
130 1163 276 1191 Faciamus
292 1164 423 1192 hominem
437 1165 471 1191 ad
488 1165 627 1199 imaginem
646 1169 670 1192 et
690 1165 815 1192 similitu-

14 1212 107 1238 dinem
127 1215 256 1237 nostram.
279 1210 353 1237 Tunc
377 1210 473 1238 deinde
494 1210 568 1238 addit
585 1220 592 1238 :
610 1211 642 1238 Et
663 1212 726 1245 fecit
745 1212 814 1239 Deus

15 1257 166 1290 hominem,
185 1256 219 1283 ad
237 1256 286 1283 Dei
302 1256 441 1291 imaginem
462 1256 522 1290 fecit
542 1265 611 1289 eum,
626 1257 771 1284 masculum
789 1262 814 1285 et

15 1304 151 1337 feminam
164 1303 222 1337 fecit
240 1310 293 1337 eos,
307 1308 331 1330 et
346 1303 479 1330 benedixit
494 1303 531 1330 eis
544 1303 576 1330 ⁵⁷.
594 1301 650 1330 lloc
663 1311 728 1338 ergo
743 1303 813 1338 quod

14 1349 101 1382 dixit,
139 1349 182 1375 Ad
202 1348 342 1384 imaginem
358 1348 405 1375 Dei
428 1348 492 1383 fecit
514 1356 582 1381 etun,
609 1353 635 1376 et
659 1348 693 1376 de
719 1348 814 1376 simili-

16 1394 115 1421 tudine
131 1393 216 1426 siluit,
229 1401 282 1420 non
299 1393 371 1421 aliud
394 1393 505 1425 indicat,
521 1393 573 1420 nisi
596 1392 667 1427 quod
689 1393 813 1426 imaginis

14 1439 183 1474 dignitatem
204 1440 231 1466 in
249 1439 336 1474 prima
359 1439 513 1467 conditione
528 1439 665 1473 percepit;
683 1439 813 1466 similitu-

14 1485 89 1512 dinis
105 1492 173 1512 vero
191 1484 322 1520 perfectio
335 1485 362 1511 in
379 1484 614 1512 consumtnatione
630 1489 736 1512 servata
752 1489 810 1512 est:

14 1531 127 1559 scilicet
144 1535 173 1557 ιιι
184 1531 246 1565 ipse
255 1530 306 1558 sibi
318 1537 377 1558 eam
396 1530 512 1565 propria:
524 1530 661 1557 industriae
673 1529 767 1557 studiis
778 1537 810 1557 ex

14 1577 62 1604 Dei
87 1576 245 1604 imitatione
263 1576 459 1607 conscisceret,
478 1583 540 1602 cum
563 1575 743 1610 possibilitate
758 1576 809 1602 sibi

15 1623 198 1658 perfectionis
215 1623 342 1651 divinitus
357 1623 418 1649 data
434 1629 484 1656 per
499 1622 623 1656 imaginis
639 1621 809 1656 dignitatem,

14 1671 42 1697 in
53 1671 110 1697 line
120 1669 230 1696 demum
241 1675 288 1703 per
295 1675 406 1703 operum
415 1668 593 1701 expletionem
605 1667 751 1702 perfectam
760 1668 810 1696 sibi

14 1715 292 1752 ipsesimilitudinem
307 1719 529 1742 consummaret:
545 1724 554 1740 ι
571 1719 598 1741 et
613 1714 678 1742 illud
694 1721 709 1741 e
723 1715 769 1742 lib.
783 1722 810 1742 tv

14 1764 41 1790 in
59 1763 152 1798 Epist.
169 1763 203 1789 ad
224 1761 311 1794 Rom.,
330 1769 405 1790 num.
431 1762 460 1795 5,
477 1769 539 1797 pag.
554 1762 627 1789 550:
651 1772 661 1788 ι
676 1762 704 1789 in
724 1763 808 1791 initiis

15 1810 112 1841 homo,
129 1817 190 1836 cum
209 1809 374 1844 propositum
401 1808 495 1836 fuisset
516 1813 545 1836 ut
559 1809 593 1836 ad
616 1809 759 1844 imaginem
780 1814 807 1837 et

13 1857 227 1884 similitudinem
240 1856 285 1884 Dei
299 1856 384 1889 ﬂeret,
397 1856 431 1884 ad
443 1856 584 1892 imaginem
598 1856 707 1891 quidem
721 1856 808 1884 factus

13 1909 74 1937 est,
96 1902 250 1931 similitudo
270 1907 359 1930 autem
379 1901 460 1929 dilata
486 1906 538 1934 est,
559 1902 594 1929 ob
609 1902 662 1929 hoc
684 1907 712 1929 ut
734 1902 808 1937 prius

13 1948 172 1977 confideret
192 1947 220 1974 in
238 1947 333 1978 Deum,
348 1950 375 1973 et
391 1946 427 1974 ita
449 1946 526 1974 ﬂeret
549 1946 645 1974 similis
658 1946 694 1978 ei,
708 1951 736 1973 et
751 1947 808 1981 ipse

13 1995 129 2023 audiret
149 1993 212 2029 quia
238 1992 332 2020 similis
348 1992 374 2020 ei
399 1992 445 2019 fiet
468 1992 558 2019 omnis
574 1992 619 2026 qui
645 1991 758 2019 conlidit
782 1993 807 2019 in

13 2047 87 2068 enim.
103 2048 117 2065 ι
136 2039 212 2066 Hanc
226 2038 351 2073 imaginis
364 2042 392 2065 et
406 2037 590 2065 similitudinis
604 2036 807 2065 distinctionem

12 2086 129 2113 videtur
152 2083 344 2118 perstrinxisse
370 2082 536 2113 lilelhodius,
568 2089 628 2109 cum
653 2082 763 2117 scripsit
781 2082 807 2109 in

12 2131 85 2157 libro
110 2127 149 2155 De
163 2127 362 2159 resurrectione,
376 2126 467 2154 datum
488 2125 572 2153 fuisse
591 2126 692 2153 homini
708 2135 721 2153 ει
742 2127 806 2159 Deo,

11 2177 43 2203 τὺ
58 2174 190 2207 θεοειδὲς,
205 2175 252 2200 καὶ
266 2171 423 2204 θεοείκελον,
440 2172 488 2199 καὶ
507 2172 596 2199 πάντα
615 2172 681 2208 πρὸς
701 2173 808 2209 ἐκείνην

825 1553 848 1583 C

865 980 982 1008 ctionent
1014 980 1184 1007 retinueruttt
1224 980 1380 1008 Victorinus
1415 980 1462 1009 lib.
1488 989 1495 1008 ι
1527 982 1653 1010 adversus

864 1027 969 1059 Arium,
985 1031 1012 1054 et
1024 1026 1174 1054 Eucherius
1188 1026 1375 1061 Lugdunensis
1391 1027 1436 1055 lib.
1452 1035 1460 1054 ι
1475 1027 1502 1053 in
1519 1027 1651 1060 Certatim,

865 1077 892 1100 et
914 1071 1022 1100 Nicetas
1040 1071 1078 1106 ~in
1107 1071 1240 1100 Thesauro
1255 1072 1418 1108 pri/mdeste
1446 1073 1528 1108 ﬁdei,
1552 1073 1599 1102 lib.
1614 1082 1652 1108 tv,

864 1118 931 1146 liter.
944 1126 1019 1146 ιλιι.

899 1161 933 1191 X.
954 1163 993 1190 Ex
1022 1163 1206 1197 superioribus
1230 1163 1275 1191 lux
1300 1164 1462 1192 conciliatur
1482 1165 1599 1193 obscuro
1619 1173 1653 1193 ac

865 1208 965 1236 dillieili
982 1208 1108 1243 Origenis
1122 1209 1179 1236 loco
1199 1214 1263 1237 tom.
1282 1217 1326 1237 xtv
1347 1211 1374 1237 in
1393 1209 1501 1243 Matth.,
1518 1218 1593 1238 num.
1607 1210 1650 1243 l6,

864 1262 924 1290 pag.
938 1254 999 1287 658,
1015 1255 1060 1282 ubi
1078 1255 1112 1282 ab
1127 1255 1282 1284 hominibus
1295 1256 1340 1291 qui
1356 1256 1437 1284 humo
1450 1257 1558 1285 formati
1576 1262 1650 1290 sunt,

864 1307 910 1328 eos
924 1300 1072 1334 distinguit,
1088 1301 1132 1335 qui
1153 1301 1185 1328 ad
1204 1301 1250 1328 Dci
1267 1302 1469 1330 similitudinem
1493 1302 1568 1331 fuere
1586 1311 1651 1338 pro-

864 1345 966 1373 creati:
984 1346 1116 1382 Ὕστερον
1138 1347 1192 1382 γάρ
1209 1356 1273 1374 ποτε
1291 1348 1413 1379 ἐκείνων,
1435 1349 1533 1383 inquit,
1549 1349 1651 1376 ἔπλασε

863 1391 964 1427 Κύριος
981 1393 996 1419 ὁ
1009 1393 1080 1427 ,Θεὸς
1098 1393 1143 1419 τὸν
1165 1393 1318 1429 ἄνθρωπον,
1335 1394 1398 1428 χοῦν
1415 1394 1504 1421 λαϐὼν
1521 1395 1577 1422 ἀπὸ
1601 1395 1650 1430 τῆς

861 1440 925 1475 γῆς,
938 1439 983 1465 καὶ
998 1439 1051 1465 ἀπὸ
1062 1439 1112 1475 τῆς
1127 1440 1247 1475 πλευρᾶς
1264 1440 1344 1466 αὐτοῦ
1363 1440 1411 1476 τὴν
1432 1441 1537 1476 βοηθόν.
1553 1441 1652 1469 Faclos

863 1484 960 1519 quippe
981 1485 1014 1512 ad
1034 1485 1178 1520 imaginem
1202 1486 1249 1513 Dei
1274 1486 1415 1518 homines,
1439 1487 1580 1514 interiores
1603 1488 1652 1515 ho-

863 1530 949 1558 mines
966 1536 993 1559 et
1019 1532 1156 1567 spiritales
1175 1532 1311 1567 intelligit,
1334 1532 1473 1559 seusillum
1498 1540 1530 1560 ac
1554 1540 1651 1568 corpo-

864 1577 958 1604 ralium
983 1585 1073 1605 rerum
1101 1580 1264 1613 contagione
1289 1579 1434 1605 innmmes.
1460 1577 1538 1606 Unde
1557 1579 1650 1606 statim

861 1623 953 1656 adjicit
966 1632 972 1650 :
990 1623 1125 1651 Οὐδέποτε
1140 1624 1195 1660 γὰρ
1208 1625 1276 1660 γυνὴ
1294 1625 1353 1650 κατ’
1367 1625 1469 1655 εἰκόνα,
1485 1625 1544 1651 οὐδὲ
1560 1625 1630 1661 ἀνὴρ
1640 1633 1648 1641 ·

861 1669 917 1696 ἀλλ’
939 1670 964 1696 οἱ
988 1669 1037 1706 μὲν
1062 1670 1253 1705 διαφέροντες,
1275 1669 1374 1706 ἆρρεν·
1404 1670 1429 1696 οι
1455 1669 1484 1696 δὲ
1510 1669 1649 1705 δεύτεροι,

861 1714 938 1750 θῆλυ.
957 1715 1007 1748 Qui
1022 1715 1097 1742 carni
1110 1720 1201 1742 autem
1217 1715 1298 1742 dediti
1320 1720 1394 1747 sunt,
1405 1719 1434 1742 et
1450 1714 1529 1742 ﬂuxis
1546 1723 1578 1742 ac
1590 1723 1650 1743 sor-

859 1760 930 1788 didis
946 1761 1026 1787 rebus
1047 1760 1226 1792 delectantur,
1246 1767 1294 1787 eos
1317 1767 1378 1788 esse
1397 1760 1493 1788 statuit
1517 1760 1604 1787 virum
1621 1765 1649 1787 et

859 1813 982 1838 uxorem,
1005 1807 1074 1833 duos
1090 1813 1185 1840 nempe
1200 1805 1227 1832 in
1242 1812 1294 1832 una
1310 1812 1401 1832 carne.
1421 1804 1552 1832 Similiter
1571 1805 1649 1832 Philo

859 1852 995 1880 hominem
1010 1860 1044 1880 ex
1059 1853 1142 1880 humo
1158 1852 1251 1880 llctutn
1274 1852 1309 1880 ab
1323 1859 1356 1879 eo
1373 1851 1490 1886 seiungit
1503 1855 1530 1878 et
1553 1859 1647 1879 secer-

859 1898 909 1931 nit,
922 1899 967 1933 qni
980 1898 1013 1925 ad
1025 1898 1170 1933 imaginem
1182 1898 1228 1925 Dei
1242 1902 1351 1926 creatus
1362 1901 1418 1930 est;
1431 1897 1478 1925 sed
1496 1904 1552 1924 rem
1567 1897 1648 1925 aliter

858 1944 990 1980 explicat;
1007 1944 1079 1972 hunc
1092 1944 1192 1979 quippe
1208 1944 1345 1971 hominem
1363 1950 1424 1970 esse
1444 1943 1501 1969 vult
1520 1947 1546 1970 et
1564 1943 1648 1979 ἀρχό-

858 1999 942 2017 τυπον
953 1995 981 2018 et
990 1990 1095 2025 νοητὸν,
1104 1990 1160 2018 sive
1174 1990 1291 2017 hominis
1305 1990 1404 2022 ideam,
1418 1996 1477 2024 quae
1492 1989 1538 2016 Dei
1560 1990 1644 2016 tuenti

859 2037 940 2070 inest,
958 2036 1032 2064 illum
1060 2043 1125 2063 vero
1142 2036 1260 2063 hominis
1286 2042 1348 2063 esse
1372 2034 1512 2061 mortalem
1535 2042 1568 2062 ac
1590 2040 1645 2062 ter-

858 2090 970 2115 renum,
989 2082 1022 2109 ad
1044 2081 1123 2116 hujus
1145 2081 1258 2109 formam
1281 2088 1450 2116 expressum.
1473 2080 1565 2114 inique
1582 2087 1646 2115 ergo

859 2128 1046 2156 consuleretur
1068 2128 1095 2155 in
1112 2128 1273 2163 Origenem,
1295 2127 1317 2155 si
1335 2134 1367 2154 ex
1385 2134 1418 2154 eo
1441 2127 1501 2154 loco
1522 2126 1646 2154 Praeada-

859 2176 939 2202 mitas
967 2175 1102 2202 invexisse
1134 2175 1259 2202 homines
1287 2179 1456 2209 argueretur,
1483 2180 1543 2200 cum
1577 2172 1645 2200 alias

12 2219 253 2256 ἁπηκριόωμένην
272 2218 320 2255 τὴν
347 2218 521 2254 πρωτότυπον
544 2218 591 2245 τοῦ
619 2219 740 2254 Πατρὸς,
763 2219 808 2246 καὶ

862 2228 932 2255 saepe
944 2221 1077 2248 Adamum
1096 2221 1130 2248 ab
1149 2221 1226 2248 initio
1245 2228 1335 2247 rerum
1356 2228 1371 2246 a
1392 2221 1446 2247 Deo
1461 2224 1581 2247 creatum
1601 2226 1645 2246 as-

12 2266 192 2301 Μονογενοῦς
219 2265 320 2292 εἰκόνα.
348 2274 357 2291 ι
373 2265 517 2299 imaginem
551 2271 582 2291 ac
605 2265 805 2292 similitudinem

14 2315 61 2342 Dei
80 2311 224 2348 praeferre,
245 2316 272 2339 et
288 2310 378 2338 omnia
395 2311 427 2337 ad
451 2309 597 2344 perlectam
623 2310 692 2337 hanc
718 2310 806 2338 Patris

12 2368 44 2387 ac
72 2359 214 2394 Unigeniti
244 2357 428 2393 primigeniam
453 2356 601 2391 elllgiem.)
622 2355 806 2391 Reprehendit

12 2409 39 2436 id
58 2414 172 2443 quoque
193 2405 336 2433 Jausenius
359 2409 423 2432 tom.
438 2404 464 2438 l,
483 2403 529 2431 lib.
544 2411 580 2435 ll,
599 2411 660 2438 cap.
675 2403 702 2437 7,
726 2404 805 2438 quasi

12 2462 61 2488 per
78 2453 227 2488 imaginem
242 2451 288 2479 Dei
303 2451 404 2478 Adamo
421 2450 590 2484 impressmn,
604 2452 700 2477 annuae
718 2450 803 2477 solum

11 2500 224 2536 inspirationem
240 2497 327 2524 notari
351 2496 483 2531 putaverit
499 2495 645 2531 Origenes;
661 2503 710 2531 per
729 2495 805 2523 sitni—

10 2548 159 2575 litudinem
172 2552 246 2577 vero,
260 2544 402 2571 habitualis
415 2543 508 2578 gratia:
520 2543 682 2571 inlusionem
694 2543 804 2578 (schola:

10 2593 98 2621 Verba
129 2590 322 2625 usurpamus);
350 2597 383 2616 ac
409 2589 521 2624 proinde
545 2589 706 2624 Origenem,
731 2589 802 2616 nulla

10 2639 110 2674 gratiae
131 2637 212 2671 hujus
235 2635 380 2662 habituaiis
400 2636 462 2662 dote
485 2635 647 2663 instructum
675 2635 700 2662 in
724 2643 802 2663 crea-

11 2687 88 2712 tione
108 2683 258 2711 credidisse
281 2682 432 2713 Adamum,
456 2687 536 2716 atque
562 2689 621 2708 eam
641 2681 676 2708 ab
699 2681 803 2709 actibus

10 2736 98 2759 lotam
122 2728 313 2764 suspendisse;
338 2735 424 2761 eoque
441 2728 554 2754 multum
580 2729 612 2755 de
636 2733 739 2755 natura:
761 2728 803 2754 in-

10 2782 96 2814 tegrze
110 2776 243 2811 dignitate
259 2775 415 2810 derogaSsc,
435 2774 461 2802 in
482 2781 534 2809 qua
547 2773 677 2807 Adamus,
691 2781 752 2801 cum
774 2773 802 2801 in

44 2865 68 2882 "
90 2864 190 2894 Cenes.
205 2871 224 2897 t,
238 2862 327 2890 26-28.

857 2271 940 2299 serat,
955 2274 986 2294 ac
1002 2267 1117 2301 primum
1135 2266 1271 2293 hominem
1285 2265 1412 2300 appellet.
1430 2265 1550 2300 lniquius
1562 2269 1644 2292 etiam

857 2311 1043 2340 consuleretur
1058 2312 1084 2338 in
1101 2312 1206 2345 ipsum,
1230 2311 1252 2338 si
1267 2318 1300 2337 ex
1319 2312 1370 2337 hoc
1386 2310 1481 2342 altero,
1497 2318 1577 2344 quem
1596 2318 1645 2337 ex-

856 2358 931 2385 hibet
939 2357 1088 2384 Methodius
1096 2358 1166 2392 apud
1188 2356 1325 2387 Photium,
1335 2356 1396 2383 cod.
1410 2363 1526 2387 ccxxxv,
1539 2357 1642 2382 erroris

855 2405 974 2439 ejusdem
1000 2404 1205 2431 insimularetur
1225 2414 1230 2430 :
1250 2402 1318 2430 Οΰτε
1338 2400 1385 2428 οὖν
1409 2402 1462 2429 ἀπὸ
1485 2402 1586 2436 Ἀδὰμ,
1605 2401 1643 2432 ὥς

855 2449 919 2484 φασί
934 2457 1017 2481 τινες,
1033 2448 1164 2484 πρότερον
1179 2449 1229 2475 οὐκ
1244 2448 1281 2475 ὢν
1297 2449 1312 2475 ό
1326 2447 1479 2483 ἄνθρωπος,
1492 2447 1551 2472 τότε
1569 2446 1643 2482 πρῶ-

854 2505 899 2528 τος
914 2495 1044 2527 πλασθεὶς
1059 2497 1099 2526 εἰς
1115 2495 1216 2530 κόσμον
1236 2494 1373 2530 παρῆλθεν
1383 2502 1390 2508 ·
1408 2493 1469 2519 οὕτε
1490 2491 1522 2518 αὖ
1541 2492 1642 2527 κόσμος

854 2541 906 2577 πρὸ
918 2540 948 2572 ἓξ
968 2540 1079 2576 ἡμερῶν
1094 2540 1143 2575 τῆς
1159 2540 1207 2566 τοῦ
1229 2540 1314 2574 Ἀδὶμ
1333 2538 1465 2573 γενέσεως
1483 2537 1582 2571 ἦρξα.το
1595 2536 1642 2571 δη-

855 2586 1052 2622 μιουργεῖσθαι·
1083 2596 1093 2612 ι
1109 2585 1202 2620 Neque
1230 2593 1295 2620 ergo
1319 2584 1353 2611 ab
1373 2584 1487 2615 Adamn,
1513 2587 1541 2608 ut
1565 2582 1641 2607 aiunt

854 2633 972 2669 quidam,
994 2634 1074 2661 homo
1093 2632 1138 2666 qui
1159 2638 1239 2658 antea
1262 2639 1314 2658 non
1335 2635 1409 2662 erat,
1435 2634 1498 2656 tunc
1523 2628 1638 2662 primum

858 2680 989 2707 formatus
1003 2679 1028 2706 in
1042 2678 1170 2705 muttdum
1185 2678 1257 2704 venit
1271 2687 1277 2704 :
1293 2683 1380 2710 neque
1395 2682 1502 2702 rursum
1524 2673 1640 2700 mundus

856 2732 919 2753 ante
933 2733 981 2754 sex
997 2725 1052 2752 dies
1065 2732 1145 2759 quam
1162 2723 1237 2750 fieret
1248 2723 1345 2754 Adam,
1360 2721 1437 2749 condi
1454 2725 1558 2755 coeptus
1569 2724 1637 2746 est.»

855 2772 913 2801 Non
931 2772 976 2800 hic
991 2770 1099 2806 quidem
1116 2769 1320 2801 Prazadamitas,
1343 2773 1372 2796 ut
1391 2767 1491 2796 dictum
1511 2770 1570 2798 est,
1592 2765 1638 2792 sed
