1927 3076
250 141 320 171 1065

886 134 917 163 Ρ.
937 133 1095 162 DANIELIS
1110 131 1231 160 HUE’I‘II

1810 125 1875 155 1005

249 202 326 239 pejus
345 202 408 237 quid
424 200 517 236 ﬁngit;
532 206 630 235 nempe
645 202 710 226 ante
726 199 800 226 hunc
813 199 945 226 mundum
959 205 1038 225 mnn-
1052 199 1075 228 Α
1090 194 1149 230 ﬁd.,
1165 194 1211 222 lib.
1224 201 1262 228 IV,
1272 193 1424 224 haer.xxxt,
1438 195 1465 219 et
1483 190 1526 219 his
1536 189 1663 218 omnibus
1677 187 1818 223 antiquior
1826 188 1876 215 Eu-

250 249 299 276 dos
312 247 379 274 alios
393 245 539 274 exstitisse.
554 244 599 271 Ait
614 244 714 278 quippe
728 243 881 271 Methodius
894 242 931 270 ibi
946 242 1035 278 ipsum

250 293 284 321 de
294 291 411 320 universi
427 290 579 318 aeternitate
597 289 742 317 disserere.

521 367 686 403 QUA'ZSTIO
706 368 774 395 XIII.

252 416 308 449 (56)
335 423 368 443 ne
397 422 563 443 ALLEGORICA
591 421 745 442 somnone:
775 420 1035 441 INTERPRETATIONE.

251 462 271 490 I.
287 463 425 498 Allegoriit
440 463 524 498 νηίηιὶε
550 459 963 498 indulsisseOrigenethatres
983 460 1038 485 cla-

287 495 370 524 maui.
389 497 419 524 II.
439 497 519 524 Varia
534 497 682 530 u/feruntur
696 495 752 522 loca
770 496 797 521 in
813 495 906 529 quibus
923 495 1037 520 litteram

285 533 355 560 visus
368 539 405 560 est
419 531 634 567 pessumdedisse.
649 530 690 558 III.
704 531 723 556 Α
741 530 833 567 quibus
847 538 952 567 merent
970 530 1038 567 (tunc

288 565 492 601 interpretanda:
525 566 672 600 Scriptura:
702 565 845 601 acceperit,
877 565 1036 598 acquiritur.

288 603 331 631 IV.
348 600 421 630 Idem
437 602 580 635 aliquando
606 609 679 627 suam
703 600 796 626 litterae
812 600 966 632 dignitatem
982 607 1037 625 ser-

287 644 340 666 uat.
357 638 388 665 ν.
405 634 569 671 Ilefellunmr
587 635 721 671 Eustatltii
739 634 893 662 Antiocheni
913 634 1038 661 adversus

290 673 414 708 Origenir
429 670 572 707 allegorias
587 670 710 706 querelw.

288 754 309 782 I.
333 753 554 788 Quandoquidem
589 751 731 787 theologia:
768 750 973 778 fundamentum
999 754 1041 778 est

256 801 396 835 Scriptura
415 806 509 830 sacra,
532 802 563 826 et
581 805 613 825 ex
639 797 776 832 perversis
803 796 861 824 fere
884 801 1039 824 sanctorum

255 846 386 873 librorum
401 843 672 878 interpretationibus
687 842 804 869 haereses
822 841 950 876 profectae
966 845 1039 873 sunt,

1087 242 1202 270 stathius
1224 239 1410 268 Antiocltenus
1434 238 1460 265 in
1486 237 1555 264 libro
1583 235 1623 263 De
1647 235 1874 269 engaslrimytho,

1085 288 1162 323 cujus
1176 286 1346 315 incursiones
1361 285 1387 313 in
1403 284 1546 320 Origenem
1561 286 1589 311 et
1604 281 1726 311 assultus
1742 280 1814 308 infra
1832 288 1876 308 re-

1088 335 1242 362 tundemus.

1123 381 1152 408 ll.
1170 380 1271 408 Jurene
1292 386 1326 406 an
1344 377 1440 412 injuria
1463 376 1497 404 lis
1523 384 1555 404 ea
1581 375 1713 403 adversus
1733 373 1878 409 Origenem

1088 433 1159 455 mota
1177 428 1231 458 sit,
1251 427 1402 454 videamus.
1420 424 1496 459 Saepe
1518 423 1626 459 quidem
1641 423 1805 450 historicum
1818 429 1880 449 seu-

1087 481 1146 500 sum
1165 472 1379 508 proculeandum
1403 478 1436 498 ac
1452 469 1680 497 contemnendum
1697 476 1759 496 esse
1775 467 1855 495 docet
1872 476 1879 493 :

1088 519 1158 546 velut
1175 518 1220 546 lib.
1250 525 1275 545 Vl
1304 522 1396 544 contra
1421 516 1503 549 σοις..
1528 523 1604 545 num.
1632 515 1678 546 70,
1708 515 1744 541 Τὸ
1765 512 1882 548 πράμμα

1087 564 1268 595 ἀποκτείνει,
1282 563 1315 590 τὸ
1331 562 1366 590 δὲ
1380 562 1498 597 πνεῦμα
1511 560 1664 597 {ft-tortam?-
1689 561 1811 596 γράμμα
1836 561 1882 594 μὲν

1087 611 1136 647 τὴν
1152 609 1282 646 αἰσθητὴν
1294 609 1432 644 ὠνόμασεν
1452 607 1564 643 ἐκδοχὴν
1580 607 1634 633 τῶν
1647 605 1728 633 θείων
1749 605 1883 641 γραμμὰ-

1088 665 1153 688 των,
1171 655 1278 691 πνεῦμα
1295 655 1323 681 δὲ
1336 655 1384 691 τὴν
1401 655 1509 690 νοητήν.
1529 653 1640 685 Ibidem,
1655 659 1731 679 num.
1747 652 1783 678 60
1797 656 1826 678 et
1838 651 1880 682 6|,

1091 703 1236 738 imperitia
1254 695 1301 729 eos
1317 701 1407 736 arguit
1421 701 1468 735 qui
1481 701 1561 727 rebus
1574 698 1753 734 procreandis
1775 704 1825 724 sex
1839 704 1883 723 ve-

1091 757 1136 776 ros
1160 748 1217 776 dies
1243 749 1327 775 Deum
1356 746 1533 782 insumpsisse
1563 749 1662 780 putant
1685 751 1692 769 :
1717 748 1746 771 et
1770 743 1820 770 lib.
1836 750 1884 775 vn,

1092 802 1165 822 num.
1181 794 1225 825 20.
1239 793 1366 820 refellens
1390 791 1510 824 Celsum,
1536 791 1581 825 qui
1611 790 1736 817 instituta
1758 790 1883 823 quaedam

1092 839 1191 866 Christi
1205 839 1328 866 Mosaicae
1347 837 1398 872 legi
1410 837 1544 865 contraria
1566 842 1626 863 esse
1652 835 1818 870 pugnabat,
1836 835 1885 861 du-

255 891 399 927 plurimum
426 889 580 925 reipublicae
610 889 772 917 Christiana:
799 889 929 920 interest,
954 887 1043 914 salvos
1059 883 1079 910 Β
1095 885 1192 920 pliccm
1218 892 1278 911 esse
1295 884 1382 918 legem
1402 882 1564 918 respondet,
1582 881 1697 908 alteram
1717 879 1796 913 juxta
1814 879 1885 906 litte-

255 946 350 966 eorum
367 941 508 971 sartosquc
527 943 639 963 servare
656 943 762 967 sensus,
783 940 811 962 et
827 934 940 961 nitniutn
961 933 989 960 in
1011 941 1043 960 ea

257 984 416 1019 explicanda
444 982 552 1017 ingenio
581 989 630 1009 suo
661 981 874 1016 permittentium
905 980 1044 1007 hominum

256 1030 434 1064 quorumdam
473 1029 609 1056 licentiam
643 1034 780 1055 coercere.
813 1025 984 1060 Propositum
1019 1024 1045 1051 id

257 1076 336 1103 unit-e
355 1075 405 1102 fuit
427 1074 540 1102 vetustis
561 1073 691 1101 Ecclesia:
709 1072 846 1104 Patribus,
871 1075 901 1097 ut
924 1078 958 1098 ex
982 1077 1045 1104 per-

257 1121 346 1156 petuis
361 1120 468 1147 illorum
485 1119 615 1147 adversus
633 1118 782 1152 Scriptura:
806 1120 978 1151 corruptores
1001 1122 1047 1142 ve-

259 1166 428 1194 litationibus
452 1165 643 1199 intelligimus;
660 1163 728 1190 adeo
751 1167 780 1189 ut
803 1162 947 1197 Origenes,
976 1160 1047 1196 quod

259 1213 285 1240 in
311 1211 410 1239 divinis
438 1210 621 1238 voluminibus
655 1207 839 1236 cdissereudis
875 1206 1048 1240 pessumdata

259 1265 463 1292 nonnunquam,
480 1256 522 1284 vel
541 1256 664 1291 neglecto
686 1254 815 1282 historico
834 1260 926 1285 sensu,
946 1251 1046 1286 allego-

261 1304 325 1332 ricis
345 1301 558 1337 expositionibus
572 1301 610 1328 rei
625 1300 768 1327 veritatem
793 1298 961 1327 oblimasset,
979 1295 1046 1323 mul-

261 1355 350 1377 torum
369 1348 585 1376 insitnulationes
599 1347 676 1374 vivus
690 1346 838 1378 vidensque
858 1348 984 1378 expertus
1001 1343 1048 1373 sit,

261 1397 290 1418 ut
309 1392 367 1426 ipse
380 1391 504 1425 queritur
527 1389 620 1417 liomil.
633 1389 667 1415 15
682 1389 709 1415 iu
730 1387 836 1418 Gener”
853 1393 927 1413 nunt.
939 1385 976 1412 ὅτ
996 1393 1005 1409 t
1021 1383 1049 1411 Si

261 1444 326 1473 ergo
347 1437 476 1471 incipiam
490 1439 517 1463 et
532 1442 592 1470 ego,
608 1434 714 1468 inquit,
730 1438 851 1460 veterum
868 1431 939 1458 dicta
955 1430 1048 1458 discu—

264 1489 330 1517 tere,
346 1489 373 1510 et
386 1491 494 1510 sensum
520 1482 546 1509 in
566 1482 606 1509 eis
628 1488 751 1516 quaerere
774 1479 941 1515 spiritalem;
965 1478 987 1505 si
1005 1485 1052 1505 c0<

264 1534 343 1556 natus
366 1528 443 1556 fuero
459 1528 580 1555 velamen
610 1526 676 1561 legis
697 1533 833 1558 amovere,
857 1529 884 1551 et
909 1524 1052 1551 ostendere

266 1574 411 1610 allegorica
425 1581 486 1601 esse
503 1580 562 1608 quae
579 1573 678 1607 scripta
701 1577 774 1604 sunt,
790 1570 862 1598 fodio
877 1570 985 1604 quidem
1001 1577 1052 1605 pu-

265 1626 338 1652 teos;
357 1619 403 1646 sed
424 1619 515 1646 statim
533 1618 598 1645 mihi
621 1617 768 1645 movebunt
791 1616 945 1644 calumnias
973 1615 1053 1642 amici

265 1666 373 1698 litterae,
387 1670 414 1692 ct
431 1664 629 1692 insidiabantur
644 1663 723 1695 mihi,
739 1661 900 1689 inimicitias
914 1661 1052 1694 continuo,

264 1716 292 1739 et
304 1711 506 1747 persecutiones
522 1710 664 1745 parabunt,
680 1709 822 1735 veritatem
839 1712 968 1742 negantes
982 1712 1055 1734 stare

264 1765 344 1793 posse
360 1758 412 1784 nisi
430 1764 512 1791 super
527 1761 654 1783 terram»
668 1754 700 1782 Et
714 1755 840 1789 quoniam
859 1753 962 1788 perlate
982 1757 1056 1787 patet

267 1803 317 1830 iste
339 1810 425 1835 error,
443 1802 644 1836 multorumque
664 1808 788 1829 errorum
807 1800 889 1827 veluti
908 1806 984 1833 seges
1002 1803 1055 1830 est,

267 1849 368 1876 idcirco
389 1857 405 1876 e
437 1855 533 1875 novem
568 1847 802 1875 criminationibus
829 1854 843 1872 a
868 1845 1005 1879 I’autpltilo
1028 1844 1055 1870 in

268 1895 396 1930 Apologia
412 1895 542 1928 collectis,
563 1899 659 1928 quarta
674 1899 701 1921 et
715 1899 789 1921 sexta
806 1901 837 1920 eo
858 1892 995 1926 pertinere
1013 1898 1057 1917 re-

269 1943 418 1977 periuntur.
443 1941 610 1976 Theophilus
633 1947 752 1974 quoque,
776 1937 922 1965 Pnclml.t
939 1946 946 1964 :
967 1946 976 1962 ‹
993 1936 1057 1969 Qua:

268 1988 341 2014 cnim
360 1987 433 2014 illutn
455 1987 536 2019 ratio,
559 1986 657 2020 inquit,
676 1986 737 2020 quis
757 1985 967 2019 disputationum
991 1982 1057 2008 ordo

272 2033 407 2067 perduxit,
429 2037 459 2060 ut
478 2033 612 2066 allegoriae
629 2031 732 2058 umbris
747 2035 774 2058 et
795 2030 880 2056 cassis
896 2028 1058 2062 imaginibus

272 2079 473 2113 Scripturarum
487 2077 592 2104 tolleret
600 2074 761 2103 veritatem?
774 2083 821 2099 ι-
831 2084 839 2099 ι
847 2073 991 2099 Veritatem
1002 2072 1043 2098 his
1052 2085 1058 2091 -

274 2124 361 2157 toriae,
374 2133 383 2150 ι
403 2123 627 2158 aitEpiphanius,
640 2122 718 2156 epist.
727 2121 761 2147 ad
776 2120 856 2146 Joun.
868 2117 985 2149 λεν-θεοί,
998 2125 1058 2151 cap.

273 2170 309 2204 2,
327 2180 337 2196 ι
352 2169 487 2204 allegoriae
514 2169 665 2203 depravatis
681 2167 838 2198 mendacio,
854 2165 956 2191 inlittita
980 2162 1059 2190 verba

276 2216 457 2250 multiplicat:
469 2224 478 2241 ι
495 2215 564 2249 quod
577 2215 667 2242 eidem
680 2213 773 2247 objicit
789 2212 853 2238 liter.
869 2219 943 2243 thv,
959 2217 1017 2244 cap.
1032 2209 1058 2242 4,

276 2262 421 2297 udjicitque
436 2262 468 2288 ad
485 2261 613 2288 falsarum
629 2259 785 2294 opinionum
807 2257 961 2292 praesidium
984 2256 1061 2282 testi-

277 2309 365 2336 tnouia
385 2308 564 2342 scriptoribus
590 2306 677 2334 sacris
703 2311 844 2339 perperam
871 2303 957 2329 atlieta
975 2302 1008 2328 ab
1032 2308 1064 2328 eo

277 2353 377 2380 afferri.
402 2354 500 2380 Eadem
522 2353 555 2380 de
576 2360 657 2380 causa
682 2351 754 2378 hunc
773 2350 864 2384 culpat
885 2348 1065 2383 Ilieronymns

277 2400 304 2427 in
327 2400 406 2434 epist.
421 2398 473 2432 6I-,
495 2399 529 2424 ad
548 2397 718 2430 Pammac/t.,
743 2404 803 2431 cap.
827 2396 853 2422 5.
870 2397 904 2421 At
927 2395 953 2421 itt
976 2401 1065 2428 cap.x

277 2444 407 2476 Danielis,
432 2444 532 2471 nomini
550 2443 675 2477 Origenis
692 2442 822 2476 pepercit,
836 2448 893 2467 rem
915 2440 999 2474 ipsam
1017 2446 1065 2466 co-

277 2491 374 2526 arguit.
399 2489 557 2523 Coarguttnt
576 2494 603 2515 et
623 2488 737 2515 Basilius
753 2488 827 2514 hom.
840 2487 856 2514 9
880 2486 908 2512 in
924 2485 1064 2516 llexttent.,

276 2543 304 2564 et
320 2532 530 2572 Cltrysostomus
551 2534 645 2562 Iiotnil.
661 2535 693 2561 I3
707 2534 732 2560 in
747 2532 850 2566 Grues,
862 2537 887 2558 et
900 2530 1065 2565 Augustinus

277 2582 325 2610 lib.
338 2590 386 2609 xm
405 2581 441 2608 De
457 2582 526 2608 civit.
543 2581 601 2614 Dei,
617 2587 676 2614 cap.
687 2580 732 2610 2|,
745 2585 772 2606 et
788 2579 835 2605 lib.
851 2586 898 2604 vut
918 2577 953 2603 De
969 2575 1075 2602 Genes.’

278 2627 314 2655 ad
334 2629 426 2660 liuen,
451 2635 510 2663 cap.
533 2628 566 2660 1,
590 2632 618 2654 et
642 2626 804 2653 Anastasius
830 2624 934 2651 Sinaita
960 2623 1006 2649 lib.
1027 2628 1061 2648 vn

279 2675 396 2708 Auagog.
423 2674 611 2708 contemplat.,
645 2677 672 2698 et
696 2671 811 2698 Michael
842 2669 939 2705 Glycas
965 2667 1062 2695 Annal.

280 2723 348 2751 part.
363 2726 400 2751 tv,
423 2723 449 2745 et.
465 2718 573 2746 Ncelas
589 2717 737 2744 Cboniates
759 2716 784 2743 in
803 2715 936 2743 Thesauro
959 2713 1062 2740 ονιΙιοιι.

615 2766 636 2782 ⁸⁸
651 2765 736 2792 Exod.
755 2773 774 2797 ι,
791 2764 833 2791 i7.

317 2764 339 2780 "
356 2765 454 2793 Ezeclt.
472 2774 518 2799 xx,
530 2766 576 2793 25.
615 2766 636 2782 "
651 2765 736 2792 Exod.
755 2773 774 2797 ι,
791 2764 833 2791 I7.
873 2763 896 2779 7°
912 2762 978 2790 ibid.
996 2761 1042 2790 2|.

1066 1556 1087 1584 C

1096 939 1173 963 ram,
1198 930 1310 956 alteram
1338 929 1417 963 juxta
1439 927 1622 960 intellectum;
1647 926 1736 960 legem
1760 932 1823 960 qua:
1846 930 1886 951 est

1095 977 1162 1013 πρὸς
1172 977 1202 1003 τὸ
1211 976 1291 1012 ῥητὸν
1302 995 1309 1007 ,
1322 975 1355 1001 ab
1374 974 1514 1001 Ezechiele
1525 974 1548 989 ⁸⁸
1570 972 1697 1006 appellari
1714 971 1886 1006 δικαιώματα

1095 1025 1125 1051 οὐ
1143 1024 1223 1054 καλὰ,
1238 1023 1284 1049 καὶ
1299 1021 1498 1058 προστάγματα
1514 1019 1544 1046 οὗ
1558 1019 1645 1046 καλά·
1673 1024 1701 1045 at
1716 1019 1804 1052 legem
1829 1025 1886 1054 quae

1079 1074 1081 1077 '
1096 1075 1138 1097 est
1152 1069 1219 1105 πρὸς
1233 1068 1351 1094 διάνοιαν
1362 1087 1369 1099 ,
1392 1067 1425 1093 ab
1448 1065 1541 1093 eodem
1567 1064 1693 1100 propheta
1714 1063 1887 1098 δικαιώματα

1097 1115 1188 1147 καλά,
1205 1119 1232 1141 et
1258 1114 1458 1148 προστάγματα
1481 1111 1550 1137 καλά
1564 1109 1724 1144 nuncttpari.
1747 1109 1822 1136 Idem
1844 1109 1889 1135 ho-

1098 1163 1154 1190 tnil.
1181 1162 1197 1189 6
1221 1161 1248 1188 in
1264 1159 1370 1190 Genes.,
1400 1167 1476 1186 num.
1501 1159 1528 1185 5.
1551 1167 1560 1184 ι
1583 1157 1648 1190 Quze
1677 1156 1766 1188 nobis,
1790 1156 1886 1189 inquit,

1097 1207 1240 1235 aedificatio
1252 1206 1303 1233 erit
1315 1205 1471 1240 legentibus
1486 1203 1623 1230 Abraham
1644 1207 1750 1229 tantum
1777 1201 1890 1234 patriar-

1099 1255 1187 1285 cham,
1211 1260 1263 1279 non
1291 1252 1377 1279 solum
1405 1250 1547 1278 mentitum
1569 1256 1629 1276 esse
1657 1248 1799 1274 Abimelec
1826 1247 1889 1280 regi,

1099 1299 1146 1326 sed
1161 1304 1189 1326 et
1200 1298 1354 1333 pudicitiam
1369 1297 1490 1331 conjugis
1502 1295 1653 1330 prodidisse
1664 1294 1676 1315 τ
1687 1293 1756 1326 Quid
1770 1301 1821 1320 nos
1831 1292 1890 1319 tedi—

1100 1345 1162 1372 Iicat
1177 1345 1241 1371 lauti
1260 1343 1423 1379 patriarcha:
1435 1350 1511 1374 uxor,
1525 1342 1547 1369 si
1561 1344 1670 1375 putetur
1683 1339 1890 1366 contaminatio—

1100 1393 1180 1420 nibus
1195 1391 1317 1426 exposita
1339 1397 1388 1425 per
1414 1387 1613 1416 conniventiam
1635 1385 1814 1413 maritalem?
1834 1383 1890 1411 Haec

1100 1437 1183 1464 Judaei
1197 1442 1300 1472 putent,
1314 1441 1340 1464 et
1357 1436 1378 1463 si
1397 1434 1442 1469 qui
1457 1442 1517 1462 cum
1533 1433 1574 1460 eis
1596 1437 1660 1459 sunt
1677 1431 1786 1458 'litterte
1804 1430 1889 1460 amici,

1101 1492 1153 1510 non
1180 1484 1300 1517 spiritus.
1321 1493 1330 1508 ι
1359 1482 1392 1509 Ει
1416 1480 1511 1508 ltomil.
1541 1479 1574 1506 10
1594 1477 1740 1512 sequenti,
1763 1484 1839 1504 num.
1855 1476 1890 1508 4:

1106 1539 1114 1554 ε
1134 1530 1210 1563 Saepe
1224 1529 1280 1562 jam
1298 1528 1352 1554 dixi
1370 1526 1480 1562 quodin
1506 1525 1548 1552 bis
1565 1531 1617 1551 non
1636 1522 1761 1550 historiae
1784 1529 1892 1548 narran-

1106 1581 1159 1606 tur,
1183 1575 1229 1601 sed
1255 1573 1383 1609 mysteria
1409 1575 1600 1599 centexuntur.
1620 1578 1628 1594 ι
1653 1568 1773 1595 Ilomilia
1801 1566 1893 1593 vero!

1104 1622 1131 1648 in
1142 1620 1243 1652 E10d.,
1259 1627 1333 1647 num.
1347 1618 1358 1645 I
1376 1628 1382 1645 :
1400 1627 1409 1643 ‹
1425 1617 1453 1645 Si
1464 1616 1610 1645 secundum
1624 1614 1748 1642 historia:
1764 1614 1892 1640 narratio-

1106 1675 1167 1694 ttcm
1186 1664 1358 1700 suscipienda
1372 1668 1466 1691 essent
1478 1669 1537 1697 qua:
1562 1661 1664 1695 scripta
1685 1664 1766 1690 suntI
1791 1659 1893 1685 videtur

1105 1712 1155 1739 hoc
1169 1710 1240 1746 quod
1258 1710 1323 1737 dicit
1338 1708 1478 1743 Scriptura
1491 1727 1499 1740 ,
1515 1707 1577 1742 quia
1601 1714 1653 1733 non
1673 1705 1795 1739 [et-erunt
1819 1704 1894 1729 obue-

1107 1758 1183 1784 trices
1206 1756 1348 1783 secundum
1366 1754 1435 1790 quod
1455 1756 1612 1788 pra-ceperat
1632 1751 1655 1778 ei
1677 1758 1725 1776 rea:
1736 1749 1846 1784 Egnati
1864 1748 1893 1778 υ,

1106 1809 1179 1830 stare
1192 1809 1245 1828 non
1260 1808 1358 1835 posse;
1377 1809 1386 1825 ι
1405 1803 1432 1826 et
1456 1798 1536 1834 paulo
1560 1801 1622 1832 post
1644 1805 1652 1824 :
1672 1805 1682 1822 ι
1700 1795 1764 1822 Haec
1791 1793 1895 1821 interim

1106 1853 1216 1883 propter
1229 1855 1276 1874 eos
1290 1847 1336 1881 qui
1351 1846 1431 1873 amici
1443 1850 1505 1872 sunt
1515 1844 1623 1875 litterae,
1637 1846 1665 1869 et
1679 1849 1734 1868 non
1747 1843 1846 1875 putant
1864 1838 1898 1865 le-

1108 1902 1167 1928 gem
1181 1893 1334 1928 spiritalem
1358 1899 1433 1924 esse,
1458 1895 1485 1917 et
1503 1888 1663 1924 spiritaliter
1683 1886 1896 1920 intelligendam.

1109 1939 1161 1966 Sed
1178 1946 1227 1965 nos
1239 1938 1284 1972 qui
1297 1937 1388 1964 omnia
1404 1944 1463 1970 quae
1473 1935 1573 1970 scripta
1591 1938 1672 1964 sunt,
1699 1939 1754 1958 non
1772 1939 1823 1966 pro
1838 1938 1898 1957 nar-

1110 1984 1263 2012 rationibus
1276 1983 1481 2018 antiquitatum,
1498 1981 1544 2008 sed
1562 1987 1610 2015 pro
1625 1978 1774 2013 disciplina
1787 1983 1817 2005 et
1830 1977 1899 2004 utili-

1110 2035 1165 2056 tate
1188 2034 1280 2056 uostra
1304 2029 1447 2055 didicimus
1471 2027 1589 2061 scripta,
1616 2034 1626 2051 ι
1644 2030 1719 2057 etc.;
1743 2030 1771 2052 et
1795 2023 1897 2054 deinde,

1112 2084 1185 2103 num.
1198 2076 1233 2102 Ξῖ
1247 2074 1335 2107 «Quia
1350 2075 1474 2101 timebant
1490 2073 1638 2100 obstetrices
1661 2070 1747 2098 Deum
1759 2091 1766 2102 ,
1784 2070 1899 2104 fecerunt

1111 2122 1159 2148 sibi
1188 2120 1318 2147 domos".
1343 2119 1420 2153 Quod
1436 2119 1535 2146 dictum
1563 2117 1661 2145 nullam
1682 2115 1898 2150 consequentiam

1112 2168 1259 2195 sccundtttn
1292 2166 1410 2193 litteram
1439 2164 1540 2192 habere
1569 2167 1679 2198 potest;
1705 2171 1716 2187 ι
1744 2166 1773 2188 et
1800 2166 1899 2194 postea,

1077 2230 1098 2256 υ
1115 2222 1189 2240 intui.
1204 2213 1221 2240 5
1260 2221 1269 2238 t
1286 2212 1373 2239 Nolite
1388 2216 1497 2246 putare,
1517 2215 1546 2237 ut
1559 2217 1631 2244 stepe
1648 2209 1705 2243 jam
1715 2198 1900 2237 diximus,“-

1114 2265 1200 2286 terum
1220 2259 1297 2285 vobis
1327 2257 1431 2284 fabulas
1458 2255 1579 2288 recitari,
1606 2255 1653 2282 sed
1677 2253 1771 2281 doceri
1796 2259 1845 2278 vos
1860 2259 1900 2285 per

1114 2305 1181 2336 lucc,
1207 2309 1236 2330 ut
1256 2303 1412 2338 agnoscatis
1434 2302 1555 2329 ordinem
1579 2300 1650 2327 vitae.
1679 2308 1689 2325 ›
1717 2297 1838 2325 Homilia
1863 2304 1901 2323 sc-

1114 2350 1217 2384 qnenti,
1234 2357 1308 2376 nttm.
1332 2349 1361 2382 2,
1381 2349 1437 2376 luce
1462 2348 1557 2375 scribit
1580 2355 1587 2373 :
1615 2356 1625 2372 ι
1645 2345 1679 2373 Ει
1706 2350 1734 2372 tu
1759 2351 1828 2379 ergo
1855 2343 1898 2369 nisi

1114 2397 1271 2424 ascenderis
1286 2397 1319 2423 ad
1339 2401 1457 2423 montem
1470 2395 1527 2426 Dei,
1546 2398 1572 2421 et
1585 2394 1622 2420 ibi
1633 2391 1793 2419 occurreris
1811 2389 1898 2425 Moysi.

1118 2443 1143 2470 id
1159 2448 1209 2475 cst,
1224 2442 1277 2470 nisi
1292 2442 1430 2469 excelsum
1451 2441 1516 2476 legis
1529 2439 1690 2467 ascenderis
1707 2445 1838 2467 sensum,
1856 2435 1899 2461 nisi

1116 2487 1149 2514 ad
1175 2487 1305 2521 spiritalis
1327 2487 1512 2522 intelligentiae
1535 2493 1667 2512 cacuuteu
1690 2484 1832 2513 evaseris,
1855 2488 1900 2508 non

1116 2539 1157 2560 est
1173 2542 1205 2561 os
1222 2539 1297 2560 tuum
1317 2538 1441 2567 apertum
1462 2540 1478 2559 a
1499 2532 1623 2559 Domino.
1640 2530 1667 2557 Si
1693 2531 1721 2557 in
1736 2529 1831 2557 Innuih
1849 2527 1901 2553 loco

1117 2579 1216 2606 litterae
1229 2579 1351 2611 steteris,
1368 2584 1395 2606 et
1407 2578 1527 2606 historia:
1543 2582 1646 2604 textum
1664 2575 1790 2603 Jutlaicis
1813 2582 1900 2601 narra-

1118 2625 1236 2651 tionibus
1254 2625 1386 2657 innectas,
1404 2631 1456 2651 non
1471 2622 1617 2650 occurristi
1640 2621 1726 2657 Moysi
1744 2622 1770 2648 in
1792 2624 1900 2646 montem

1119 2669 1175 2699 Dei,
1189 2676 1238 2696 nec
1252 2677 1284 2696 os
1297 2674 1371 2696 tuum
1389 2669 1497 2703 aperuit
1510 2668 1589 2699 Deus.
1618 2675 1710 2700 neque
1733 2665 1860 2693 instruxit
1879 2667 1901 2688 lc

1116 2721 1176 2748 quae
1187 2719 1312 2749 oporteat
1326 2719 1351 2741 tc
1363 2713 1448 2748 loqui.
1466 2723 1475 2739 ι
1494 2712 1609 2740 Iiomilia
1628 2712 1660 2739 II
1677 2712 1705 2739 in
1723 2712 1900 2739 Iibrumeum-

318 2821 374 2855 (56)
397 2822 432 2849 Ue
449 2822 578 2849 methodo
600 2830 680 2855 quam
697 2822 729 2849 ad
750 2820 965 2854 interpretandas
989 2818 1145 2853 Scripturas
1160 2818 1210 2846 sibi
1227 2819 1364 2853 propriam
1391 2817 1455 2847 fecit
1479 2817 1617 2853 Origenes,
1641 2817 1704 2845 vide
1718 2817 1898 2845 Praefationem

282 2861 400 2883 nostram
417 2862 489 2884 tomo
502 2857 626 2892 Origettis
639 2858 754 2885 secundo
777 2860 808 2890 (ι.
819 2856 878 2890 XII)
894 2856 1040 2890 pl‘J‘IIX‘JItt.
