1927 3076
97 121 169 152 [063

515 120 800 152 οιιιςΕΝιΑΝοιιυΜ
821 122 884 149 LIB.
903 121 935 155 ll,
954 123 1029 150 CAP.
1050 123 1083 155 ll,
1104 120 1242 156 QUASST.
1259 123 1327 151 XIII.

1646 127 1659 156 1
1664 127 1716 154 066

91 185 166 218 dem,
182 191 256 212 num.
272 184 300 216 2,
318 184 381 212 talia
396 191 502 219 quoque
513 183 636 211 ollendas
651 192 659 210 :
678 193 687 210 ι
703 183 732 210 SI
750 183 810 218 quis
825 187 877 216 est,
893 188 916 216 Α
930 182 1063 210 humanas
1078 185 1262 217 supereminet
1276 184 1369 220 Ieges‘,
1384 190 1412 212 et
1429 192 1493 213 vere
1513 185 1563 212 Dei
1586 185 1629 212 lex
1654 193 1716 213 esse

89 231 139 266 qui
163 231 255 266 legens
280 230 399 266 Moysen:
421 235 573 257 murmurat
593 230 724 257 adversus
748 236 828 262 eum,
849 233 877 256 ct

90 275 216 310 displicet
230 275 254 304 ei
272 275 314 302 lex
329 282 389 310 quae
405 275 554 302 secundum
573 275 691 302 litteram
708 274 807 309 scripta
822 279 875 308 est,

88 321 162 356 quod
175 321 202 348 in
219 320 311 348 tnultis
323 329 374 348 non
392 321 501 348 videtur
512 329 624 349 servare
642 321 875 356 consequentiam,

87 367 210 394 ostendit
225 367 250 394 ei
274 366 380 402 Moyses
412 371 528 402 petram,
543 374 602 402 qua:
620 372 661 395 est
681 367 821 400 Christus,
849 372 876 395 et

88 411 271 440 adduciteum
280 412 313 439 ad
325 412 420 447 ipsam,
435 418 463 439 ut
476 412 537 440 inde
555 413 628 440 bibat
649 418 676 441 et
688 413 791 441 reliciat
802 414 874 441 sitim

88 464 179 484 suam.
191 465 200 482 ι
213 456 327 484 Homilia
340 457 356 483 5
365 458 392 484 in
402 457 522 490 Levitic.,
534 466 608 486 Illltll.
619 458 646 490 5,
660 456 768 486 Iudaeos
784 459 875 494 inepte

85 507 117 530 et
130 502 263 531 inutiliter
284 510 408 531 servasse
428 504 466 530 ait
483 509 646 538 praeceptum
659 523 667 535 ,
686 511 740 538 quo
756 503 876 531 immun-

85 548 185 576 doruut
204 553 232 576 et
246 549 406 576 cadaverum
421 553 562 576 contactus
575 549 744 584 prohibetur,
755 554 836 584 atque
848 549 874 576 id

88 593 236 629 allegorice
250 594 452 630 intelligendum
470 601 532 622 esse
548 594 646 627 tradit,
663 595 732 629 quod
744 599 772 622 et
785 595 811 622 in
828 595 876 622 bo-

85 639 172 667 lnil.7
185 640 212 666 In
222 637 341 672 Levitic.,
366 647 440 669 num.
454 640 472 668 4
493 645 522 668 et
544 648 614 676 seq.,
637 640 729 668 multis
747 640 873 668 inculcat.

83 683 222 713 Praeterea
233 685 343 713 humilia
355 685 450 713 eadem
466 684 493 718 5,
513 693 588 713 num.
605 685 632 719 8,
646 689 809 721 praeceptum
825 685 876 713 Le-

83 732 162 759 vitici
184 739 322 766 exponens
335 751 343 765 ,
359 731 431 766 quod
448 738 497 766 pro
525 735 637 766 peccato
652 739 704 759 non
726 736 875 765 spontaneo

83 779 200 806 arietem
219 776 422 804 immaculatum
446 776 515 804 siclo
530 781 625 804 sancto
642 781 763 812 emptum
782 775 874 805 oll'crri

80 824 181 862 jubet,
207 822 356 851 secundum
384 822 503 849 litteram
523 823 670 850 absurdum
697 823 724 850 id
739 830 801 851 esse
827 823 875 851 de-

929 229 1062 256 creditur.
1080 236 1090 254 ι
1113 228 1229 256 llomilia
1257 229 1273 256 ϐ
1296 229 1324 256 in
1349 229 1461 263 Isaiam,
1489 238 1563 258 num.
1581 229 1609 263 ι,
1624 229 1713 265 aliqua

929 274 1029 302 asserit
1050 274 1146 311 haberi
1169 275 1196 301 iu
1222 272 1393 310 Evangelils,
1414 280 1477 310 qna:
1497 275 1572 310 juxta
1596 275 1714 303 litteram

929 320 996 347 l'alsa
1008 320 1064 348 sint
1078 324 1108 348 et
1123 321 1280 353 mendacia;
1297 318 1375 356 quale
1391 321 1454 349 illttd
1473 321 1627 350 Servatoris
1653 329 1716 350 esse

929 366 994 394 dicit
1011 374 1018 393 :
1033 366 1062 394 St'
1076 366 1253 398 credideritis,
1272 375 1324 395 non
1334 368 1418 395 solum
1431 377 1490 403 qua:
1508 377 1554 403 ego
1567 369 1636 403 facio
1647 387 1655 401 ,
1670 369 1713 403 {av

929 409 1020 441 cietis,
1045 410 1090 436 sed
1113 415 1137 436 et
1160 408 1263 445 majora
1286 411 1380 438 horum
1404 412 1505 446 facietis
1518 413 1540 428 '”
1562 417 1568 439 ε
1591 417 1619 439 at
1634 412 1713 447 juxta

929 453 1080 488 spiritalem
1097 461 1218 488 sensum,
1238 454 1338 489 majora
1360 455 1461 484 Christi
1485 457 1613 491 operibus
1632 465 1713 492 opera

928 500 1066 534 apostolus
1079 500 1214 533 edidisse;
1230 500 1367 528 Christum
1379 501 1479 536 quippe
1492 502 1614 530 homines
1632 510 1641 528 t
1652 509 1714 530 cor-

928 545 1069 580 poraliter,
1087 555 1097 573 »
1123 547 1200 589 Ιιοεκι
1219 546 1393 580 spiritualiter
1411 557 1420 573 ι
1442 555 1568 576 sanasse.
1593 549 1679 577 Tomo
1695 556 1714 577 ι

928 593 956 619 in
966 590 1057 625 Joan.,
1071 600 1145 620 num.
1158 593 1186 626 2,
1205 594 1349 621 veritatem
1366 594 1571 629 Evangeliorum
1595 596 1711 628 servari,

927 645 1075 673 eorumque
1089 639 1287 668 dissonantiam
1302 639 1369 668 solvi
1386 641 1493 668 nonnisi
1512 648 1559 675 per
1572 648 1713 677 anagogcn

927 691 1009 719 posse
1026 685 1135 718 scribit;
1151 690 1177 713 et
1192 685 1219 712 in
1233 682 1316 714 Joun.
1335 694 1368 718 ιι,
1384 686 1417 713 15
1438 691 1466 713 et
1480 694 1551 721 seq.,
1570 695 1646 714 num.
1669 687 1713 720 I0,

928 726 1044 760 dubitat,
1064 735 1193 755 reveraue
1209 730 1404 757 nummularios
1420 735 1447 758 et
1469 731 1595 766 propolas
1613 732 1713 766 templo

927 774 1079 802 exturbarit
1094 774 1231 808 Christus,
1248 776 1285 803 uti
1300 776 1445 811 Evangelia
1469 782 1582 805 narrant
1598 786 1606 805 ς
1620 785 1714 813 quem-

930 820 1074 847 admodum
1100 820 1239 848 columbas
1261 827 1288 849 et
1306 827 1425 850 turtures
1440 830 1489 858 pro
1503 823 1615 851 Christo
1635 823 1714 851 obla-

83 869 186 900 cernit,
206 873 233 895 et
249 867 283 894 ad
307 867 477 902 spiritualem
496 867 696 903 expositionem
709 869 804 897 trahit,
819 867 875 897 llo-
890 868 912 896 Β
928 869 980 898 tos,
995 865 1068 893 aliud
1081 865 1185 902 aliquid
1197 875 1277 902 quam
1290 868 1423 902 volucres,
1448 878 1457 895 α
1472 869 1593 897 divinum
1607 869 1714 898 Scilicet

83 915 162 942 milia
178 913 195 940 4
210 913 243 941 ad
260 914 417 941 mandatum
436 914 469 940 de
485 914 588 950 azymis
599 933 606 947 ,
622 922 681 949 qua
694 915 818 950 quisquis
833 920 875 942 te-

85 959 192 995 tigerit,
208 958 407 987 sanctiﬁcatum
423 959 455 986 iri
474 958 516 986 lex
532 959 629 992 sancit,
645 959 686 987 sic
704 960 744 988 ait
756 968 831 989 nttm.
847 959 873 988 7.

88 1015 98 1031 ε
119 1006 263 1032 Enimvero
283 1003 358 1032 nullo
378 1003 457 1031 modo
474 1003 516 1031 vel
529 1004 567 1031 rei
585 1007 694 1038 natura,
713 1004 755 1032 vel
773 1005 875 1033 veritas

86 1051 230 1087 religionis
243 1051 294 1079 hoc
307 1050 423 1085 recipit;
439 1055 467 1077 et
484 1050 544 1078 ideo
559 1049 725 1078 redeundum
742 1051 820 1079 nobis
833 1056 876 1080 est

84 1098 121 1124 ad
138 1097 324 1133 expositiones
344 1096 517 1131 evangelicae
537 1101 621 1132 atque
647 1097 831 1131 apostolicas,
846 1102 876 1125 ut

84 1142 131 1170 lex
145 1143 231 1178 possit
254 1142 379 1177 intelligi.
403 1141 460 1170 Nisi
488 1142 561 1169 enim
582 1141 704 1170 velamen
731 1142 875 1171 abstulerit

86 1189 260 1225 Evangelium
270 1189 303 1216 de
318 1188 388 1216 facie
403 1187 499 1223 Moysi,
515 1195 567 1215 non
586 1192 673 1223 potest
686 1187 771 1216 videri
787 1187 875 1216 vultus

85 1236 215 1270 ejus.nec
232 1242 328 1263 sensus
341 1234 400 1269 ejus
412 1233 535 1268 intelligi.
551 1232 615 1260 Vide
623 1240 688 1268 ergo
704 1233 838 1269 quomodo
848 1234 874 1261 in

86 1283 208 1311 Ecclesia
234 1281 418 1316 apostolorum
448 1280 574 1314 discipuli
610 1280 709 1308 adsunt
738 1279 781 1308 his
813 1287 874 1315 quas

84 1327 203 1364 onses-
211 1327 331 1363 scripsit,
359 1331 387 1354 et
407 1325 556 1353 defendunt
571 1332 614 1358 ea,
632 1325 704 1361 quod
724 1331 751 1353 et
767 1325 874 1361 impleri

85 1378 198 1409 queant,
215 1378 243 1401 et
264 1372 464 1401 rationabiliter
487 1371 589 1406 scripta
614 1376 679 1399 sunt
695 1380 703 1399 :
717 1370 874 1399 Iudaeorum

84 1428 152 1448 vero
168 1419 293 1447 doctores
308 1439 316 1451 ,
332 1423 359 1446 et
375 1417 554 1453 impossibilia
571 1419 628 1445 hac
639 1436 647 1450 ,
663 1421 690 1445 et
705 1417 875 1445 irrationabi-

84 1467 135 1499 lia,
146 1470 290 1501 sequentes
306 1465 424 1492 litteram
446 1464 546 1491 faciant
565 1472 572 1491 :
586 1473 595 1490 ι
613 1464 712 1499 quibus
723 1463 875 1491 consimilia

84 1513 221 1541 habentur
240 1511 335 1539 homil.
350 1510 367 1539 9
385 1511 411 1538 in
426 1511 518 1544 Iosue,
541 1518 617 1537 nttrn.
634 1511 661 1537 4.
679 1510 742 1537 llaec
763 1509 874 1544 insuper

926 910 1072 945 quiddam,
1090 917 1117 939 et
1140 912 1258 940 humana
1284 914 1515 950 contemplatione
1538 916 1679 951 augustius
1699 925 1711 943 ι

925 956 1009 984 fuisse
1020 957 1157 992 coniectat
1170 958 1263 986 homil.
1282 956 1316 986 ιι
1332 959 1361 986 in
1383 959 1449 987 Luc.
1472 959 1620 993 Quemdarn
1643 968 1713 995 prae-

927 1007 999 1030 terea
1013 1000 1072 1036 cius
1089 1003 1176 1032 locum
1192 1004 1220 1031 in
1234 1003 1328 1032 Cenes.
1347 1012 1387 1037 Ill,
1403 1005 1448 1039 21,
1466 1010 1569 1034 catena:
1585 1006 1711 1039 alierum,

927 1048 953 1075 in
974 1055 1028 1083 quo
1043 1053 1185 1085 postquam
1202 1050 1294 1078 multis
1309 1051 1437 1079 disseruit
1455 1052 1488 1080 de
1514 1053 1630 1081 scorteis
1645 1053 1713 1081 lllnl‘

925 1095 975 1127 cis,
995 1095 1031 1122 ita
1046 1095 1156 1123 demttm
1181 1096 1317 1125 concludit
1339 1096 1480 1125 εΛεκτιον
1493 1099 1533 1126 ὅτι
1558 1098 1588 1126 οὐ
1609 1099 1649 1126 δεῖ
1663 1106 1712 1126 πει

926 1138 1064 1177 ριέχεσθαι
1077 1142 1123 1168 τοῦ
1137 1142 1301 1178 γράμματος
1315 1140 1365 1180 τῆς
1385 1144 1505 1180 Γραφῆς,
1525 1142 1562 1177 ὡς
1577 1144 1693 1181 ἀληθοῦς
1703 1150 1711 1161 '

925 1185 970 1213 τὸν
985 1187 1013 1213 δὲ
1028 1187 1219 1223 κεκρυμμένον
1242 1187 1377 1225 θησαυρὸν
1395 1190 1423 1217 ὲν
1441 1189 1481 1226 τῷ
1501 1190 1646 1227 γράμματι
1665 1191 1712 1227 ξηι

924 1232 991 1259 τεϊν.
1023 1241 1032 1259 t
1056 1233 1204 1261 Dicendum
1230 1241 1282 1262 norr
1311 1235 1501 1263 adhazreudum
1529 1244 1590 1264 esse
1614 1237 1712 1265 litterae

926 1277 1083 1313 Scriptura,
1107 1279 1184 1314 qttasi
1199 1286 1263 1307 vera
1289 1280 1334 1313 sit,
1350 1281 1397 1308 sed
1421 1281 1558 1309 occultum
1573 1282 1600 1309 in
1620 1282 1711 1310 littera

927 1324 1081 1352 thesaurum
1095 1332 1157 1354 esse
1168 1325 1395 1361 investigandum.
1414 1335 1423 1354 ι
1441 1327 1562 1364 Denique
1579 1329 1710 1357 Socrates

925 1371 1127 1404 quantumlibet
1141 1372 1299 1408 Origeniani
1318 1374 1435 1402 nominis
1452 1375 1600 1409 studiosus,
1617 1376 1657 1404 sic
1673 1381 1712 1404 ta-

925 1417 1098 1459 menAscribit
1112 1417 1158 1446 lib.
1175 1426 1200 1451 v,
1223 1427 1283 1454 cap.
1297 1420 1333 1446 Ἦ
1351 1428 1359 1447 :
1379 1420 1472 1454 Ὅστις
1490 1420 1656 1459 (Ὡριγένης)
1672 1431 1712 1450 σοι

925 1459 975 1496 φὺς
985 1456 1019 1496 ἦν
1035 1461 1203 1497 διδάσκαλος,
1217 1465 1266 1492 καὶ
1283 1465 1399 1492 κατιδὼν
1414 1467 1456 1493 ὃτι
1470 1465 1501 1494 τδ
1514 1456 1651 1495 ἀδύνατόν.
1664 1469 1712 1496 τοῦ

925 1505 1012 1548 νόμου*
1022 1507 1161 1540 Μωῦαέως
1169 1508 1277 1537 ἀσθενεῖ
1290 1510 1357 1547 πρὸς
1366 1511 1397 1538 τὸ
1407 1512 1523 1548 γράμμα
1537 1513 1712 1550 ἀποδοθῆναι,

82 1562 287 1587 commentatur
301 1557 394 1584 homil.
413 1556 430 1584 5
443 1558 470 1583 in
482 1555 600 1588 Leuitic.,
616 1563 692 1583 num.
707 1555 733 1588 Ι,
747 1555 780 1582 ad
798 1554 872 1591 Moy-

925 1550 969 1579 τδν
988 1547 1052 1589 περὶ
1070 1553 1118 1580 τοῦ
1132 1554 1229 1591 Πάσχα
1241 1555 1318 1590 λόγον
1331 1557 1370 1588 εἰς
1382 1547 1498 1593 θεώριαν
1515 1547 1663 1594 ἀνήγαγεν,
1683 1558 1713 1587 ἓν

82 1606 124 1633 sis
143 1609 308 1640 praeceptum
320 1604 352 1631 dc
369 1603 456 1631 hostia
481 1610 530 1638 pro
548 1607 678 1637 peccato,
694 1601 765 1636 quod
784 1605 872 1629 exstat

80 1651 199 1680 Levitic.
213 1658 250 1684 vr,
265 1650 302 1678 25
311 1655 340 1678 et
348 1657 406 1684 seq.
419 1658 427 1676 :
441 1658 450 1675 t
469 1648 531 1676 llatc
546 1648 636 1676 omnia
653 1647 704 1675 nisi
721 1648 774 1675 alio
790 1655 870 1675 sensu

81 1697 262 1733 accipiamus,
291 1704 372 1732 quam
401 1696 500 1723 littera?
525 1699 615 1721 textus
639 1694 777 1727 ostendit,
801 1694 872 1721 sicut

81 1751 157 1778 saepe
167 1743 224 1777 jam
240 1742 370 1775 diximus,
384 1749 447 1769 cum
465 1740 492 1768 in
509 1739 631 1767 Ecclesia
649 1739 812 1771 recitantur,
827 1739 872 1766 ob-

83 1788 223 1818 staculutn
247 1788 336 1823 magis
354 1792 382 1814 et
406 1785 609 1814 subversionent
625 1784 787 1812 Christiana:
809 1783 872 1811 reli-

82 1834 171 1870 gioni,
183 1841 263 1869 quam
277 1833 458 1861 hortationem
486 1831 748 1865 aediﬁcationemque
759 1835 872 1865 praesta-

82 1883 162 1909 bunt.
181 1890 192 1907 ι
212 1880 293 1908 Addit
307 1878 477 1914 postmodum
490 1877 660 1912 Scripturam
674 1882 799 1904 constare
812 1884 872 1904 cor-

84 1934 163 1962 pore.
179 1927 269 1954 anima
295 1930 323 1954 et
337 1925 452 1960 spiritu;
473 1924 565 1951 littera
579 1923 707 1950 nimirum
727 1929 808 1949 sensu
824 1922 870 1957 qui

85 1974 157 2001 intra
175 1973 261 2006 ipsam
279 1970 502 2006 deprehenditur,
517 1973 545 1997 et
568 1969 663 1995 umbra
690 1968 806 2003 quadarn
829 1975 872 1995 re‘

84 2025 144 2046 rum
167 2017 336 2050 caelestium;
362 2023 462 2050 corpus
486 2014 545 2042 usui
572 2013 657 2040 fuisse
686 2013 720 2040 iis
748 2012 793 2048 qui
822 2020 871 2040 nos

84 2068 300 2100 praecesserunt,
318 2062 395 2090 nobis
411 2061 540 2093 animam,
557 2060 683 2095 spiritum
706 2059 738 2086 iis
751 2058 796 2094 qui
812 2065 869 2087 co:-

83 2109 179 2138 lestem
200 2109 385 2137 hereditatem
405 2110 607 2142 consequentur
630 2111 638 2131 ι
660 2105 750 2132 multis
774 2104 872 2132 deinde

85 2156 234 2190 interiectis
263 2155 312 2188 ait,
340 2153 470 2182 num.5:
498 2161 507 2178 ι
527 2150 672 2186 Triplicem
697 2158 814 2186 namque
842 2151 871 2178 in

83 2202 234 2238 Scripturis
246 2200 343 2229 divinis
355 2198 542 2234 intelligentia
567 2196 683 2224 inveniri
703 2204 774 2231 sa'pe
799 2195 870 2223 dixi-

925 1599 1021 1636 Πάσχα
1043 1600 1123 1636 μόνον
1143 1599 1269 1638 ἀληθινὸν
1291 1603 1453 1640 γεγενῆσθαι
1483 1604 1587 1640 λέγων,
1610 1602 1678 1644 ὅπερ
1698 1608 1713 1634 ὁ

924 1644 1018 1682 Σωτὴρ
1039 1647 1199 1675 ἐπετέλεσεν
1217 1650 1367 1685 ἐνεργήσας
1388 1651 1460 1678 κατὰ
1484 1652 1539 1678 τῶν
1558 1653 1711 1690 ovantust

924 1697 977 1717 νων
1002 1692 1143 1728 δυνάμεων
1167 1693 1213 1720 διὰ
1232 1693 1280 1720 τοῦ
1301 1696 1501 1731 προσομιλῆσαμ
1529 1697 1567 1733 τῷ
1591 1699 1711 1734 σταυρῷ,

923 1736 1046 1773 τροπαίῳ
1061 1737 1148 1774 τούτῳ
1160 1738 1230 1765 κατὰ
1240 1738 1286 1765 τοῦ
1306 1739 1429 1767 διαόόλου
1446 1741 1626 1777 χρησάμενος.
1647 1744 1711 1777 Qua

926 1781 966 1809 sic
986 1782 1182 1817 interpretatur
1203 1783 1374 1818 Epiphanius
1398 1785 1578 1815 scholasticus
1602 1797 1610 1815 :
1632 1797 1641 1815 t
1660 1788 1710 1822 Qui

924 1835 985 1856 cum
1000 1828 1108 1862 sapiens
1123 1833 1196 1856 esset
1213 1829 1343 1864 magister
1354 1850 1362 1862 ,
1380 1835 1408 1858 et
1423 1831 1614 1861 consideraret
1637 1836 1710 1870 quod

924 1873 1127 1908 impossibilitas
1150 1873 1275 1903 Mosaica:
1293 1875 1361 1911 legis
1384 1876 1418 1903 ad
1439 1877 1556 1906 litteram
1580 1885 1652 1914 esset
1669 1880 1710 1909 in-

925 1917 1012 1950 arma,
1029 1919 1162 1947 rationem
1175 1919 1285 1948 Pascha:
1296 1922 1329 1949 ad
1350 1922 1459 1949 modum
1472 1925 1710 1960 contemplati-onis

923 1965 1024 1997 evexit,
1037 1973 1119 1993 unum
1133 1966 1235 1994 Pascha
1248 1966 1415 1996 solummodo
1425 1976 1518 1997 verum
1535 1971 1593 1998 ﬁeri
1605 1971 1709 2006 dicens,

925 2010 997 2045 quod
1019 2010 1146 2039 Salvator
1168 2013 1317 2040 celebravit
1339 2013 1467 2043 adversus
1488 2019 1643 2045 contrarias
1663 2026 1710 2054 po-

925 2060 1046 2090 testates,
1070 2057 1134 2084 dum
1160 2065 1267 2085 crucem
1285 2059 1455 2094 susciperet,
1480 2064 1507 2088 et
1537 2061 1587 2090 hoc
1610 2067 1710 2098 tropaeo

923 2106 1046 2130 uteretur
1063 2108 1157 2130 contra
1169 2103 1319 2132 diabolum.
1337 2113 1349 2130 ι
1367 2104 1419 2132 Sed
1437 2105 1563 2140 quaniam
1580 2107 1644 2136 huic
1664 2101 1710 2136 ar:-

923 2153 1052 2184 gumento
1065 2154 1149 2177 totum
1165 2148 1221 2177 fere
1235 2150 1333 2177 librum
1351 2159 1376 2177 IV
1387 2151 1457 2186 Περὶ
1467 2152 1568 2188 ἀρχῶν
1578 2161 1594 2180 a
1607 2162 1682 2182 num.
1693 2156 1710 2183 8

925 2202 1010 2230 usque
1025 2195 1057 2222 ad
1075 2203 1149 2223 num.
1174 2195 1220 2227 28,
1251 2198 1432 2230 consecravit,
1456 2206 1589 2227 summam
1611 2202 1708 2236 capitis

82 2227 278 2281 mus'modum,
296 2227 473 2278 pmoricuni,
492 2243 621 2271 moralem
644 2248 671 2271 et
699 2243 842 2278 mysticum
860 2249 868 2269 :
885 2227 907 2256 θ
924 2240 1014 2275 hujus,
1029 2241 1100 2275 quod
1117 2241 1144 2268 in
1162 2240 1308 2273 Philocajia
1323 2242 1419 2271 Gneo:
1434 2247 1565 2280 scriptum
1580 2227 1706 2282 habetur,

82 2295 156 2323 unde
168 2299 196 2321 et
214 2300 312 2328 corpus
330 2291 419 2319 inesse
429 2290 453 2318 ei
464 2309 471 2322 ,
489 2293 517 2317 et
539 2288 657 2316 animato
670 2308 677 2321 ,
694 2296 727 2315 ac
743 2288 869 2323 spiritum

83 2340 281 2368 intelleximus.
312 2347 321 2364 ι
348 2336 557 2372 [apertissimum
587 2341 651 2362 vero
673 2334 745 2369 quod
770 2334 870 2369 legitur

84 2387 181 2415 bomil.
214 2386 230 2413 7
254 2386 282 2412 in
308 2384 429 2416 Levitic.,
455 2390 531 2410 num.
563 2381 580 2408 5
596 2388 603 2407 :
619 2390 628 2406 t
651 2380 679 2407 Si
702 2380 871 2407 assideamns

80 2434 198 2464 litterae,
214 2435 242 2459 et
258 2430 405 2459 secundum
428 2430 479 2456 hoc
497 2427 536 2455 vel
559 2427 630 2462 quod
652 2425 769 2457 Iudaeis,
785 2425 828 2452 vel
843 2425 869 2452 id

79 2479 155 2515 quod
171 2477 250 2512 vulgo
264 2477 381 2508 videtur,
397 2475 562 2510 accipiamus
577 2480 636 2507 (litae
650 2472 677 2498 in
695 2471 754 2506 lege
768 2471 868 2510 scripta

80 2528 159 2556 sunt,
171 2524 302 2551 erubesco
316 2522 407 2549 dicere
427 2525 454 2547 et
469 2519 592 2547 conﬁteri
602 2538 610 2551 ,
624 2518 687 2553 quia
708 2517 778 2544 tales
796 2516 870 2551 leges

81 2570 190 2598 dederit
212 2568 293 2596 Deus.
320 2566 491 2594 Videbuntur
521 2565 593 2591 enim
622 2562 707 2597 magis
730 2561 870 2596 elegantes

80 2613 111 2645 et
132 2614 308 2643 rationabiles
337 2612 475 2640 hominum
491 2611 580 2645 leges,
596 2608 669 2636 verbi
697 2607 801 2643 gratia,
827 2607 870 2634 vel

80 2662 279 2694 Romanorum,
297 2659 340 2687 vel
354 2656 580 2689 Atheniensium,
594 2655 635 2683 vel
652 2652 870 2681 Lacedamonio-

81 2717 154 2737 mm.
175 2707 206 2735 Si
223 2714 287 2734 vero
303 2704 450 2733 secundum
464 2702 536 2730 banc
554 2700 772 2736 intelligentiam,
790 2706 870 2734 quam

81 2755 164 2783 docet
175 2751 309 2783 Ecclesia,
319 2750 469 2784 accipiatur
479 2747 527 2775 Dei
541 2747 595 2780 les,
610 2751 672 2775 tunc
683 2745 764 2781 plane
777 2751 871 2774 omnes

174 2851 253 2880 Joan.
271 2856 329 2880 xrv,
351 2847 394 2874 η.

259 2889 404 2928 Parnm.
426 2895 485 2928 Ge.
508 2889 605 2924 XV".

924 2285 977 2313 huc
994 2286 1095 2313 referre
1107 2294 1196 2322 operte
1210 2287 1327 2321 pretium
1346 2295 1407 2317 esse
1426 2289 1508 2318 duco.
1526 2290 1645 2319 Primum
1659 2293 1709 2329 igi-

924 2335 968 2359 tur
980 2332 1014 2359 ad
1030 2332 1200 2365 allegoricam
1224 2333 1372 2368 Scriptura:
1391 2335 1642 2371 interpretationem
1666 2341 1710 2367 ad~

923 2377 1095 2410 struendam,
1109 2377 1263 2406 Judreorum
1281 2379 1444 2415 imperitiam
1461 2384 1593 2419 castigat,
1609 2385 1710 2420 quibus

923 2424 1067 2458 quominus
1079 2424 1215 2452 Christum
1227 2426 1410 2461 susciperent,
1425 2428 1619 2463 impedimento
1634 2431 1710 2460 fuere

924 2469 1032 2497 diversa
1043 2470 1192 2506 Scriptura
1207 2473 1347 2506 vaticinia,
1360 2481 1419 2509 qua
1429 2475 1552 2515 quamvis
1565 2477 1709 2515 allegorice

925 2515 959 2542 ad
974 2515 1112 2543 Christum
1131 2517 1310 2552 pertinerent,
1327 2520 1424 2547 eadem
1440 2524 1529 2547 tamen
1540 2520 1619 2555 juxta
1636 2523 1710 2551 litte-

924 2567 982 2587 ram
995 2560 1170 2596 accipientes.
1186 2562 1211 2589 in
1234 2561 1297 2590 Iesu
1320 2563 1430 2592 minime
1445 2565 1578 2600 completa
1598 2572 1709 2601 putave-

924 2612 998 2633 runt.
1013 2606 1094 2649 Addit
1107 2608 1230 2635 eumdem
1248 2608 1396 2644 Scriptura;
1418 2610 1630 2644 interpretanda
1649 2620 1709 2640 mo-

925 2651 987 2680 dum
1005 2651 1218 2687 Valentiniaoos,
1233 2654 1438 2688 Marcionistas,
1458 2655 1581 2691 aliosque
1590 2657 1710 2686 diremti-

925 2704 971 2725 cos
993 2697 1158 2733 compulisse
1184 2703 1215 2726 ut
1244 2699 1384 2734 geminum
1409 2700 1584 2730 admitterent
1610 2701 1710 2735 Deum,

922 2743 1156 2781 justum_altersm
1182 2745 1274 2774 mundi
1294 2744 1418 2782 opiﬁcem
1433 2767 1441 2781 ,
1467 2747 1566 2776 bonum
1595 2747 1712 2777 alterum

1571 2896 1608 2925 31's
