1927 3076
219 134 230 161 Ι
235 131 285 162 ουτ

855 128 886 157 1⁵.
908 127 1066 157 ῡᾹΝΙΕΙιιΞ
1085 126 1201 155 Ηυιίτίῐ

1790 128 1803 155 Ι
1808 127 1860 153 063

218 193 318 222 Christi
335 192 458 224 Patrem;
477 198 580 218 necnon
593 194 621 217 et
635 197 668 217 ex
683 189 845 217 orthodoxis
862 189 1006 224 quosdatn,
1017 182 1047 220 Ἀ
1062 189 1123 216 inde
1139 189 1163 215 ei
1180 192 1345 216 monstraret
1364 196 1371 213 :
1398 191 1425 215 et
1443 186 1515 222 quod
1533 187 1656 224 prmeipit
1672 187 1780 224 Moyses
1806 194 1858 213 ex-

219 246 247 267 ut
265 240 336 267 male
349 240 382 266 de
401 238 533 265 Creatore
554 236 699 264 sentirent.
721 235 872 263 Fatendum
899 235 1011 270 insuper

218 286 256 313 ait
277 284 360 312 multa
378 283 488 318 quidem
512 281 647 317 mystica,
675 285 702 308 et
730 281 823 316 ﬁguris
848 281 968 308 involuta
984 281 1010 308 in

218 332 367 365 Scripturis
381 328 535 361 contineri;
551 336 612 363 quae
628 332 717 355 tamen
734 327 795 360 illa,
811 332 839 355 et
857 327 1010 361 cuiusmodi

218 377 273 404 si'nt
290 375 428 410 ignorari;
448 379 504 401 ttttu
520 374 649 402 nonnulla
673 378 808 407 recenset,
830 381 891 408 qua:
910 378 1014 409 myste-

217 422 264 448 riis
276 425 382 448 scatere
397 420 433 447 ita
447 420 591 447 contendit
603 440 611 452 ,
624 424 652 446 ut
671 419 769 447 littera:
791 426 902 447 sensum
928 419 1014 447 neuti-

219 474 300 502 quam
319 466 461 500 repudiare
478 465 632 492 vidcantur.
660 464 718 492 Non
740 465 933 500 prophetarum
962 473 1013 492 au-

220 514 272 536 tem
289 509 379 541 libris,
397 510 444 536 scil
461 508 528 536 Novi
542 510 624 536 etiam
638 508 814 536 lnstrumcnti
827 509 1012 538 voluminibus

216 556 338 584 occultos
351 560 378 583 et
391 555 547 583 reconditos
559 563 655 583 sensus
681 556 770 584 inesse
786 556 863 583 dicit.
880 555 947 583 Cum
965 556 1014 584 ho-

219 605 292 631 mine
306 604 488 637 postmodum,
515 603 561 638 qui
589 610 713 637 carpore,
739 603 830 630 anima
862 607 888 630 et
915 602 1012 638 spiritu

219 654 336 680 constat,
354 648 524 683 Scripturam
551 649 666 682 confert,
693 656 807 684 corpore
832 649 939 682 itidem,
962 649 1014 676 hoc

217 700 259 724 est
273 696 411 723 comntuni
425 700 453 722 et
469 695 600 722 historico
615 703 696 722 sensu
713 699 904 728 constantem;
919 695 1010 722 anima

218 748 336 776 quoque.
349 740 505 768 sublimiori
530 748 626 776 nempe
646 749 749 775 sensu;
772 749 804 769 ac
827 741 936 768 demum
959 741 1014 776 spi-

219 787 286 818 ritu,
301 786 514 821 profundissiuto
527 785 632 813 scilicet
642 793 724 813 sensu
736 790 764 813 et
777 786 1010 813 rcconditissitno.

219 832 289 859 Tum
305 832 445 867 Subjungit
468 831 628 859 historicum
654 831 800 866 aliquando
823 839 933 859 sensum
955 839 1011 859 non

219 879 345 915 reperiri,
362 866 543 906 Sedianimam
569 877 657 905 solum
677 882 703 905 et
730 878 874 912 spiritum,
891 878 918 905 id
940 879 1010 913 quod
1026 866 1048 894 Β

218 925 303 952 variis
320 924 441 960 Apostoli
462 924 528 951 locis
543 923 692 959 approbat;
715 931 747 951 ac
772 931 805 951 ne
820 923 878 951 haec
899 924 1009 959 quidctu

218 972 344 999 omnibus
357 971 436 998 obvia
457 977 529 1002 esse,
544 970 591 997 sed
608 970 641 997 iis
656 970 803 1001 duntaxat,
818 970 864 1004 qui
889 970 914 997 in
935 970 1011 998 Scri-

219 1024 305 1053 ptura:
323 1017 500 1044 meditatione
515 1016 619 1043 subacti
633 1015 762 1044 diuturno
782 1017 872 1044 studio
898 1015 1011 1044 fuerint.

219 1064 265 1091 Ait
279 1064 375 1091 deinde
398 1064 527 1099 mysteria
553 1062 711 1090 homittibus
739 1063 846 1089 tradere
873 1063 1011 1090 volentem

221 1110 353 1144 Spiritum
364 1117 486 1138 sanctum
498 1131 506 1144 ,
521 1116 551 1136 ea
573 1109 696 1136 historici
709 1115 807 1136 sensus
820 1109 1013 1145 integumentis

220 1156 402 1192 implicuisse,
425 1157 469 1192 qui
485 1156 676 1184 reconditioris
693 1156 823 1183 doctrina:
851 1163 939 1190 penus
955 1160 1014 1182 tan-

221 1209 279 1232 tum
294 1208 322 1232 et
332 1203 551 1239 promptuarium
567 1207 608 1229 est
628 1213 634 1230 ;
655 1209 734 1237 quem
751 1209 785 1229 ne
802 1202 862 1236 quis
875 1201 1013 1229 interioris

219 1256 248 1278 et
260 1250 374 1278 occulta:
385 1249 518 1277 doctrina:
535 1248 678 1283 prteceptis
692 1255 789 1275 vacare
803 1252 922 1282 putaret,
935 1256 946 1272 ι
960 1247 1013 1274 ista

219 1298 253 1324 de
264 1303 346 1323 causa
372 1302 536 1330 procurasse
564 1295 682 1321 divinant
710 1293 873 1328 sapientiam
898 1293 1013 1320 oll‘eudi-

219 1343 280 1370 cula
296 1342 432 1376 qumdam,
447 1341 488 1369 vel
511 1340 728 1375 intercapedines
751 1339 936 1374 intelligentia:
956 1338 1014 1366 fieri

221 1389 392 1422 bistorialis;
421 1388 596 1422 impossibilia
626 1387 748 1422 quzedam
768 1391 796 1414 et
822 1387 1015 1414 inconvenien-

222 1437 288 1463 tiam
309 1442 356 1470 per
380 1436 499 1462 medium
525 1433 686 1466 inserendo,
710 1438 739 1460 ut
766 1433 930 1467 interrttptio
957 1433 1014 1468 ipsa

222 1482 387 1509 narrationis
401 1481 608 1508 velutobicibus
627 1480 789 1514 quibusdam
816 1479 917 1513 legenti
940 1479 1010 1506 resi-

222 1532 308 1555 steret
321 1526 445 1560 objectis,
465 1526 562 1560 quibus
581 1525 768 1560 intelligentia:
788 1526 868 1560 bujus
895 1525 1015 1558 vulgaris

224 1574 279 1602 iter
296 1582 327 1600 ac
345 1573 490 1600 trausitunt
510 1578 631 1607 negaret,
651 1582 661 1598 ι
680 1578 706 1599 ct
721 1572 758 1599 ita
773 1571 806 1598 ad
821 1571 902 1598 alium
919 1571 1015 1598 trami-

223 1626 276 1648 tem
288 1620 429 1648 celsiorcm
439 1627 535 1654 nempe
547 1624 573 1645 et
584 1619 791 1646 eminentiorem
803 1618 1015 1650 diverteretnns;

224 1668 309 1694 tnulta
324 1667 406 1701 igitur
431 1665 585 1699 ltujttstnodi
604 1665 698 1692 baberi
724 1665 750 1691 in
774 1663 930 1698 Scriptura,
947 1672 957 1688 ί
975 1663 1016 1690 vel

222 1714 314 1739 minus
332 1717 421 1746 gesta,
438 1711 480 1738 vel
501 1718 561 1745 qua:
586 1710 697 1737 omnino
722 1710 778 1744 geri
806 1717 860 1736 non
887 1714 1016 1744 possent;

228 1758 365 1785 interdum
381 1756 463 1784 etiam
479 1764 538 1791 qua:
558 1761 666 1791 possettt
687 1755 795 1790 quidem
811 1755 885 1790 geri,
909 1762 957 1782 ttec
975 1759 1017 1781 ta-

225 1812 287 1831 tnett
300 1808 376 1838 gesta
391 1807 470 1834 sunt;
485 1812 494 1829 ι
512 1802 646 1836 prmcipue
660 1809 724 1829 vero
740 1801 766 1828 in
784 1801 918 1836 lege,qute
934 1800 1016 1827 multa

224 1850 319 1883 habet,
335 1858 344 1875 α
356 1850 382 1876 in
394 1849 493 1883 quibus
502 1847 575 1874 nulla
589 1855 701 1882 prorsus
714 1847 782 1874 ratio
795 1847 922 1874 utilitatis
931 1851 1018 1874 osten-

224 1895 311 1928 ditur;
324 1895 460 1922 interdum
475 1901 538 1920 vcro
550 1899 576 1920 et
589 1893 769 1927 impossibilia
785 1894 988 1923 decernuntur;
1006 1901 1015 1917 ›

224 1941 272 1969 :scd
291 1947 319 1969 et
335 1942 361 1968 in
382 1946 439 1969 toto
461 1939 553 1968 Veteri
584 1947 616 1966 ac
631 1939 705 1966 Novo
731 1939 812 1966 etiam
830 1938 1017 1966 Testamento.

226 1987 295 2016 Hinc
313 1989 405 2015 varias
421 1986 569 2021 Scriptura:
595 1985 682 2020 tangit
699 1984 840 2016 historias,
866 1985 893 2011 in
918 1985 1018 2019 quibus

226 2033 351 2061 historici
370 2041 469 2061 sensus
488 2033 630 2060 veritatem
646 2031 746 2058 frustra
765 2030 866 2065 requiri
883 2029 1016 2062 aﬂirmat;

225 2081 338 2112 frustra,
352 2079 470 2114 exempli
486 2086 578 2112 causa,
591 2078 743 2105 existimari
773 2081 829 2104 tres
854 2076 961 2110 priores
984 2076 1018 2102 ab

225 2127 291 2153 orbe
308 2126 421 2154 condito
441 2125 500 2153 dies
515 2124 600 2151 fuisse
617 2125 676 2151 sine
690 2123 757 2155 sole,
780 2122 842 2149 luna
862 2125 889 2148 et
915 2121 1017 2154 stellis;

226 2173 346 2207 priorem
365 2172 448 2199 etiam
463 2171 522 2199 sine
537 2170 619 2204 cado,
634 2170 706 2204 qttod
729 2175 810 2203 supra
821 2167 877 2200 jam
894 2166 1017 2194 excussi-

1067 235 1206 263 terminari
1219 242 1299 263 omne
1312 235 1492 262 masculinum
1502 255 1510 267 ,
1525 234 1597 270 quod
1620 239 1718 262 octavo
1733 234 1775 261 die
1801 241 1859 260 non

1066 282 1147 309 fuerit
1161 281 1352 309 circumcisum
1371 287 1421 309 :et
1446 281 1632 316 tragelapbum
1660 281 1733 308 inter
1755 279 1860 306 munda
1886 279 1893 283 “

1065 328 1203 359 animalia,
1229 327 1361 362 gryphum
1391 327 1462 355 ittter
1486 327 1626 354 immunda
1660 326 1772 358 haberi;
1794 333 1860 351 cum

1066 374 1108 402 ltic
1124 375 1157 402 ab
1169 375 1281 402 homine
1294 382 1346 401 non
1360 374 1446 409 possit
1457 374 1529 408 capi,
1547 373 1591 401 ille
1602 381 1635 400 ne
1643 380 1704 400 esse
1721 372 1836 407 quidem
1853 380 1861 397 ε

1065 421 1127 448 licet
1147 421 1266 456 grypch
1280 426 1307 448 et
1325 420 1498 454 tragelaphos
1519 425 1546 447 et
1564 427 1623 447 esse
1638 425 1666 446 et
1688 419 1747 452 capi
1765 418 1864 453 prodi-

1066 472 1120 495 tttm
1136 468 1198 494 sita
1216 467 1376 494 veteribus:
1398 466 1520 493 Sabbato
1547 466 1612 492 item
1639 465 1699 492 loco
1726 472 1775 492 suo
1803 472 1862 490 non

1065 514 1168 541 moveri
1181 514 1215 546 π,
1233 521 1283 540 nec
1296 520 1364 540 onus
1375 511 1516 544 levare";
1533 516 1557 538 et
1570 511 1641 546 quod
1654 511 1753 538 habent
1764 509 1862 537 Evan-

1065 560 1132 595 gelia
1146 570 1151 587 :
1163 569 1172 586 ‹
1185 559 1323 586 Neminem
1338 559 1364 586 in
1381 558 1422 584 via
1436 557 1618 585 salutaveritis
1628 557 1669 589 7‘;
1691 565 1700 581 I
1714 548 1781 582 duas
1791 562 1861 582 neu-

1065 607 1167 640 tiquam
1202 605 1342 632 habendas
1376 602 1484 631 tunicas
1510 607 1568 630 ‘nec
1603 603 1788 629 calceamcnta
1814 600 1858 633 "';

1065 653 1202 680 dexteram
1219 651 1380 686 percutienti
1395 650 1543 682 maxillam,
1562 650 1702 677 sinistram
1716 656 1775 676 esse
1789 656 1853 682 pra:-

1064 697 1180 724 bendam
1195 696 1228 728 ",
1248 705 1257 722 α
1273 704 1334 723 cuttt
1352 696 1449 727 omnis,
1463 696 1559 730 inquit,
1571 695 1615 729 qui
1628 694 1748 729 perculit
1759 694 1858 721 dextra

1065 751 1145 770 mantt
1164 743 1302 770 sinistram
1319 743 1454 777 percutiat
1473 741 1629 774 maxillam;
1649 750 1659 766 ›
1677 740 1799 772 oculum,
1811 748 1858 775 qtn

1064 791 1100 817 sit
1111 789 1255 817 offensioni
1265 794 1292 816 et
1312 789 1460 821 seandalo,
1474 788 1621 815 eruendum
1633 788 1656 803 ⁷⁷
1670 796 1677 820 ;
1697 795 1748 814 tton
1775 787 1859 813 addu-

1065 837 1179 865 cendum
1193 841 1361 871 amputatum
1375 830 1570 871 prmputiutn"
1581 843 1590 868 ;
1603 842 1664 869 quat
1680 833 1771 861 omnia
1789 842 1804 860 a
1827 841 1859 861 se

1063 884 1143 912 allata
1157 891 1218 911 esse
1233 883 1339 915 scribit,
1349 887 1378 909 ut
1395 882 1574 916 intelligamus
1588 888 1631 908 res
1643 888 1695 907 non
1708 880 1796 907 solutn
1812 886 1840 905 ra

1064 931 1128 958 ti0ni
1140 930 1301 963 contrarias,
1312 929 1359 957 sed
1371 929 1454 956 etiam
1468 936 1527 963 qua:
1543 927 1599 955 fieri
1612 927 1724 954 minime
1738 926 1856 961 possint,

1064 977 1090 1005 in
1101 977 1191 1004 littera
1207 976 1352 1005 contineri.
1370 975 1510 1002 Subneclit
1522 979 1617 1008 postea
1630 980 1682 1000 non
1695 980 1803 1000 onmem
1814 972 1855 999 id-

1063 1023 1138 1051 circo
1151 1022 1272 1050 historiae
1284 1030 1392 1050 sensum
1407 1021 1560 1057 aspernari,
1572 1028 1634 1048 cum
1653 1029 1662 1046 ι
1679 1020 1764 1047 multo
1778 1019 1855 1053 plura

1064 1070 1128 1102 sint,
1143 1077 1203 1104 qua:
1216 1069 1364 1097 secundum
1381 1069 1526 1096 historiam
1549 1072 1695 1100 constant,
1717 1074 1801 1102 quam
1823 1072 1856 1092 ea

1064 1123 1124 1150 qua:
1142 1116 1242 1143 nudum
1258 1123 1368 1143 sensum
1384 1115 1526 1143 continent
1543 1114 1711 1149 spiritalem;
1729 1123 1738 1139 I
1761 1112 1842 1146 cujus

1065 1162 1136 1188 modi
1150 1161 1275 1189 ttounulla
1285 1167 1490 1194 commemorat,
1500 1166 1563 1196 puta
1574 1161 1699 1195 Decalogi
1710 1165 1857 1196 praecepta.

1066 1208 1166 1236 Deinde
1181 1216 1245 1236 vero
1261 1208 1372 1236 tnultam
1396 1208 1579 1236 adhibendam
1603 1208 1641 1236 ait
1654 1208 1813 1235 cautionem
1830 1211 1858 1234 et

1065 1255 1244 1289 diligentiam,
1271 1263 1326 1290 quo
1348 1256 1480 1291 mysticus
1497 1263 1595 1282 scttsus
1618 1262 1633 1282 a
1655 1262 1737 1282 sensu
1759 1254 1858 1282 littera?

1066 1302 1254 1334 discernatur;
1278 1307 1332 1329 ttttn
1359 1308 1451 1329 ttotatn
1476 1301 1545 1328 banc
1570 1308 1602 1328 ac
1633 1301 1756 1336 regulam
1776 1301 1810 1327 ad
1824 1301 1857 1335 id

1066 1348 1158 1375 utilem
1175 1349 1320 1383 proponit;
1337 1349 1552 1384 quotiescunque
1572 1347 1606 1374 de
1627 1346 1779 1374 Jerusalem
1791 1367 1799 1378 .
1815 1347 1856 1372 vc‘

1066 1391 1170 1426 Judtea,
1189 1395 1230 1421 vel
1246 1394 1362 1427 lsracle,
1379 1393 1421 1421 vel
1438 1393 1524 1420 Jacob
1547 1393 1734 1419 vaticinantur
1755 1392 1858 1426 aliquid

1067 1440 1212 1474 prophetat,
1239 1440 1290 1467 hoc
1318 1448 1351 1467 ex
1370 1440 1454 1474 ipsius
1475 1439 1549 1466 Pauli
1577 1438 1701 1466 instituto
1726 1438 1759 1465 ad
1775 1438 1858 1465 cccle-

1070 1485 1164 1513 lestem
1187 1485 1349 1520 Jerusalem,
1373 1485 1413 1513 vel
1437 1485 1567 1518 Iudaeam,
1597 1485 1639 1513 vc!
1662 1485 1800 1521 Israelem,
1817 1486 1861 1513 vc?

1029 1540 1050 1569 ς
1067 1530 1151 1559 Jacob
1173 1532 1320 1568 anagogice
1349 1539 1410 1559 csse
1433 1531 1622 1564 referendum;
1645 1537 1669 1559 et
1693 1532 1751 1566 pari
1776 1531 1859 1558 etiam

1068 1577 1148 1604 ntodo
1159 1584 1326 1612 qumcunquc
1342 1578 1374 1604 de
1396 1576 1513 1612 Egypto
1525 1596 1532 1607 .
1550 1576 1703 1612 ltahylone.
1733 1577 1771 1613 τι
1779 1585 1807 1604 ro
1830 1582 1859 1604 et

1069 1621 1168 1650 Sidone
1192 1623 1321 1657 prmdictu
1343 1628 1407 1650 sunt
1423 1630 1430 1648 :
1447 1631 1508 1650 cum
1525 1623 1551 1649 in
1568 1623 1640 1649 cudo
1659 1622 1710 1650 loci
1729 1623 1784 1649 sint
1805 1628 1860 1650 ter-

1069 1668 1140 1696 renis
1153 1668 1211 1696 istis
1224 1670 1413 1703 cognomines,
1431 1676 1463 1696 ac
1480 1669 1598 1695 locorum
1617 1660 1732 1695 isto'tuut
1752 1668 1860 1698 ittcoia.

1069 1715 1167 1742 animae
1188 1715 1322 1743 videlicet.
1352 1716 1472 1750 Denique
1499 1715 1590 1742 multis
1624 1715 1797 1751 interposutis
1820 1717 1859 1742 sic

1068 1761 1205 1788 concludit
1219 1769 1227 1787 :
1249 1769 1257 1786 t
1275 1760 1344 1787 Sunt
1356 1761 1478 1795 qumdam
1492 1767 1608 1796 quorum
1624 1760 1858 1796 significationem

1068 1803 1177 1839 proprie
1194 1803 1284 1831 nullus
1296 1805 1407 1831 omnino
1424 1809 1514 1839 potest
1532 1805 1657 1831 humanae
1683 1805 1782 1840 lingua:
1805 1812 1859 1832 scr-

1069 1849 1196 1877 ntonibtts
1211 1849 1359 1884 explicare,
1377 1850 1423 1877 sed
1437 1850 1602 1884 simpliciore
1613 1850 1700 1885 magis
1713 1849 1861 1882 intellectu,

1069 1903 1151 1931 quam
1175 1896 1238 1924 ullis
1266 1895 1412 1924 verborum
1439 1896 1650 1931 proprietatibus
1673 1890 1858 1924 declarantur.

1069 1942 1108 1968 Ad
1127 1950 1208 1976 quam
1227 1942 1346 1977 regulam
1366 1942 1449 1969 etiam
1466 1942 1621 1970 divinarum
1637 1942 1797 1970 litterarum
1819 1943 1861 1970 in-

1071 1987 1217 2023 telligentia
1232 1988 1374 2016 retinenda
1387 1993 1440 2022 cst,
1455 1996 1510 2023 quo
1523 1989 1627 2016 scilicet
1646 1997 1677 2017 ea
1689 1997 1753 2024 quae
1769 1990 1860 2016 dicun-

1070 2038 1122 2067 tur,
1146 2041 1200 2060 non
1218 2041 1267 2068 pro
1281 2033 1398 2061 utilitate
1415 2034 1566 2067 sermonis,
1583 2034 1630 2062 sed
1655 2042 1708 2069 pro
1720 2034 1863 2062 divinitate

1068 2079 1155 2107 sancti
1172 2079 1301 2115 Spiritus,
1326 2080 1371 2114 qui
1389 2087 1436 2107 cas
1459 2081 1596 2108 c0ttscribi
1620 2080 1789 2116 inspiravit,
1803 2089 1863 2108 cett-

1068 2131 1191 2153 scantur.
1208 2135 1217 2151 1

1104 2171 1145 2198 Ill.
1164 2171 1269 2206 (57'57)
1284 2172 1390 2200 Primus
1403 2173 1474 2200 hunc
1488 2171 1699 2207 interpretanda:
1715 2172 1863 2207 Scriptura

226 2226 302 2247 mus:
316 2219 406 2254 inepte
417 2225 524 2254 quoque
532 2217 670 2245 ctinsulse
679 2215 751 2243 credi
763 2214 846 2241 Deum
859 2213 884 2240 in
893 2213 1019 2248 paradiso
1035 2212 1057 2240 Β
1072 2224 1173 2244 morettt
1202 2217 1333 2252 Origenes
1365 2227 1418 2246 non
1448 2218 1562 2246 itivexil.
1601 2217 1703 2246 Scribit
1732 2218 1862 2246 Eusebius

227 2264 367 2297 plantasse
381 2265 504 2296 arbores,
518 2268 613 2290 cteam
627 2269 688 2296 qua:
703 2260 766 2288 vita}
783 2259 899 2293 dicitur,
916 2263 943 2286 ct
958 2266 1018 2294 qua:

225 2310 368 2337 scientiam
387 2309 451 2337 boni
467 2314 495 2336 et
510 2309 574 2336 ntali
595 2307 758 2339 continere;
776 2305 861 2333 Deum
878 2309 940 2340 post
961 2311 1018 2332 me-

225 2355 324 2384 ridiem
341 2355 495 2382 ambulasse
507 2355 533 2381 itt
549 2355 645 2386 horto,
669 2357 697 2380 et
711 2351 826 2379 Caiuum
841 2358 856 2378 a
884 2350 956 2378 facie
969 2350 1017 2377 Dei

225 2402 355 2435 oxivissc,
379 2408 440 2435 qua:
463 2408 478 2427 ιι
506 2399 584 2426 nobis
607 2399 663 2426 fere
686 2403 803 2425 tractata
830 2402 894 2424 Slllll
911 2404 917 2422 :
933 2396 1017 2424 multa

226 2446 359 2482 ejusmodi
375 2453 453 2482 posse
471 2444 560 2480 colligi
585 2451 600 2472 e
621 2443 788 2479 Scripturis,
814 2452 823 2469 ε
843 2450 902 2478 quae
916 2443 1016 2478 scripta

226 2498 289 2521 sunt
319 2493 428 2528 quidem
455 2498 584 2527 tanquam
603 2490 702 2523 facta,
727 2499 780 2518 non
806 2495 894 2516 tamen
919 2497 1017 2517 secun-

225 2540 288 2565 dtun
303 2539 447 2568 historiam
474 2542 661 2573 competenter
682 2541 710 2564 ct
736 2535 935 2563 rationabiliter
959 2535 1016 2562 fieri

227 2586 348 2619 potuisse
362 2585 498 2613 credenda
511 2590 575 2612 sunt
589 2593 596 2611 :
614 2594 622 2610 ι
639 2583 719 2617 hujus
732 2583 840 2619 generis
855 2590 928 2616 esse,
944 2573 1020 2616 quod

226 2638 319 2662 narrat
334 2632 521 2667 Erangcliunt,
540 2631 565 2658 itt
585 2630 725 2658 excelsum
741 2635 860 2657 mmttcm
878 2637 892 2655 a
909 2627 1018 2655 diabolo

225 2681 316 2708 Jcsum
331 2686 392 2707 esse
409 2679 585 2711 subvectum,
610 2682 640 2703 ut
667 2676 791 2703 universa
818 2674 910 2702 mundi
935 2681 1023 2711 regna.

261 2749 284 2764 ⁷⁹
301 2747 387 2775 Exod.
405 2746 519 2778 “2,29.
564 2747 587 2763 ⁷³
601 2746 621 2774 ll
638 2745 717 2774 Esdr.
733 2752 794 2779 χιιι,
809 2745 853 2773 19.

228 2783 250 2799 ⁷⁸
264 2782 272 2809 l
284 2783 347 2810 Cor.
361 2790 409 2815 vit,
428 2783 474 2809 18.

891 2744 994 2778 ⁷⁸,Ι..ιις.
1011 2752 1037 2778 .v,
1052 2744 1078 2771 4.

1071 2261 1120 2288 lib.
1145 2269 1163 2289 tt
1188 2261 1259 2289 Hist.
1283 2262 1387 2296 στεῖβε..
1413 2270 1474 2298 cap.
1490 2263 1533 2294 l7,
1550 2262 1633 2290 multa
1665 2262 1811 2291 Philonem
1834 2264 1863 2290 de

1072 2306 1251 2342 Thcrapeutis
1264 2309 1321 2344 (qui
1344 2314 1441 2336 asccta:
1458 2315 1536 2336 erant
1551 2308 1698 2336 Christiani
1717 2308 1864 2346 AEgyptuut

1073 2354 1232 2389 incolentes)
1248 2362 1482 2386 commemorare;
1501 2355 1548 2382 scd
1564 2355 1629 2382 illud
1650 2355 1809 2390 pra'cipuc.
1825 2362 1862 2383 to-

1072 2406 1113 2428 tos
1131 2402 1157 2429 in
1177 2402 1353 2429 meditatione
1369 2401 1548 2437 pbilosopbire
1566 2401 1624 2428 dies
1647 2402 1797 2430 traducere
1821 2411 1863 2430 θοι

1073 2447 1149 2473 litum
1167 2447 1250 2474 fuisse
1272 2447 1348 2482 ipsis,
1373 2453 1401 2475 ct
1421 2448 1446 2475 in
1475 2453 1618 2482 praeceptis
1640 2448 1790 2482 sapientia:
1817 2449 1862 2476 sibi

1075 2492 1180 2520 traditis
1205 2493 1351 2527 allegorice
1373 2493 1562 2528 explicandis;
1580 2488 1681 2528 quippe
1707 2495 1758 2529 qui
1787 2494 1861 2521 verba

1072 2537 1262 2566 cvistiutarcut
1275 2538 1351 2573 signa
1365 2546 1427 2566 esse
1443 2545 1533 2566 rerum
1546 2538 1714 2571 abditarum,
1726 2546 1790 2574 qua:
1803 2539 1862 2566 alle-

1072 2584 1209 2617 goriarutn
1226 2592 1277 2619 ope
1290 2585 1343 2612 sint
1355 2585 1480 2612 eruendm
1495 2593 1502 2611 :
1520 2589 1600 2619 atque
1613 2585 1683 2612 hanc
1699 2593 1784 2619 porro
1802 2594 1861 2613 cou-

1071 2629 1242 2656 suctudiuctn
1255 2629 1442 2663 ’l‘herapeutas
1455 2629 1515 2657 illos
1527 2637 1541 2655 a
1555 2628 1705 2664 majoribus
1716 2631 1860 2666 accepisse.

1070 2674 1094 2700 οἳ
1109 2674 1155 2709 τῆί
1171 2675 1303 2711 αἱρέσεως
1318 2676 1420 2703 τούτων
1436 2676 1585 2712 ἀρχηγέται
1601 2677 1746 2712 γενᾶμενθι
1757 2697 1769 2708 ,
1782 2677 1858 2704 mila

1117 2746 1251 2776 "Matth.
1275 2755 1303 2781 ιι,
1322 2747 1366 2775 to.
1405 2748 1429 2763 η
1450 2747 1545 2775 Matth.
1562 2755 1588 2781 ν,
1607 2747 1653 2775 59.
1694 2748 1719 2763 ’τ
1739 2748 1806 2776 ibid.
1819 2747 1858 2774 εν.

262 2838 367 2872 (37-37)
389 2837 495 2865 Primus
510 2839 578 2864 hunc
590 2838 795 2871 interpretiime
816 2836 959 2871 Scriptura:
985 2843 1082 2864 morem
1105 2836 1230 2872 Origcnc;
1249 2846 1298 2864 non
1320 2838 1428 2865 itltCIil.
1451 2837 1727 2873 \‘idej‘rtcfationcnt
1744 2837 1807 2866 tomi
1822 2843 1857 2864 se‘

227 2873 319 2906 cutnli,
335 2873 384 2900 sub
401 2874 492 2906 linem,
511 2874 628 2900 articulo
640 2875 668 2900 ὕ.
