1927 3076
95 125 163 160 ιοθε

518 128 805 163 oat‘GENIANoaUM
827 133 891 161 LIB.
909 132 943 166 rt,
964 132 1040 160 CAP.
1061 132 1094 164 ιι⁷
1114 128 1252 165 ρωεδτ.
1274 125 1343 160 Χιιι.

1655 130 1723 159 10⁵10

96 195 219 230 μνημεῖα
235 196 285 231 τῆς
302 195 331 222 ἒν
355 196 410 228 τοῖς
433 196 675 233 ἁλληγορουμένοις
704 197 775 229 ἰδέας
797 197 883 224 ἀπέλυ

943 203 952 220 ι
971 194 1021 228 Qui
1037 199 1065 221 et
1087 194 1197 222 idoneos
1225 202 1275 222 nos
1300 193 1364 221 fecit
1392 193 1530 221 minlstros
1543 190 1722 233 NoriTcsta-

96 250 159 267 πον.
173 251 182 266 ι
195 241 245 274 Qui
258 247 337 268 secuc
345 243 468 276 ipsorum
482 249 606 270 auctores
619 244 700 270 multa
714 249 886 271 monumenta

95 286 228 314 doctrina:
253 287 278 314 iu
301 281 439 322 allegoriis
463 290 558 323 posita:
587 289 762 324 reliquerunt.
790 299 798 315 I
830 289 887 317 Hoc

94 331 184 366 ipsum
201 333 301 360 clarius
321 332 461 360 Philonem
473 332 515 362 his
534 335 623 362 verbis
639 340 762 369 repetere
782 335 821 362 ait
838 335 888 362 ali-

93 377 196 412 quibus
218 377 366 414 interjcctis
383 378 514 406 Eusebius
533 387 539 405 :
566 381 598 406 At
615 379 642 406 δὲ
669 371 812 416 ἐξηγήσεις
833 380 886 407 τῶν

93 422 177 458 ἱερῶν
202 423 375 459 Γραμμάτων
399 430 517 459 γινονται
541 425 632 457 αὐτοῖς
650 417 682 452 δι’
701 425 832 452 ὑπονοιῶν
857 426 886 451 ἐν

93 468 281 505 ἀλληγορίαις.
309 470 418 496 Ἅπασα.
444 468 498 506 γὰρ
521 471 537 506 ἡ
563 470 707 506 νομοθεσία
735 471 808 497 δοκεῖ
831 472 886 503 τοῖς

92 514 208 550 ἀνδράσι
220 515 325 546 τούτοις
346 514 462 542 ἑοικέναι
487 515 562 551 ζώῳ·
579 516 626 542 καὶ
643 516 723 551 σῶμα
742 517 790 552 μὲν
812 516 883 552 ἔχειν

90 561 145 592 τὰς
164 561 248 597 ῥητὰς
270 560 366 594 λέξεις,
391 562 478 598 ψυχὴν
498 562 526 588 δὲ
541 562 585 590 τὸν
601 563 810 599 ὲναποκείμενον
825 564 886 594 ταῖς

91 601 202 641 λέξεσιν
219 607 336 644 ἀόρατον
348 607 420 635 νοῦν.
439 618 447 634 ι
462 609 677 644 Interpretantur
691 615 778 636 autem
793 617 885 637 sacras

91 655 251 689 Seripturas
264 655 377 689 ﬁgurate
397 662 446 689 per
465 654 622 690 allegorias.
640 655 771 683 Universa
785 655 885 690 quippe

91 699 138 728 lex
156 700 221 727 viris
245 694 297 727 illis
318 700 426 728 animali
445 700 541 728 similis
555 709 615 728 esse
632 701 738 728 videtur
758 710 764 728 :
785 706 812 728 et
829 708 887 728 cor-

90 754 147 781 pus
160 746 270 781 qdidem
297 746 355 781 ipsa
369 753 429 773 esse
455 747 548 781 verba,
573 747 692 774 animam
716 751 804 774 autent
825 755 885 775 esse

90 792 299 820 delitescentem
320 797 348 819 et
371 793 505 821 occultum
532 801 660 825 sensum,
683 793 728 828 qui
751 794 884 828 aspectari

91 845 149 864 non
161 842 258 872 potest.
278 847 286 864 ι
305 836 390 870 Quam
405 837 611 865 similitudinem
629 838 762 873 Origenes
776 847 883 875 quoque

91 883 246 918 usurparit,
273 888 302 910 ut
322 884 450 919 superius
473 884 576 911 dictum
595 888 646 912 est.
664 885 758 920 Itaque
772 885 794 914 si
810 892 884 914 stare

89 930 211 957 velimus
223 930 247 957 id
259 931 330 965 quod
344 931 439 958 scribit
458 931 490 957 tle
506 930 617 958 Philone
634 930 748 960 Photius
762 934 822 961 cod.
840 941 883 966 cv,

97 975 147 1007 Ἐξ
159 972 199 1008 οὗ,
215 974 290 1012 οἶμαι
300 996 307 1007 ,
318 977 366 1003 καὶ
381 978 434 1008 πᾶς
448 977 461 1002 ὁ
477 977 654 1016 ἀλληγορικὸς
671 980 719 1016 τῆς
730 980 840 1015 Γρσρῴῆς
855 980 884 1007 ἐν

89 1023 126 1057 τῇ
151 1022 298 1057 Ἐκκλησίᾳ
309 1022 480 1060 λόγος’ἕτλεν
495 1025 581 1061 ἀρχὴν
594 1026 744 1061 εἰσρυῆναι.
763 1035 773 1052 ‹
789 1026 827 1053 Ex
840 1033 883 1058 eo,

90 1067 202 1103 opinor,
227 1068 318 1097 omnis
343 1068 486 1105 allegorica
505 1071 652 1105 Scriptura:
673 1071 884 1106 interpretanda:

91 1114 166 1141 ratio
179 1114 204 1142 iu
216 1114 365 1145 Ecclesiam
378 1117 497 1144 irrueudi
510 1117 604 1145 habuit
617 1118 740 1150 initium;
756 1128 765 1144 ι
778 1119 885 1153 etquod

91 1159 135 1188 ait
148 1158 336 1194 Bellarminus,
347 1161 512 1190 Testamenti
524 1163 630 1190 Veteris
649 1163 804 1199 Scripturas
823 1163 886 1191 Phi-

93 1208 187 1235 lonem
200 1208 316 1242 primum
329 1210 498 1244 exposuisse,
512 1209 548 1236 ita
561 1209 753 1243 accipiendum
768 1215 819 1242 est,
832 1210 886 1244 pri-

93 1262 172 1282 mum
187 1262 279 1282 eorum
292 1263 353 1282 esse
368 1255 518 1287 Philonem,
532 1263 646 1290 quorum
657 1256 841 1290 expositiones
858 1257 884 1284 in

93 1300 302 1328 Testamentum
318 1301 401 1329 Vetus
424 1301 457 1327 ad
480 1301 550 1328 hanc
566 1305 672 1328 aetatem
695 1307 886 1335 pervenerunt.

92 1347 164 1374 Cum
179 1352 284 1374 veteres
301 1354 365 1381 ergo
374 1348 539 1382 therapeuta:
548 1347 679 1381 majorum
688 1356 799 1375 suorum
811 1349 887 1375 insti-

94 1398 153 1420 tuta
161 1398 356 1428 persequentes
364 1393 534 1429 Scripturam-
550 1394 703 1430 allegorieis
720 1395 887 1429 explanatio-

94 1440 177 1467 nibus
187 1440 367 1473 illustrarent,
380 1442 451 1468 hanc
462 1441 496 1467 ab
507 1440 559 1468 illis
569 1441 795 1468 consuetudinem
806 1448 884 1469 acce-

94 1487 169 1519 pisse
182 1486 321 1514 Philonem
336 1487 423 1521 ipsum
437 1487 640 1520 rerisimileest,
654 1487 730 1521 cujus
744 1487 886 1514 luculenta:

94 1534 124 1560 in
137 1532 304 1567 Scripturam
317 1532 449 1568 allegoria:
464 1537 618 1567 supersunt.
630 1532 801 1560 Aristubulus
814 1540 884 1568 quo-
898 1549 919 1578 ο

92 1586 149 1612 que
164 1577 272 1605 Judacus
289 1577 400 1606 Philone
414 1579 544 1606 vetustior
560 1579 766 1607 commentariis
786 1579 843 1607 suis
857 1579 884 1607 in

93 1623 309 1650 l’entateucbum
323 1623 432 1659 Moysis,
447 1623 758 1657 allegoriasinseruerat.
770 1625 804 1651 At
819 1624 885 1652 Por-

94 1669 210 1704 phyrius
234 1670 303 1704 apud
318 1670 442 1697 eumdem
476 1669 620 1697 Eusebium
646 1670 693 1697 lib.
717 1677 742 1698 Vt
769 1670 882 1704 Hii-ton,

93 1723 156 1749 cap.
176 1715 219 1748 l9,
232 1713 316 1742 refert
327 1715 472 1751 Origenem
487 1723 520 1743 ex
533 1716 640 1743 assidua
656 1716 786 1744 librorum
804 1716 884 1743 Chae-

93 1761 217 1789 remouis
235 1761 340 1794 Stoici,
366 1766 393 1789 et
415 1761 526 1789 Cornuti
550 1761 729 1795 tractatione,
756 1763 883 1789 haustum

93 1807 169 1834 hunc
196 1807 387 1842 allegoriarum
416 1807 524 1834 modum
541 1808 574 1835 ad
603 1806 759 1842 Scripturas
788 1814 882 1835 sacras

94 1853 278 1880 transtulisse.
296 1849 351 1880 Cur
365 1861 416 1881 non
430 1859 458 1880 et
474 1860 507 1880 eo
523 1853 667 1888 impulsum
681 1854 768 1881 dicam
784 1853 883 1881 Metro-

93 1899 154 1926 dori
183 1899 359 1934 Lampsaceni
375 1899 517 1934 exemplo,
532 1907 611 1933 quem
635 1903 728 1927 narrat
752 1899 883 1927 Tatianus

94 1951 186 1973 totum
199 1945 343 1973 llomerum
357 1945 383 1972 in
397 1945 538 1979 aliegorias
553 1946 676 1978 traxisse,
691 1951 719 1973 et
732 1945 883 1974 Heraclidis

91 1991 199 2019 Pontici
213 1992 418 2020 llomericarum
428 1991 619 2026 allegoriarum
629 1992 789 2027 scriptoris?
802 1991 885 2026 Equi-

91 2039 157 2066 dem
184 2043 282 2073 praeter
308 2039 448 2073 superiora
471 2039 585 2067 Paulum
611 2039 748 2074 praecipue
773 2038 882 2073 Origeni

91 2090 233 2112 auctorem
249 2084 331 2112 fuisse
343 2093 451 2117 censeo,
467 2092 515 2113 cur
528 2085 688 2120 allegoricas
701 2084 884 2119 expositiones

92 2137 272 2159 sectaretur:
293 2132 316 2159 is
339 2139 456 2166 namque
475 2132 501 2158 in
522 2131 641 2166 Epistola
662 2131 695 2158 ad
712 2130 823 2158 Galatas
836 2138 885 2165 per

92 2177 257 2212 allegoriam
276 2177 345 2204 dicta
355 2177 458 2209 sciscit,
473 2185 534 2212 qua:
549 2178 575 2204 in
592 2177 734 2212 Scriptura
748 2177 780 2204 de
793 2176 888 2203 lsaaco

940 241 1032 271 menti,
1044 248 1097 267 non
1109 234 1216 274 litterae,
1237 239 1283 267 sed
1301 240 1413 274 spiritus
1431 248 1437 266 :
1456 233 1547 267 littera
1569 231 1641 265 enim
1654 237 1725 264 occi-

938 287 986 319 dit,
1015 286 1125 321 spiritus
1151 291 1240 313 autem
1266 286 1406 313 virilicat:
1428 295 1437 311 ι
1453 289 1481 312 et
1506 285 1611 320 reliquo
1637 283 1725 317 capite

937 340 969 359 ac
995 333 1140 367 sequenti,
1168 340 1202 359 ex
1229 339 1283 366 quo
1300 331 1364 358 illud
1388 331 1524 366 praecipue
1547 329 1698 365 usurpabat
1717 339 1723 357 :

940 387 949 403 ι
972 378 1109 405 llabemus
1129 382 1217 404 autem
1236 378 1393 405 thesaurum
1410 379 1489 404 istum
1506 377 1532 404 in
1547 378 1618 404 vasis
1633 377 1724 404 ﬁctili-

936 424 988 451 hus
1009 419 1031 440 ⁷⁵
1050 432 1057 450 :
1082 433 1091 449 ›
1113 428 1139 450 ct
1153 424 1204 450 hoc
1228 426 1309 450 etlam
1328 423 1410 451 eCol.
1425 431 1456 456 ιι,
1474 423 1515 456 ιθ,
1534 423 1565 451 l7
1581 431 1587 449 :
1609 432 1619 449 ί
1639 423 1724 451 Nemo

937 478 1001 505 ergo
1023 477 1071 496 vos
1086 469 1191 505 iudicet
1210 470 1235 496 in
1251 469 1312 497 cibo
1331 474 1376 496 aut
1395 470 1420 496 in
1437 475 1512 504 potu,
1536 474 1582 497 aut
1599 471 1625 496 in
1648 474 1724 504 parte

937 517 987 543 dici
1001 537 1008 548 ,
1033 521 1079 542 aut
1095 516 1261 548 neomeniae,
1280 521 1327 542 aut
1354 516 1532 543 Sabbatorum
1553 524 1559 542 :
1578 523 1639 550 quzc
1662 521 1725 543 sunt

936 563 1032 589 umbra
1046 561 1211 595 futurorum,
1225 569 1324 596 corpus
1344 566 1434 590 autem
1454 562 1566 593 Christi,-
1582 571 1590 587 ι
1610 561 1724 596 aliisque

936 608 1038 641 multis,
1051 616 1111 642 qua:
1131 601 1177 635 lib.
1195 616 1222 635 IV
1250 608 1287 635 De
1314 608 1415 642 princip
1432 628 1438 640 ,
1459 615 1517 641 cap.
1535 607 1562 640 2,
1582 608 1664 634 etlib.
1697 615 1724 634 tv

936 658 1021 680 contr.
1038 653 1118 686 σείς..
1132 662 1208 681 ιιιιιιι.
1224 654 1270 687 44,
1295 654 1453 681 recitantur.
1469 653 1603 681 Nonnulla
1616 660 1724 688 quoque

935 692 1066 734 Joannes,
1084 701 1213 728 nonnulla
1229 701 1310 729 etiam
1323 701 1448 728 Christus
1463 701 1590 728 Dominus
1600 701 1632 728 ad
1656 701 1724 728 alle-

936 754 1038 781 gortam
1065 747 1196 774 trahenda
1224 748 1336 774 docuit:
1357 747 1455 782 quibus
1482 747 1612 781 exemplis
1636 747 1722 774 fretus

936 792 1065 828 Origenes
1080 794 1106 822 in
1122 793 1267 830 allegorias
1279 797 1384 829 poterat
1400 800 1558 825 excurrere.
1575 793 1596 822 si
1611 793 1721 822 nitidum

939 839 1078 869 tenuisset.
1103 841 1137 867 At
1159 841 1256 869 Celsus
1275 841 1407 875 ejusmodi
1433 841 1669 875 interpretationes
1696 841 1723 867 in

936 887 1098 916 calumniam
1118 888 1257 921 trahebat,
1268 895 1328 914 cum
1345 888 1447 915 diceret
1460 887 1541 914 multa
1556 887 1581 914 in
1597 887 1721 921 Scriptu-

937 934 974 961 ris
999 934 1092 961 haberi
1108 934 1244 961 honestati
1267 942 1372 962 morum
1396 941 1491 969 parum
1516 938 1700 961 consentanea
1714 953 1723 966 ,

936 980 1024 1014 iisque
1047 979 1235 1015 allegoriarum
1260 984 1418 1015 praetextum
1438 988 1453 1007 a
1478 978 1579 1007 Judmis
1601 985 1629 1007 et
1644 980 1725 1007 Chri—

936 1025 1034 1052 stianis
1059 1026 1183 1052 consulto
1201 1026 1323 1057 obtendi,
1338 1034 1399 1053 cum
1424 1033 1530 1053 omnem
1560 1031 1648 1053 tamen
1664 1026 1725 1054 alle-

937 1071 1039 1106 goriam
1055 1077 1224 1107 respuerent,
1238 1079 1270 1099 ac
1281 1080 1362 1099 merae
1375 1076 1466 1099 essent
1477 1072 1585 1100 fabulae.
1602 1072 1726 1107 Respon-

937 1117 983 1144 det
999 1113 1130 1152 Origenes
1145 1118 1171 1145 in
1188 1126 1247 1145 eam
1263 1119 1438 1151 sententiam,
1449 1119 1578 1153 quasdam
1597 1119 1725 1147 historias

937 1162 1095 1190 historicum
1110 1163 1252 1199 complecti
1270 1171 1390 1196 sensum,
1409 1165 1539 1198 quasdam
1558 1164 1647 1191 dedita
1659 1171 1726 1198 ope-

937 1217 968 1236 ra
985 1210 1018 1236 ad
1033 1209 1059 1236 id
1072 1216 1132 1237 esse
1148 1210 1273 1244 scriptas,
1294 1215 1324 1236 ut
1336 1209 1478 1244 allegorice
1494 1210 1724 1244 interpretentur:

937 1255 980 1282 cui
1004 1255 1095 1282 multis
1120 1255 1266 1290 Scriptum
1286 1255 1353 1282 locis
1378 1255 1456 1283 (idem
1474 1255 1550 1283 facit.
1569 1255 1637 1282 Tum
1659 1256 1724 1291 quia

937 1300 1077 1335 adjecerat
1098 1301 1192 1329 Celsus
1205 1302 1376 1336 conscriptas
1398 1301 1424 1328 in
1438 1302 1521 1329 libros
1548 1309 1641 1329 sacros
1655 1302 1722 1330 alle-

937 1347 1028 1382 gorias
1041 1351 1134 1382 turpes
1157 1355 1216 1375 esse
1229 1353 1256 1375 et
1274 1348 1416 1379 absurdas,
1433 1348 1484 1375 hoc
1497 1348 1522 1375 iu
1539 1347 1662 1376 Philonis
1682 1349 1726 1376 vei

936 1393 1082 1420 Aristobuli
1097 1395 1307 1421 commentarios
1321 1393 1424 1429 jractum
1447 1395 1603 1429 suspicatur
1625 1394 1722 1429 Orige-

937 1447 984 1467 nes
994 1439 1028 1466 ab
1044 1439 1148 1474 impuro
1161 1440 1282 1474 sophista
1296 1460 1303 1473 ,
1319 1440 1446 1475 quamvis
1462 1443 1545 1467 multa
1560 1441 1622 1467 inde
1636 1440 1727 1468 Graeci

936 1485 1087 1520 philosophi
1110 1493 1174 1513 suos
1196 1486 1222 1513 in
1247 1493 1312 1513 usus
1335 1486 1521 1520 excerpserint
1538 1495 1545 1514 :
1563 1485 1724 1514 Numenium

936 1537 1045 1564 quoque
1058 1530 1268 1566 Pythagoreum,
1279 1531 1413 1567 πολλαχοῦ
1428 1531 1482 1559 τῶν
1500 1533 1726 1568 συγγραμμάτων

935 1577 1015 1604 αὑτοῦ
1034 1577 1205 1613 ὲκτιθέμενον
1233 1578 1266 1604 τὰ
1281 1578 1418 1610 Μωῡσὲως
1432 1579 1479 1605 καὶ
1490 1578 1544 1605 τῶν
1567 1579 1724 1615 προφητῶν,

936 1623 982 1650 καὶ
994 1623 1044 1649 οὐκ
1059 1623 1198 1654 ἀπιθάνως
1210 1623 1279 1650 αὐτὰ
1302 1623 1529 1659 τροπολογοῦντα.
1557 1624 1645 1659 Atque
1668 1626 1726 1652 haec

934 1669 1098 1696 Adamantio
1120 1670 1154 1696 ad
1184 1669 1415 1703 interpretandam
1439 1669 1584 1705 allegorice
1600 1670 1725 1706 Scriptu-

935 1722 992 1741 ram
1009 1715 1138 1742 alluxisse
1153 1714 1241 1741 facem
1256 1715 1371 1749 reperio.
1389 1715 1447 1748 Quo
1472 1724 1532 1743 eum
1553 1717 1635 1743 etiam
1658 1725 1721 1751 per-

935 1761 1002 1795 pulit
1017 1760 1130 1795 praebita
1146 1768 1161 1786 a
1178 1760 1315 1788 Marcione
1332 1762 1439 1788 occasio
1453 1781 1460 1793 ,
1483 1762 1614 1797 pestifero
1639 1763 1726 1790 lueret

935 1806 1000 1838 tico,
1011 1806 1119 1840 quicum
1129 1807 1266 1840 perpetuis
1283 1807 1484 1835 velitationibus
1499 1807 1723 1836 conflictabatur:

935 1853 958 1879 is
974 1852 1046 1879 enim
1059 1859 1126 1879 cum'
1142 1852 1286 1887 allegorias
1301 1860 1314 1879 a
1339 1852 1489 1887 Scriptura:
1507 1854 1725 1887 expositionibus

935 1898 1043 1933 penitus
1059 1898 1227 1931 excluderet,
1246 1898 1304 1932 ejus
1316 1899 1488 1933 oppugnandi
1508 1899 1598 1926 studio
1613 1904 1725 1926 contra;

936 1944 974 1971 ria
990 1943 1079 1970 omnia
1096 1949 1207 1971 secutus
1223 1950 1276 1976 est,
1292 1943 1482 1980 allegoriisque
1498 1946 1623 1972 consulto
1635 1946 1725 1973 indul-

935 1990 978 2017 sit.
992 1989 1069 2023 Quod
1085 1994 1111 2017 et
1126 1991 1257 2018 adversus
1276 1990 1374 2018 litterae
1397 1995 1546 2018 sectatores
1559 1991 1660 2019 iactum
1687 1993 1726 2020 ab‘

935 2043 968 2063 eo
983 2036 1120 2071 conjicere
1134 2036 1197 2063 licet
1208 2043 1242 2064 ex
1258 2036 1291 2064 iis
1303 2044 1364 2071 qua:
1384 2036 1495 2064 homilia
1515 2037 1558 2070 η,
1574 2037 1601 2065 in
1614 2038 1723 2067 Lct'itic.

936 2083 992 2117 ipse
1005 2083 1179 2117 conscripsit.

971 2127 1014 2154 IV.
1029 2128 1086 2164 (58)
1095 2128 1222 2154 Attamen
1234 2129 1391 2156 accuratius
1403 2129 1504 2164 scripta
1517 2129 1575 2164 ejns
1589 2130 1727 2158 evolvenli‘

936 2174 1019 2201 multa
1035 2179 1191 2206 occurrent,
1207 2175 1233 2201 in
1254 2175 1351 2208 quibus
1362 2182 1438 2202 suam
1452 2175 1549 2203 litterre
1564 2175 1727 2211 dignitatem‘

91 2229 120 2250 et
134 2222 258 2255 lsmaele,
280 2223 331 2250 hoc
345 2230 379 2249 ex
392 2222 488 2250 ancilla
506 2229 583 2255 nato,
599 2222 644 2249 illo
663 2230 678 2249 e
693 2222 790 2254 libera,
806 2229 881 2248 com-
898 2222 920 2249 D
936 2223 1036 2250 servat.
1054 2225 1081 2247 et
1101 2220 1134 2247 de
1155 2228 1186 2247 ea
1199 2228 1276 2254 aequa
1292 2229 1323 2248 ac
1340 2226 1415 2248 recta
1431 2222 1544 2253 scribit;
1563 2222 1724 2250 historicum

93 2275 292 2297 memorantur.
303 2269 365 2297 lmle
374 2269 504 2304 Origenes
518 2269 565 2296 lib.
580 2276 607 2296 tv
615 2274 698 2296 contr.
714 2267 795 2300 Cels”
807 2275 882 2294 nunt.

89 2316 126 2342 ιι
154 2324 160 2341 :
181 2315 300 2350 Νύμφας
326 2324 354 2341 τε
376 2315 423 2341 καὶ
444 2314 636 2350 θεραπαινίδας
667 2314 816 2348 ἀνάγεσθαι
833 2314 882 2340 ἐπὶ

91 2361 272 2396 τροπολογίαν
289 2362 338 2396 οὐχ
351 2363 430 2396 ἡμεῖς
443 2361 614 2395 διδάσκομεν,
639 2359 695 2386 ἀλλ’
710 2359 813 2386 ἄνωθεν
828 2360 883 2385 ἀπὸ

91 2405 184 2440 σοφῶν
204 2406 411 2442 παρειλήφαμεν
422 2414 428 2420 ·
445 2403 481 2432 ὧν
498 2403 538 2436 εἷς
554 2414 596 2437 τις
617 2404 721 2439 ἔφασκε
743 2405 884 2440 διεγείρων

89 2453 138 2479 τὸν
150 2453 287 2488 ὰκρθάτην
296 2454 341 2479 ἐπὶ
353 2451 529 2487 τροπολογίας
538 2460 545 2466 ·
560 2450 659 2485 Λέγετὲ
678 2459 733 2485 μοι,
747 2450 772 2476 οἰ
782 2449 830 2476 τὸν
842 2449 885 2476 νό-

91 2507 145 2534 μον
161 2498 402 2533 ἀναγινώσκοντες,
429 2498 474 2525 τὸν
490 2497 571 2533 νόμον
591 2497 640 2524 οὐκ
663 2495 795 2528 ditatis-ta;
822 2503 882 2529 qua:

91 2545 176 2573 verba
194 2546 327 2573 habentur
336 2545 396 2572 Gal.
414 2552 451 2577 ιν,
465 2544 511 2571 2-1.
527 2544 620 2577 Itaque
634 2542 774 2569 arcessitis
786 2549 801 2569 e
813 2541 882 2568 Pau-

92 2592 120 2620 lo
135 2592 299 2620 testimoniis
310 2591 454 2626 allegorias
470 2598 532 2618 suas
547 2590 617 2618 tueri
627 2592 807 2616 consueverat
821 2587 883 2615 Ori-

89 2646 192 2675 genes;
219 2638 292 2665 velut
317 2638 363 2665 illo
389 2636 466 2664 Pauli
483 2643 498 2664 e
520 2635 531 2663 Ι
552 2636 615 2663 Cor.
629 2643 658 2667 ιι,
672 2635 710 2669 4,;
725 2643 734 2660 ‹
750 2633 883 2660 Btbebant

89 2690 184 2712 autem
211 2676 381 2719 de'spiritali
399 2686 584 2716 consequente
610 2688 657 2708 eos
682 2686 775 2715 petra;
805 2684 881 2714 petra

90 2736 183 2759 autem
201 2735 260 2758 erat
283 2730 426 2758 Christus:
449 2738 459 2754 ›
487 2732 515 2756 et
538 2728 591 2755 isto
614 2735 642 2762 er
657 2728 678 2753 ll
698 2727 764 2754 Cor.
787 2734 827 2759 ιιι,
844 2727 880 2753 t5:

127 2789 151 2804 "
166 2788 188 2815 ll
204 2787 266 2815 Cor.
278 2796 314 2819 l\',
328 2787 370 2814 7.‘

129 2846 186 2881 (38)
219 2847 339 2872 Attamen
358 2844 518 2882 accuratius
544 2843 640 2882 scripta
667 2842 737 2882 ejus.
753 2841 879 2882 evolventi

91 2878 176 2908 multa
192 2885 338 2914 occurrent,
355 2881 381 2917 in
396 2880 488 2918 quibus
503 2886 586 2916 suam
610 2879 705 2916 liltcrw
723 2878 874 2910 dignitatem

937 2265 963 2292 in
978 2265 1111 2299 aliquibus
1127 2267 1270 2293 admittens
1282 2259 1391 2294 sensum
1404 2288 1411 2297 ,
1425 2267 1596 2301 allegoricunt
1610 2268 1634 2294 in
1656 2269 1722 2302 plu-‘

937 2312 1021 2344 ribus,
1040 2312 1066 2338 in
1084 2312 1174 2338 multis
1187 2316 1339 2346 utrumque.
1354 2313 1422 2346 Quid
1434 2314 1559 2341 usitatius
1571 2314 1608 2340 illi
1623 2314 1655 2340 ad
1670 2321 1722 2348 po.

936 2357 1027 2391 pulum
1045 2357 1195 2391 peroranti,
1214 2365 1295 2392 quam
1318 2358 1438 2393 mystica
1450 2359 1615 2393 expositioni
1640 2359 1727 2386 interi

937 2403 1114 2437 pretationem
1125 2404 1220 2430 littera:
1227 2404 1309 2430 veluti
1318 2403 1524 2432 fundamentum
1532 2405 1706 2433 substernere
1713 2403 1730 2433 ἐ’

940 2447 1053 2474 llomilia
1072 2449 1178 2482 quidem
1198 2449 1287 2483 priore
1301 2450 1329 2476 in
1343 2448 1473 2482 Genesim,
1489 2458 1564 2477 num.
1582 2451 1614 2478 14
1637 2457 1663 2478 et
1681 2452 1723 2485 15,

938 2502 1046 2521 versum
1062 2495 1097 2521 27
1124 2500 1152 2522 et
1171 2495 1218 2526 28.
1233 2495 1313 2530 primi
1329 2496 1426 2530 capitis
1444 2496 1609 2528 edisserens,
1626 2498 1660 2524 ab
1676 2503 1730 2525 cx-'

937 2541 1094 2576 planatione
1109 2542 1204 2569 littera:
1219 2542 1375 2576 auspicatus
1387 2542 1421 2569 ad
1438 2542 1596 2577 allegoriam
1614 2545 1723 2571 transit.

937 2586 1052 2614 [loruilia
1066 2589 1188 2621 sequenti
1208 2596 1283 2614 lttllll.
1302 2588 1329 2620 1,
1343 2589 1424 2615 verba
1440 2588 1561 2615 facturus
1573 2588 1606 2615 de
1621 2589 1728 2617 l'abrica'

936 2629 1006 2660 arci:
1021 2632 1138 2661 Nocticae
1150 2653 1158 2665 ,
1182 2643 1191 2659 ί
1210 2633 1300 2661 Primo
1314 2634 1453 2666 omnium,
1473 2634 1569 2668 inquit,
1584 2634 1730 2662 vldeamus'

937 2687 996 2714 quae
1016 2680 1050 2707 de
1071 2686 1102 2707 ea
1118 2680 1266 2707 secundum
1292 2679 1409 2706 litteram
1423 2678 1589 2712 referuntur,
1603 2684 1630 2706 et
1648 2687 1725 2715 qum;

937 2726 1038 2753 stiones
1059 2730 1241 2761 proponeutes
1260 2732 1321 2759 qua:
1342 2723 1421 2759 obiici
1447 2732 1462 2751 a
1487 2723 1611 2759 pluribus
1624 2724 1730 2758 solent;

935 2845 1031 2901 seruati,
1048 2847 1101 2903 θὲς.
1120 2839 1197 2876 Vidc_
1208 2839 1397 2868 Prmfationein
1414 2837 1483 2867 tomi
1499 2840 1585 2869 nostri
1598 2839 1728 2872 secundi,-

935 2881 1016 2903 arttctt
1030 2886 1044 2903 υ
1083 2895 1089 2902 .

931 2881 1044 2903 articulo
1063 2881 1098 2910 8.,
