  <div class='ocr_page' id='page_1' title='image "/cluster/home/n/w/nwhite01/storage/ocr_20150623/17/njp.32101010944583/739.png"; bbox 0 0 1927 3076; ppageno 0'>
   <div class='ocr_carea' id='block_1_1' title="bbox 215 131 280 173">
    <p class='ocr_par' dir='ltr' id='par_1_1' title="bbox 215 131 280 173">
     <span class='ocr_line' id='line_1_1' title="bbox 215 131 280 173; baseline 0.015 -1"><span class='ocrx_word' id='word_1_1' title='bbox 215 131 280 173; x_wconf 69' lang='lat' dir='ltr'><strong>um</strong></span> 
     </span>
    </p>
   </div>
   <div class='ocr_carea' id='block_1_2' title="bbox 846 126 1190 171">
    <p class='ocr_par' dir='ltr' id='par_1_2' title="bbox 846 126 1190 171">
     <span class='ocr_line' id='line_1_2' title="bbox 846 126 1190 171; baseline 0.009 -3"><span class='ocrx_word' id='word_1_2' title='bbox 846 141 876 169; x_wconf 81' lang='grc' dir='ltr'><strong>ρ.</strong></span> <span class='ocrx_word' id='word_1_3' title='bbox 898 126 1054 170; x_wconf 64' lang='grc' dir='ltr'>ιλιΝιιλιιδ</span> <span class='ocrx_word' id='word_1_4' title='bbox 1074 142 1190 171; x_wconf 76' lang='lat' dir='ltr'><strong>nomn</strong></span> 
     </span>
    </p>
   </div>
   <div class='ocr_carea' id='block_1_3' title="bbox 1762 145 1831 172">
    <p class='ocr_par' dir='ltr' id='par_1_3' title="bbox 1762 145 1831 172">
     <span class='ocr_line' id='line_1_3' title="bbox 1762 145 1831 172; baseline 0 0"><span class='ocrx_word' id='word_1_5' title='bbox 1762 145 1831 172; x_wconf 72' lang='grc'><strong>1072</strong></span> 
     </span>
    </p>
   </div>
   <div class='ocr_carea' id='block_1_4' title="bbox 212 203 1825 239">
    <p class='ocr_par' dir='ltr' id='par_1_4' title="bbox 212 203 1825 239">
     <span class='ocr_line' id='line_1_4' title="bbox 212 203 1825 239; baseline -0.001 -7"><span class='ocrx_word' id='word_1_6' title='bbox 212 205 293 233; x_wconf 85' lang='lat' dir='ltr'><strong>etiam</strong></span> <span class='ocrx_word' id='word_1_7' title='bbox 308 204 490 233; x_wconf 72' lang='lat' dir='ltr'><strong>absolutiones</strong></span> <span class='ocrx_word' id='word_1_8' title='bbox 501 211 595 232; x_wconf 87' lang='lat' dir='ltr'><strong>earum</strong></span> <span class='ocrx_word' id='word_1_9' title='bbox 613 211 646 231; x_wconf 91' lang='lat' dir='ltr'><strong>ex</strong></span> <span class='ocrx_word' id='word_1_10' title='bbox 660 203 702 231; x_wconf 92' lang='lat' dir='ltr'><strong>his</strong></span> <span class='ocrx_word' id='word_1_11' title='bbox 715 210 776 238; x_wconf 82' lang='lat' dir='ltr'><strong>quae</strong></span> <span class='ocrx_word' id='word_1_12' title='bbox 797 203 875 231; x_wconf 91' lang='lat' dir='ltr'><strong>nobis</strong></span> <span class='ocrx_word' id='word_1_13' title='bbox 898 208 962 230; x_wconf 85' lang='lat' dir='ltr'><strong>sunt</strong></span> <span class='ocrx_word' id='word_1_14' title='bbox 977 212 992 230; x_wconf 87' lang='lat' dir='ltr'><strong>a</strong></span> <span class='ocrx_word' id='word_1_15' title='bbox 1007 208 1031 235; x_wconf 74' lang='grc' dir='ltr'>Α</span> <span class='ocrx_word' id='word_1_16' title='bbox 1045 209 1074 231; x_wconf 89' lang='grc' dir='ltr'><strong>ιιι</strong></span> <span class='ocrx_word' id='word_1_17' title='bbox 1091 204 1240 239; x_wconf 75' lang='lat' dir='ltr'><strong>Scriptum</strong></span> <span class='ocrx_word' id='word_1_18' title='bbox 1254 204 1289 232; x_wconf 84' lang='lat' dir='ltr'><strong>de</strong></span> <span class='ocrx_word' id='word_1_19' title='bbox 1307 203 1341 232; x_wconf 91' lang='lat' dir='ltr'><strong>iis</strong></span> <span class='ocrx_word' id='word_1_20' title='bbox 1355 203 1512 236; x_wconf 83' lang='lat' dir='ltr'><strong>continent.</strong></span> <span class='ocrx_word' id='word_1_21' title='bbox 1527 203 1699 232; x_wconf 74' lang='lat' dir='ltr'><strong>observanda</strong></span> <span class='ocrx_word' id='word_1_22' title='bbox 1720 209 1795 232; x_wconf 89' lang='lat' dir='ltr'><strong>sunt.</strong></span> <span class='ocrx_word' id='word_1_23' title='bbox 1816 214 1825 230; x_wconf 73' lang='grc' dir='ltr'><strong>ι</strong></span> 
     </span>
    </p>
   </div>
   <div class='ocr_carea' id='block_1_5' title="bbox 212 249 993 284">
    <p class='ocr_par' dir='ltr' id='par_1_5' title="bbox 212 249 993 284">
     <span class='ocr_line' id='line_1_5' title="bbox 212 249 993 284; baseline 0 -7"><span class='ocrx_word' id='word_1_24' title='bbox 212 249 360 284; x_wconf 85' lang='lat' dir='ltr'><strong>majoribus</strong></span> <span class='ocrx_word' id='word_1_25' title='bbox 369 249 476 281; x_wconf 87' lang='lat' dir='ltr'><strong>tradita,</strong></span> <span class='ocrx_word' id='word_1_26' title='bbox 487 249 676 283; x_wconf 80' lang='lat' dir='ltr'><strong>requiramus;</strong></span> <span class='ocrx_word' id='word_1_27' title='bbox 693 254 722 276; x_wconf 93' lang='lat' dir='ltr'><strong>ut</strong></span> <span class='ocrx_word' id='word_1_28' title='bbox 735 256 796 276; x_wconf 91' lang='lat' dir='ltr'><strong>cum</strong></span> <span class='ocrx_word' id='word_1_29' title='bbox 809 249 993 284; x_wconf 81' lang='lat' dir='ltr'><strong>hujuscemodi</strong></span> 
     </span>
    </p>
   </div>
   <div class='ocr_carea' id='block_1_6' title="bbox 212 295 995 330">
    <p class='ocr_par' dir='ltr' id='par_1_6' title="bbox 212 295 995 330">
     <span class='ocr_line' id='line_1_6' title="bbox 212 295 995 330; baseline -0.001 -7"><span class='ocrx_word' id='word_1_30' title='bbox 212 295 386 323; x_wconf 80' lang='lat' dir='ltr'><strong>fundamenta</strong></span> <span class='ocrx_word' id='word_1_31' title='bbox 396 295 543 330; x_wconf 88' lang='lat' dir='ltr'><strong>jecerimus</strong></span> <span class='ocrx_word' id='word_1_32' title='bbox 555 314 563 328; x_wconf 91' lang='lat'><strong>,</strong></span> <span class='ocrx_word' id='word_1_33' title='bbox 580 295 614 322; x_wconf 87' lang='lat' dir='ltr'><strong>ab</strong></span> <span class='ocrx_word' id='word_1_34' title='bbox 631 295 753 322; x_wconf 74' lang='lat' dir='ltr'><strong>historia:</strong></span> <span class='ocrx_word' id='word_1_35' title='bbox 769 300 844 324; x_wconf 91' lang='lat' dir='ltr'><strong>textu</strong></span> <span class='ocrx_word' id='word_1_36' title='bbox 858 295 995 330; x_wconf 86' lang='lat' dir='ltr'><strong>possimus</strong></span> 
     </span>
    </p>
   </div>
   <div class='ocr_carea' id='block_1_7' title="bbox 212 339 995 376">
    <p class='ocr_par' dir='ltr' id='par_1_7' title="bbox 212 339 995 376">
     <span class='ocr_line' id='line_1_7' title="bbox 212 339 995 376; baseline -0.001 -8"><span class='ocrx_word' id='word_1_37' title='bbox 212 341 358 368; x_wconf 82' lang='lat' dir='ltr'><strong>ascendere</strong></span> <span class='ocrx_word' id='word_1_38' title='bbox 368 340 401 368; x_wconf 81' lang='lat' dir='ltr'><strong>ad</strong></span> <span class='ocrx_word' id='word_1_39' title='bbox 412 340 542 375; x_wconf 74' lang='lat' dir='ltr'><strong>spiritalis</strong></span> <span class='ocrx_word' id='word_1_40' title='bbox 556 339 740 375; x_wconf 70' lang='lat' dir='ltr'><strong>intelligentiae</strong></span> <span class='ocrx_word' id='word_1_41' title='bbox 761 340 905 376; x_wconf 78' lang='lat' dir='ltr'><strong>mystiCum</strong></span> <span class='ocrx_word' id='word_1_42' title='bbox 917 345 944 368; x_wconf 85' lang='lat' dir='ltr'><strong>et</strong></span> <span class='ocrx_word' id='word_1_43' title='bbox 956 341 995 367; x_wconf 87' lang='lat' dir='ltr'><strong>al-</strong></span> 
     </span>
    </p>
   </div>
   <div class='ocr_carea' id='block_1_8' title="bbox 212 385 995 421">
    <p class='ocr_par' dir='ltr' id='par_1_8' title="bbox 212 385 995 421">
     <span class='ocr_line' id='line_1_8' title="bbox 212 385 995 421; baseline 0.003 -9"><span class='ocrx_word' id='word_1_44' title='bbox 212 385 358 420; x_wconf 86' lang='lat' dir='ltr'><strong>legorieum</strong></span> <span class='ocrx_word' id='word_1_45' title='bbox 374 393 483 413; x_wconf 89' lang='lat' dir='ltr'><strong>sensum</strong></span> <span class='ocrx_word' id='word_1_46' title='bbox 493 406 500 418; x_wconf 89' lang='grc'>,</span> <span class='ocrx_word' id='word_1_47' title='bbox 515 390 542 414; x_wconf 90' lang='lat' dir='ltr'><strong>et</strong></span> <span class='ocrx_word' id='word_1_48' title='bbox 555 386 578 413; x_wconf 91' lang='lat' dir='ltr'><strong>si</strong></span> <span class='ocrx_word' id='word_1_49' title='bbox 590 386 654 421; x_wconf 87' lang='lat' dir='ltr'><strong>quid</strong></span> <span class='ocrx_word' id='word_1_50' title='bbox 668 386 696 414; x_wconf 89' lang='lat' dir='ltr'><strong>in</strong></span> <span class='ocrx_word' id='word_1_51' title='bbox 714 387 754 414; x_wconf 90' lang='lat' dir='ltr'><strong>eis</strong></span> <span class='ocrx_word' id='word_1_52' title='bbox 765 394 896 414; x_wconf 88' lang='lat' dir='ltr'><strong>arcanum</strong></span> <span class='ocrx_word' id='word_1_53' title='bbox 911 386 995 414; x_wconf 86' lang='lat' dir='ltr'><strong>conti-</strong></span> 
     </span>
    </p>
   </div>
   <div class='ocr_carea' id='block_1_9' title="bbox 197 429 995 466">
    <p class='ocr_par' dir='ltr' id='par_1_9' title="bbox 197 429 995 466">
     <span class='ocr_line' id='line_1_9' title="bbox 197 429 995 466; baseline 0.003 -8"><span class='ocrx_word' id='word_1_54' title='bbox 197 432 434 466; x_wconf 81' lang='lat' dir='ltr'><strong>‘netur,‘aperire.</strong></span> <span class='ocrx_word' id='word_1_55' title='bbox 453 441 462 457; x_wconf 76' lang='grc' dir='ltr'><strong>ι</strong></span> <span class='ocrx_word' id='word_1_56' title='bbox 477 429 595 459; x_wconf 80' lang='lat' dir='ltr'><strong>Homilia</strong></span> <span class='ocrx_word' id='word_1_57' title='bbox 613 431 629 458; x_wconf 88' lang='lat'><strong>7</strong></span> <span class='ocrx_word' id='word_1_58' title='bbox 650 432 678 459; x_wconf 82' lang='lat' dir='ltr'><strong>in</strong></span> <span class='ocrx_word' id='word_1_59' title='bbox 702 431 796 460; x_wconf 73' lang='lat' dir='ltr'><strong>Gener.</strong></span> <span class='ocrx_word' id='word_1_60' title='bbox 812 429 846 460; x_wconf 86' lang='lat' dir='ltr'><strong>de</strong></span> <span class='ocrx_word' id='word_1_61' title='bbox 862 431 955 460; x_wconf 85' lang='lat' dir='ltr'><strong>lsanco</strong></span> <span class='ocrx_word' id='word_1_62' title='bbox 967 436 995 460; x_wconf 87' lang='lat' dir='ltr'><strong>et</strong></span> 
     </span>
    </p>
   </div>
   <div class='ocr_carea' id='block_1_10' title="bbox 197 477 994 513">
    <p class='ocr_par' dir='ltr' id='par_1_10' title="bbox 197 477 994 513">
     <span class='ocr_line' id='line_1_10' title="bbox 197 477 994 513; baseline 0.001 -9"><span class='ocrx_word' id='word_1_63' title='bbox 197 477 324 504; x_wconf 78' lang='lat' dir='ltr'><strong>‘lsmaele</strong></span> <span class='ocrx_word' id='word_1_64' title='bbox 339 484 432 512; x_wconf 83' lang='lat' dir='ltr'><strong>agens,</strong></span> <span class='ocrx_word' id='word_1_65' title='bbox 459 477 616 512; x_wconf 82' lang='lat' dir='ltr'><strong>Apostolum</strong></span> <span class='ocrx_word' id='word_1_66' title='bbox 640 482 736 504; x_wconf 86' lang='lat' dir='ltr'><strong>narrat</strong></span> <span class='ocrx_word' id='word_1_67' title='bbox 756 477 900 513; x_wconf 76' lang='lat' dir='ltr'><strong>allegorice</strong></span> <span class='ocrx_word' id='word_1_68' title='bbox 915 478 994 505; x_wconf 90' lang='lat' dir='ltr'><strong>inter-</strong></span> 
     </span>
    </p>
   </div>
   <div class='ocr_carea' id='block_1_11' title="bbox 211 522 992 557">
    <p class='ocr_par' dir='ltr' id='par_1_11' title="bbox 211 522 992 557">
     <span class='ocr_line' id='line_1_11' title="bbox 211 522 992 557; baseline 0.003 -9"><span class='ocrx_word' id='word_1_69' title='bbox 211 522 367 557; x_wconf 85' lang='lat' dir='ltr'><strong>pretandam</strong></span> <span class='ocrx_word' id='word_1_70' title='bbox 382 529 474 549; x_wconf 90' lang='lat' dir='ltr'><strong>eorum</strong></span> <span class='ocrx_word' id='word_1_71' title='bbox 485 522 622 549; x_wconf 85' lang='lat' dir='ltr'><strong>historiam</strong></span> <span class='ocrx_word' id='word_1_72' title='bbox 633 523 787 556; x_wconf 79' lang='lat' dir='ltr'><strong>censuisse;</strong></span> <span class='ocrx_word' id='word_1_73' title='bbox 804 527 859 550; x_wconf 94' lang='lat' dir='ltr'><strong>tum</strong></span> <span class='ocrx_word' id='word_1_74' title='bbox 869 523 907 550; x_wconf 85' lang='lat' dir='ltr'><strong>ait</strong></span> <span class='ocrx_word' id='word_1_75' title='bbox 917 531 992 551; x_wconf 90' lang='lat' dir='ltr'><strong>num.</strong></span> 
     </span>
    </p>
   </div>
   <div class='ocr_carea' id='block_1_12' title="bbox 198 567 992 601">
    <p class='ocr_par' dir='ltr' id='par_1_12' title="bbox 198 567 992 601">
     <span class='ocr_line' id='line_1_12' title="bbox 198 567 992 601; baseline 0.003 -7"><span class='ocrx_word' id='word_1_76' title='bbox 198 567 228 594; x_wconf 77' lang='lat'><strong>&#39;2</strong></span> <span class='ocrx_word' id='word_1_77' title='bbox 244 577 250 594; x_wconf 90' lang='lat'><strong>:</strong></span> <span class='ocrx_word' id='word_1_78' title='bbox 269 577 278 593; x_wconf 83' lang='grc' dir='ltr'><strong>ι</strong></span> <span class='ocrx_word' id='word_1_79' title='bbox 293 567 361 600; x_wconf 79' lang='lat' dir='ltr'><strong>Quid</strong></span> <span class='ocrx_word' id='word_1_80' title='bbox 376 575 439 601; x_wconf 81' lang='lat' dir='ltr'><strong>ergo</strong></span> <span class='ocrx_word' id='word_1_81' title='bbox 453 567 466 594; x_wconf 72' lang='grc' dir='ltr'><em>ἵ</em></span> <span class='ocrx_word' id='word_1_82' title='bbox 486 567 560 595; x_wconf 87' lang='lat' dir='ltr'><strong>Isaac</strong></span> <span class='ocrx_word' id='word_1_83' title='bbox 579 575 632 594; x_wconf 93' lang='lat' dir='ltr'><strong>non</strong></span> <span class='ocrx_word' id='word_1_84' title='bbox 646 572 686 595; x_wconf 89' lang='lat' dir='ltr'><strong>est</strong></span> <span class='ocrx_word' id='word_1_85' title='bbox 709 568 856 596; x_wconf 86' lang='lat' dir='ltr'><strong>secundum</strong></span> <span class='ocrx_word' id='word_1_86' title='bbox 883 576 992 596; x_wconf 85' lang='lat' dir='ltr'><strong>carnem</strong></span> 
     </span>
    </p>
   </div>
   <div class='ocr_carea' id='block_1_13' title="bbox 212 613 994 648">
    <p class='ocr_par' dir='ltr' id='par_1_13' title="bbox 212 613 994 648">
     <span class='ocr_line' id='line_1_13' title="bbox 212 613 994 648; baseline 0.003 -8"><span class='ocrx_word' id='word_1_87' title='bbox 212 614 314 641; x_wconf 87' lang='lat' dir='ltr'><strong>natus?</strong></span> <span class='ocrx_word' id='word_1_88' title='bbox 334 613 390 640; x_wconf 83' lang='lat' dir='ltr'><strong>Non</strong></span> <span class='ocrx_word' id='word_1_89' title='bbox 407 621 468 640; x_wconf 89' lang='lat' dir='ltr'><strong>eum</strong></span> <span class='ocrx_word' id='word_1_90' title='bbox 489 613 592 648; x_wconf 82' lang='lat' dir='ltr'><strong>peperit</strong></span> <span class='ocrx_word' id='word_1_91' title='bbox 608 613 699 641; x_wconf 78' lang='lat' dir='ltr'><strong>Sara?</strong></span> <span class='ocrx_word' id='word_1_92' title='bbox 717 613 775 642; x_wconf 81' lang='lat' dir='ltr'><strong>Non</strong></span> <span class='ocrx_word' id='word_1_93' title='bbox 792 620 833 641; x_wconf 90' lang='lat' dir='ltr'><strong>est</strong></span> <span class='ocrx_word' id='word_1_94' title='bbox 850 615 994 642; x_wconf 81' lang='lat' dir='ltr'><strong>circumci-</strong></span> 
     </span>
    </p>
   </div>
   <div class='ocr_carea' id='block_1_14' title="bbox 212 659 993 694">
    <p class='ocr_par' dir='ltr' id='par_1_14' title="bbox 212 659 993 694">
     <span class='ocr_line' id='line_1_14' title="bbox 212 659 993 694; baseline 0 -7"><span class='ocrx_word' id='word_1_95' title='bbox 212 667 257 687; x_wconf 86' lang='lat' dir='ltr'><strong>sus</strong></span> <span class='ocrx_word' id='word_1_96' title='bbox 271 659 284 686; x_wconf 82' lang='lat'><strong>?</strong></span> <span class='ocrx_word' id='word_1_97' title='bbox 305 659 359 686; x_wconf 84' lang='lat' dir='ltr'><strong>[loc</strong></span> <span class='ocrx_word' id='word_1_98' title='bbox 379 660 465 694; x_wconf 91' lang='lat' dir='ltr'><strong>ipsum</strong></span> <span class='ocrx_word' id='word_1_99' title='bbox 478 660 548 694; x_wconf 93' lang='lat' dir='ltr'><strong>quod</strong></span> <span class='ocrx_word' id='word_1_100' title='bbox 563 659 670 687; x_wconf 80' lang='lat' dir='ltr'><strong>ludebat</strong></span> <span class='ocrx_word' id='word_1_101' title='bbox 684 667 744 687; x_wconf 90' lang='lat' dir='ltr'><strong>cum</strong></span> <span class='ocrx_word' id='word_1_102' title='bbox 760 659 884 693; x_wconf 86' lang='lat' dir='ltr'><strong>lsmacle,</strong></span> <span class='ocrx_word' id='word_1_103' title='bbox 898 668 950 687; x_wconf 91' lang='lat' dir='ltr'><strong>non</strong></span> <span class='ocrx_word' id='word_1_104' title='bbox 967 660 993 687; x_wconf 90' lang='lat' dir='ltr'><strong>in</strong></span> 
     </span>
    </p>
   </div>
   <div class='ocr_carea' id='block_1_15' title="bbox 211 704 993 740">
    <p class='ocr_par' dir='ltr' id='par_1_15' title="bbox 211 704 993 740">
     <span class='ocr_line' id='line_1_15' title="bbox 211 704 993 740; baseline -0.001 -8"><span class='ocrx_word' id='word_1_105' title='bbox 211 712 294 732; x_wconf 87' lang='lat' dir='ltr'><strong>carne</strong></span> <span class='ocrx_word' id='word_1_106' title='bbox 318 705 451 732; x_wconf 80' lang='lat' dir='ltr'><strong>ludebat?</strong></span> <span class='ocrx_word' id='word_1_107' title='bbox 467 704 523 732; x_wconf 82' lang='lat' dir='ltr'><strong>Hoc</strong></span> <span class='ocrx_word' id='word_1_108' title='bbox 536 709 577 732; x_wconf 90' lang='lat' dir='ltr'><strong>est</strong></span> <span class='ocrx_word' id='word_1_109' title='bbox 590 705 662 732; x_wconf 89' lang='lat' dir='ltr'><strong>enim</strong></span> <span class='ocrx_word' id='word_1_110' title='bbox 685 705 756 740; x_wconf 88' lang='lat' dir='ltr'><strong>quod</strong></span> <span class='ocrx_word' id='word_1_111' title='bbox 772 705 894 732; x_wconf 86' lang='lat' dir='ltr'><strong>mirabile</strong></span> <span class='ocrx_word' id='word_1_112' title='bbox 911 709 953 733; x_wconf 83' lang='lat' dir='ltr'><strong>est</strong></span> <span class='ocrx_word' id='word_1_113' title='bbox 966 704 993 731; x_wconf 84' lang='lat' dir='ltr'><strong>in</strong></span> 
     </span>
    </p>
   </div>
   <div class='ocr_carea' id='block_1_16' title="bbox 211 750 993 786">
    <p class='ocr_par' dir='ltr' id='par_1_16' title="bbox 211 750 993 786">
     <span class='ocr_line' id='line_1_16' title="bbox 211 750 993 786; baseline 0.001 -9"><span class='ocrx_word' id='word_1_114' title='bbox 211 750 330 785; x_wconf 81' lang='lat' dir='ltr'><strong>Apostoli</strong></span> <span class='ocrx_word' id='word_1_115' title='bbox 346 757 438 783; x_wconf 80' lang='lat' dir='ltr'><strong>sensu,</strong></span> <span class='ocrx_word' id='word_1_116' title='bbox 453 751 524 785; x_wconf 82' lang='lat' dir='ltr'><strong>quod</strong></span> <span class='ocrx_word' id='word_1_117' title='bbox 538 751 571 778; x_wconf 87' lang='lat' dir='ltr'><strong>de</strong></span> <span class='ocrx_word' id='word_1_118' title='bbox 588 750 688 785; x_wconf 84' lang='lat' dir='ltr'><strong>quibus</strong></span> <span class='ocrx_word' id='word_1_119' title='bbox 706 756 759 778; x_wconf 91' lang='lat' dir='ltr'><strong>non</strong></span> <span class='ocrx_word' id='word_1_120' title='bbox 774 755 863 786; x_wconf 85' lang='lat' dir='ltr'><strong>potest</strong></span> <span class='ocrx_word' id='word_1_121' title='bbox 877 750 993 779; x_wconf 90' lang='lat' dir='ltr'><strong>dubitari</strong></span> 
     </span>
    </p>
   </div>
   <div class='ocr_carea' id='block_1_17' title="bbox 204 796 995 831">
    <p class='ocr_par' dir='ltr' id='par_1_17' title="bbox 204 796 995 831">
     <span class='ocr_line' id='line_1_17' title="bbox 204 796 995 831; baseline 0.003 -9"><span class='ocrx_word' id='word_1_122' title='bbox 204 796 274 831; x_wconf 47' lang='lat' dir='ltr'><strong>tquin</strong></span> <span class='ocrx_word' id='word_1_123' title='bbox 291 796 436 823; x_wconf 87' lang='lat' dir='ltr'><strong>secundum</strong></span> <span class='ocrx_word' id='word_1_124' title='bbox 451 803 560 824; x_wconf 88' lang='lat' dir='ltr'><strong>carnem</strong></span> <span class='ocrx_word' id='word_1_125' title='bbox 575 800 649 830; x_wconf 77' lang='lat' dir='ltr'><strong>gesta</strong></span> <span class='ocrx_word' id='word_1_126' title='bbox 672 796 748 829; x_wconf 91' lang='lat' dir='ltr'><strong>sint,</strong></span> <span class='ocrx_word' id='word_1_127' title='bbox 774 796 833 823; x_wconf 59' lang='lat' dir='ltr'><strong>haec</strong></span> <span class='ocrx_word' id='word_1_128' title='bbox 854 796 898 823; x_wconf 92' lang='lat' dir='ltr'><strong>ille</strong></span> <span class='ocrx_word' id='word_1_129' title='bbox 927 797 995 824; x_wconf 83' lang='lat' dir='ltr'><strong>dicit</strong></span> 
     </span>
    </p>
   </div>
   <div class='ocr_carea' id='block_1_18' title="bbox 203 841 993 877">
    <p class='ocr_par' dir='ltr' id='par_1_18' title="bbox 203 841 993 877">
     <span class='ocr_line' id='line_1_18' title="bbox 203 841 993 877; baseline 0.001 -9"><span class='ocrx_word' id='word_1_130' title='bbox 203 849 271 869; x_wconf 57' lang='lat' dir='ltr'><strong>iesse</strong></span> <span class='ocrx_word' id='word_1_131' title='bbox 282 841 424 877; x_wconf 87' lang='lat' dir='ltr'><strong>allegorica</strong></span> <span class='ocrx_word' id='word_1_132' title='bbox 441 846 491 869; x_wconf 82' lang='lat' dir='ltr'><strong>:ut</strong></span> <span class='ocrx_word' id='word_1_133' title='bbox 511 849 559 869; x_wconf 87' lang='lat' dir='ltr'><strong>nos</strong></span> <span class='ocrx_word' id='word_1_134' title='bbox 573 842 637 876; x_wconf 88' lang='lat' dir='ltr'><strong>quid</strong></span> <span class='ocrx_word' id='word_1_135' title='bbox 660 841 812 869; x_wconf 80' lang='lat' dir='ltr'><strong>faciendum</strong></span> <span class='ocrx_word' id='word_1_136' title='bbox 830 842 866 869; x_wconf 86' lang='lat' dir='ltr'><strong>sit</strong></span> <span class='ocrx_word' id='word_1_137' title='bbox 890 842 916 870; x_wconf 92' lang='lat' dir='ltr'><strong>in</strong></span> <span class='ocrx_word' id='word_1_138' title='bbox 939 849 993 869; x_wconf 64' lang='lat' dir='ltr'><strong>cae-</strong></span> 
     </span>
    </p>
   </div>
   <div class='ocr_carea' id='block_1_19' title="bbox 1045 249 1829 284">
    <p class='ocr_par' dir='ltr' id='par_1_19' title="bbox 1045 249 1829 284">
     <span class='ocr_line' id='line_1_19' title="bbox 1045 249 1829 284; baseline 0.001 -8"><span class='ocrx_word' id='word_1_139' title='bbox 1045 249 1169 277; x_wconf 89' lang='lat' dir='ltr'><strong>Ostendit</strong></span> <span class='ocrx_word' id='word_1_140' title='bbox 1181 249 1353 284; x_wconf 84' lang='lat' dir='ltr'><strong>postmodum</strong></span> <span class='ocrx_word' id='word_1_141' title='bbox 1364 249 1453 284; x_wconf 90' lang='lat' dir='ltr'><strong>aliqua</strong></span> <span class='ocrx_word' id='word_1_142' title='bbox 1476 250 1622 278; x_wconf 88' lang='lat' dir='ltr'><strong>secundum</strong></span> <span class='ocrx_word' id='word_1_143' title='bbox 1639 249 1758 277; x_wconf 79' lang='lat' dir='ltr'><strong>litteram</strong></span> <span class='ocrx_word' id='word_1_144' title='bbox 1772 257 1829 277; x_wconf 84' lang='lat' dir='ltr'><strong>scr-</strong></span> 
     </span>
    </p>
   </div>
   <div class='ocr_carea' id='block_1_20' title="bbox 1045 294 1828 332">
    <p class='ocr_par' dir='ltr' id='par_1_20' title="bbox 1045 294 1828 332">
     <span class='ocr_line' id='line_1_20' title="bbox 1045 294 1828 332; baseline 0.004 -11"><span class='ocrx_word' id='word_1_145' title='bbox 1045 295 1132 322; x_wconf 88' lang='lat' dir='ltr'><strong>vanda</strong></span> <span class='ocrx_word' id='word_1_146' title='bbox 1149 301 1221 327; x_wconf 88' lang='lat' dir='ltr'><strong>esse,</strong></span> <span class='ocrx_word' id='word_1_147' title='bbox 1245 299 1273 322; x_wconf 88' lang='lat' dir='ltr'><strong>et</strong></span> <span class='ocrx_word' id='word_1_148' title='bbox 1294 294 1467 329; x_wconf 82' lang='lat' dir='ltr'><strong>allegoricum</strong></span> <span class='ocrx_word' id='word_1_149' title='bbox 1481 299 1570 324; x_wconf 91' lang='lat' dir='ltr'><strong>tamen</strong></span> <span class='ocrx_word' id='word_1_150' title='bbox 1587 303 1697 323; x_wconf 81' lang='lat' dir='ltr'><strong>sensum</strong></span> <span class='ocrx_word' id='word_1_151' title='bbox 1710 296 1828 332; x_wconf 87' lang='lat' dir='ltr'><strong>comple—</strong></span> 
     </span>
    </p>
   </div>
   <div class='ocr_carea' id='block_1_21' title="bbox 1045 339 1829 377">
    <p class='ocr_par' dir='ltr' id='par_1_21' title="bbox 1045 339 1829 377">
     <span class='ocr_line' id='line_1_21' title="bbox 1045 339 1829 377; baseline 0.003 -10"><span class='ocrx_word' id='word_1_152' title='bbox 1045 340 1092 373; x_wconf 91' lang='lat' dir='ltr'><strong>cti,</strong></span> <span class='ocrx_word' id='word_1_153' title='bbox 1103 340 1176 368; x_wconf 91' lang='lat' dir='ltr'><strong>velut</strong></span> <span class='ocrx_word' id='word_1_154' title='bbox 1196 341 1260 368; x_wconf 91' lang='lat' dir='ltr'><strong>illud</strong></span> <span class='ocrx_word' id='word_1_155' title='bbox 1275 349 1283 368; x_wconf 87' lang='lat'><strong>:</strong></span> <span class='ocrx_word' id='word_1_156' title='bbox 1306 349 1315 366; x_wconf 85' lang='grc' dir='ltr'><strong>ι</strong></span> <span class='ocrx_word' id='word_1_157' title='bbox 1332 339 1446 376; x_wconf 87' lang='lat' dir='ltr'><strong>Propter</strong></span> <span class='ocrx_word' id='word_1_158' title='bbox 1463 341 1515 368; x_wconf 90' lang='lat' dir='ltr'><strong>hoe</strong></span> <span class='ocrx_word' id='word_1_159' title='bbox 1538 341 1671 376; x_wconf 78' lang='lat' dir='ltr'><strong>relinquet</strong></span> <span class='ocrx_word' id='word_1_160' title='bbox 1684 340 1768 369; x_wconf 81' lang='lat' dir='ltr'><strong>homo</strong></span> <span class='ocrx_word' id='word_1_161' title='bbox 1783 349 1829 377; x_wconf 84' lang='lat' dir='ltr'><strong>pa-</strong></span> 
     </span>
    </p>
   </div>
   <div class='ocr_carea' id='block_1_22' title="bbox 1045 387 1830 420">
    <p class='ocr_par' dir='ltr' id='par_1_22' title="bbox 1045 387 1830 420">
     <span class='ocr_line' id='line_1_22' title="bbox 1045 387 1830 420; baseline 0.001 -6"><span class='ocrx_word' id='word_1_162' title='bbox 1045 391 1113 414; x_wconf 89' lang='lat' dir='ltr'><strong>trem</strong></span> <span class='ocrx_word' id='word_1_163' title='bbox 1127 391 1155 414; x_wconf 86' lang='lat' dir='ltr'><strong>et</strong></span> <span class='ocrx_word' id='word_1_164' title='bbox 1166 391 1292 420; x_wconf 86' lang='lat' dir='ltr'><strong>matrem,</strong></span> <span class='ocrx_word' id='word_1_165' title='bbox 1311 391 1338 414; x_wconf 89' lang='lat' dir='ltr'><strong>et</strong></span> <span class='ocrx_word' id='word_1_166' title='bbox 1359 387 1507 414; x_wconf 71' lang='lat' dir='ltr'><strong>adhaerebit</strong></span> <span class='ocrx_word' id='word_1_167' title='bbox 1528 387 1607 414; x_wconf 79' lang='lat' dir='ltr'><strong>uxori</strong></span> <span class='ocrx_word' id='word_1_168' title='bbox 1621 395 1693 420; x_wconf 65' lang='lat' dir='ltr'><strong>suae,</strong></span> <span class='ocrx_word' id='word_1_169' title='bbox 1708 393 1736 415; x_wconf 90' lang='lat' dir='ltr'><strong>et</strong></span> <span class='ocrx_word' id='word_1_170' title='bbox 1749 392 1830 416; x_wconf 88' lang='lat' dir='ltr'><strong>erunt</strong></span> 
     </span>
    </p>
   </div>
   <div class='ocr_carea' id='block_1_23' title="bbox 1044 431 1830 467">
    <p class='ocr_par' dir='ltr' id='par_1_23' title="bbox 1044 431 1830 467">
     <span class='ocr_line' id='line_1_23' title="bbox 1044 431 1830 467; baseline 0.003 -8"><span class='ocrx_word' id='word_1_171' title='bbox 1044 432 1098 459; x_wconf 91' lang='lat' dir='ltr'><strong>duo</strong></span> <span class='ocrx_word' id='word_1_172' title='bbox 1123 432 1150 459; x_wconf 91' lang='lat' dir='ltr'><strong>in</strong></span> <span class='ocrx_word' id='word_1_173' title='bbox 1171 439 1253 460; x_wconf 83' lang='lat' dir='ltr'><strong>carne</strong></span> <span class='ocrx_word' id='word_1_174' title='bbox 1277 439 1330 460; x_wconf 90' lang='lat' dir='ltr'><strong>una</strong></span> <span class='ocrx_word' id='word_1_175' title='bbox 1341 431 1376 464; x_wconf 70' lang='grc' dir='ltr'><strong>υ,</strong></span> <span class='ocrx_word' id='word_1_176' title='bbox 1395 441 1405 458; x_wconf 72' lang='grc' dir='ltr'><strong>ι</strong></span> <span class='ocrx_word' id='word_1_177' title='bbox 1424 432 1497 466; x_wconf 88' lang='lat' dir='ltr'><strong>quod</strong></span> <span class='ocrx_word' id='word_1_178' title='bbox 1520 431 1598 467; x_wconf 85' lang='lat' dir='ltr'><strong>juxta</strong></span> <span class='ocrx_word' id='word_1_179' title='bbox 1621 432 1781 467; x_wconf 81' lang='lat' dir='ltr'><strong>Apostolum</strong></span> <span class='ocrx_word' id='word_1_180' title='bbox 1803 438 1830 461; x_wconf 88' lang='lat' dir='ltr'><strong>et</strong></span> 
     </span>
    </p>
   </div>
   <div class='ocr_carea' id='block_1_24' title="bbox 1044 477 1828 513">
    <p class='ocr_par' dir='ltr' id='par_1_24' title="bbox 1044 477 1828 513">
     <span class='ocr_line' id='line_1_24' title="bbox 1044 477 1828 513; baseline 0 -8"><span class='ocrx_word' id='word_1_181' title='bbox 1044 477 1174 513; x_wconf 87' lang='lat' dir='ltr'><strong>mysteria</strong></span> <span class='ocrx_word' id='word_1_182' title='bbox 1193 477 1324 510; x_wconf 87' lang='lat' dir='ltr'><strong>continet,</strong></span> <span class='ocrx_word' id='word_1_183' title='bbox 1342 482 1369 505; x_wconf 91' lang='lat' dir='ltr'><strong>et</strong></span> <span class='ocrx_word' id='word_1_184' title='bbox 1382 477 1529 506; x_wconf 85' lang='lat' dir='ltr'><strong>secundum</strong></span> <span class='ocrx_word' id='word_1_185' title='bbox 1544 477 1662 504; x_wconf 81' lang='lat' dir='ltr'><strong>litteram</strong></span> <span class='ocrx_word' id='word_1_186' title='bbox 1680 477 1828 505; x_wconf 84' lang='lat' dir='ltr'><strong>observan-</strong></span> 
     </span>
    </p>
   </div>
   <div class='ocr_carea' id='block_1_25' title="bbox 1044 521 1828 558">
    <p class='ocr_par' dir='ltr' id='par_1_25' title="bbox 1044 521 1828 558">
     <span class='ocr_line' id='line_1_25' title="bbox 1044 521 1828 558; baseline 0.001 -9"><span class='ocrx_word' id='word_1_187' title='bbox 1044 522 1108 549; x_wconf 91' lang='lat' dir='ltr'><strong>dum</strong></span> <span class='ocrx_word' id='word_1_188' title='bbox 1122 526 1175 550; x_wconf 87' lang='lat' dir='ltr'><strong>est.</strong></span> <span class='ocrx_word' id='word_1_189' title='bbox 1194 521 1222 549; x_wconf 96' lang='lat' dir='ltr'><strong>In</strong></span> <span class='ocrx_word' id='word_1_190' title='bbox 1246 522 1296 550; x_wconf 89' lang='lat' dir='ltr'><strong>hoc</strong></span> <span class='ocrx_word' id='word_1_191' title='bbox 1321 523 1402 550; x_wconf 88' lang='lat' dir='ltr'><strong>etiam</strong></span> <span class='ocrx_word' id='word_1_192' title='bbox 1428 530 1512 550; x_wconf 89' lang='lat' dir='ltr'><strong>censu</strong></span> <span class='ocrx_word' id='word_1_193' title='bbox 1535 529 1565 549; x_wconf 89' lang='lat' dir='ltr'><strong>ea</strong></span> <span class='ocrx_word' id='word_1_194' title='bbox 1589 522 1705 550; x_wconf 84' lang='lat' dir='ltr'><strong>collocat</strong></span> <span class='ocrx_word' id='word_1_195' title='bbox 1722 530 1783 558; x_wconf 73' lang='lat' dir='ltr'><strong>qua:</strong></span> <span class='ocrx_word' id='word_1_196' title='bbox 1796 523 1828 550; x_wconf 85' lang='lat' dir='ltr'><strong>de</strong></span> 
     </span>
    </p>
   </div>
   <div class='ocr_carea' id='block_1_26' title="bbox 1043 567 1827 603">
    <p class='ocr_par' dir='ltr' id='par_1_26' title="bbox 1043 567 1827 603">
     <span class='ocr_line' id='line_1_26' title="bbox 1043 567 1827 603; baseline 0 -8"><span class='ocrx_word' id='word_1_197' title='bbox 1043 567 1155 595; x_wconf 91' lang='lat' dir='ltr'><strong>lsmaele</strong></span> <span class='ocrx_word' id='word_1_198' title='bbox 1167 573 1194 595; x_wconf 90' lang='lat' dir='ltr'><strong>et</strong></span> <span class='ocrx_word' id='word_1_199' title='bbox 1203 567 1296 596; x_wconf 90' lang='lat' dir='ltr'><strong>lsaaco</strong></span> <span class='ocrx_word' id='word_1_200' title='bbox 1309 568 1335 595; x_wconf 92' lang='lat' dir='ltr'><strong>in</strong></span> <span class='ocrx_word' id='word_1_201' title='bbox 1346 568 1494 603; x_wconf 87' lang='lat' dir='ltr'><strong>Scripturis</strong></span> <span class='ocrx_word' id='word_1_202' title='bbox 1508 567 1606 595; x_wconf 85' lang='lat' dir='ltr'><strong>tradita</strong></span> <span class='ocrx_word' id='word_1_203' title='bbox 1621 567 1655 595; x_wconf 87' lang='lat' dir='ltr'><strong>ad</strong></span> <span class='ocrx_word' id='word_1_204' title='bbox 1671 568 1827 603; x_wconf 81' lang='lat' dir='ltr'><strong>allegoriam</strong></span> 
     </span>
    </p>
   </div>
   <div class='ocr_carea' id='block_1_27' title="bbox 1044 609 1828 647">
    <p class='ocr_par' dir='ltr' id='par_1_27' title="bbox 1044 609 1828 647">
     <span class='ocr_line' id='line_1_27' title="bbox 1044 609 1828 647; baseline 0.001 -8"><span class='ocrx_word' id='word_1_205' title='bbox 1044 612 1145 640; x_wconf 81' lang='lat' dir='ltr'><strong>Paulus</strong></span> <span class='ocrx_word' id='word_1_206' title='bbox 1158 612 1261 645; x_wconf 89' lang='lat' dir='ltr'><strong>retulit,</strong></span> <span class='ocrx_word' id='word_1_207' title='bbox 1284 617 1312 640; x_wconf 89' lang='lat' dir='ltr'><strong>et</strong></span> <span class='ocrx_word' id='word_1_208' title='bbox 1328 620 1387 647; x_wconf 68' lang='lat' dir='ltr'><strong>quae</strong></span> <span class='ocrx_word' id='word_1_209' title='bbox 1406 613 1440 640; x_wconf 92' lang='lat' dir='ltr'><strong>de</strong></span> <span class='ocrx_word' id='word_1_210' title='bbox 1460 613 1588 647; x_wconf 83' lang='lat' dir='ltr'><strong>primitiis</strong></span> <span class='ocrx_word' id='word_1_211' title='bbox 1599 612 1747 640; x_wconf 74' lang='lat' dir='ltr'><strong>otIerendis</strong></span> <span class='ocrx_word' id='word_1_212' title='bbox 1764 609 1828 640; x_wconf 85' lang='lat' dir='ltr'><strong>s&#39;an-</strong></span> 
     </span>
    </p>
   </div>
   <div class='ocr_carea' id='block_1_28' title="bbox 1040 657 1828 694">
    <p class='ocr_par' dir='ltr' id='par_1_28' title="bbox 1040 657 1828 694">
     <span class='ocr_line' id='line_1_28' title="bbox 1040 657 1828 694; baseline -0.003 -7"><span class='ocrx_word' id='word_1_213' title='bbox 1040 658 1163 688; x_wconf 55' lang='lat' dir='ltr'><strong>&#39;ciuntur.</strong></span> <span class='ocrx_word' id='word_1_214' title='bbox 1202 657 1344 694; x_wconf 85' lang='lat' dir='ltr'><strong>Subjungit</strong></span> <span class='ocrx_word' id='word_1_215' title='bbox 1370 659 1485 694; x_wconf 88' lang='lat' dir='ltr'><strong>denique</strong></span> <span class='ocrx_word' id='word_1_216' title='bbox 1511 666 1519 686; x_wconf 89' lang='lat'>:</span> <span class='ocrx_word' id='word_1_217' title='bbox 1551 668 1561 685; x_wconf 75' lang='grc' dir='ltr'><strong>ι</strong></span> <span class='ocrx_word' id='word_1_218' title='bbox 1595 658 1770 687; x_wconf 85' lang='lat' dir='ltr'><strong>Ostendimus</strong></span> <span class='ocrx_word' id='word_1_219' title='bbox 1788 659 1828 694; x_wconf 90' lang='lat' dir='ltr'><strong>(ut</strong></span> 
     </span>
    </p>
   </div>
   <div class='ocr_carea' id='block_1_29' title="bbox 1038 701 1827 740">
    <p class='ocr_par' dir='ltr' id='par_1_29' title="bbox 1038 701 1827 740">
     <span class='ocr_line' id='line_1_29' title="bbox 1038 701 1827 740; baseline -0.003 -8"><span class='ocrx_word' id='word_1_220' title='bbox 1038 704 1148 740; x_wconf 83' lang='lat' dir='ltr'><strong>opinor)</strong></span> <span class='ocrx_word' id='word_1_221' title='bbox 1161 701 1326 732; x_wconf 74' lang='lat' dir='ltr'><strong>auctoritate</strong></span> <span class='ocrx_word' id='word_1_222' title='bbox 1341 702 1490 739; x_wconf 73' lang='lat' dir='ltr'><strong>Scriptum</strong></span> <span class='ocrx_word' id='word_1_223' title='bbox 1504 703 1613 737; x_wconf 72' lang='lat' dir='ltr'><strong>divinze,</strong></span> <span class='ocrx_word' id='word_1_224' title='bbox 1630 712 1663 732; x_wconf 91' lang='lat' dir='ltr'><strong>ex</strong></span> <span class='ocrx_word' id='word_1_225' title='bbox 1677 704 1710 732; x_wconf 91' lang='lat' dir='ltr'><strong>iis</strong></span> <span class='ocrx_word' id='word_1_226' title='bbox 1725 711 1788 739; x_wconf 61' lang='lat' dir='ltr'><strong>qua</strong></span> <span class='ocrx_word' id='word_1_227' title='bbox 1801 704 1827 730; x_wconf 88' lang='lat' dir='ltr'><strong>in</strong></span> 
     </span>
    </p>
   </div>
   <div class='ocr_carea' id='block_1_30' title="bbox 1040 748 1828 785">
    <p class='ocr_par' dir='ltr' id='par_1_30' title="bbox 1040 748 1828 785">
     <span class='ocr_line' id='line_1_30' title="bbox 1040 748 1828 785; baseline 0.001 -8"><span class='ocrx_word' id='word_1_228' title='bbox 1040 749 1102 785; x_wconf 81' lang='lat' dir='ltr'><strong>lege</strong></span> <span class='ocrx_word' id='word_1_229' title='bbox 1113 750 1212 784; x_wconf 77' lang='lat' dir='ltr'><strong>scripta</strong></span> <span class='ocrx_word' id='word_1_230' title='bbox 1229 754 1304 782; x_wconf 88' lang='lat' dir='ltr'><strong>sunt,</strong></span> <span class='ocrx_word' id='word_1_231' title='bbox 1317 749 1407 785; x_wconf 87' lang='lat' dir='ltr'><strong>aliqua</strong></span> <span class='ocrx_word' id='word_1_232' title='bbox 1420 749 1529 784; x_wconf 83' lang='lat' dir='ltr'><strong>penitus</strong></span> <span class='ocrx_word' id='word_1_233' title='bbox 1543 748 1700 784; x_wconf 80' lang='lat' dir='ltr'><strong>refugienda</strong></span> <span class='ocrx_word' id='word_1_234' title='bbox 1715 758 1788 782; x_wconf 86' lang='lat' dir='ltr'><strong>esse,</strong></span> <span class='ocrx_word' id='word_1_235' title='bbox 1799 754 1828 778; x_wconf 82' lang='lat' dir='ltr'><strong>et</strong></span> 
     </span>
    </p>
   </div>
   <div class='ocr_carea' id='block_1_31' title="bbox 1043 794 1830 830">
    <p class='ocr_par' dir='ltr' id='par_1_31' title="bbox 1043 794 1830 830">
     <span class='ocr_line' id='line_1_31' title="bbox 1043 794 1830 830; baseline 0.003 -8"><span class='ocrx_word' id='word_1_236' title='bbox 1043 794 1161 822; x_wconf 86' lang='lat' dir='ltr'><strong>cavenda</strong></span> <span class='ocrx_word' id='word_1_237' title='bbox 1181 801 1215 821; x_wconf 90' lang='lat' dir='ltr'><strong>ne</strong></span> <span class='ocrx_word' id='word_1_238' title='bbox 1230 794 1377 822; x_wconf 77' lang='lat' dir='ltr'><strong>secundum</strong></span> <span class='ocrx_word' id='word_1_239' title='bbox 1403 794 1521 822; x_wconf 89' lang='lat' dir='ltr'><strong>litteram</strong></span> <span class='ocrx_word' id='word_1_240' title='bbox 1541 795 1576 822; x_wconf 90' lang='lat' dir='ltr'><strong>ab</strong></span> <span class='ocrx_word' id='word_1_241' title='bbox 1596 795 1734 830; x_wconf 77' lang='lat' dir='ltr'><strong>Evangelii</strong></span> <span class='ocrx_word' id='word_1_242' title='bbox 1749 796 1830 824; x_wconf 79' lang='lat' dir='ltr'><strong>disci-</strong></span> 
     </span>
    </p>
   </div>
   <div class='ocr_carea' id='block_1_32' title="bbox 1044 839 1828 875">
    <p class='ocr_par' dir='ltr' id='par_1_32' title="bbox 1044 839 1828 875">
     <span class='ocr_line' id='line_1_32' title="bbox 1044 839 1828 875; baseline 0.003 -8"><span class='ocrx_word' id='word_1_243' title='bbox 1044 839 1114 875; x_wconf 92' lang='lat' dir='ltr'><strong>pulis</strong></span> <span class='ocrx_word' id='word_1_244' title='bbox 1142 839 1345 873; x_wconf 80' lang='lat' dir='ltr'><strong>observentur;</strong></span> <span class='ocrx_word' id='word_1_245' title='bbox 1366 840 1487 874; x_wconf 58' lang='lat' dir='ltr'><strong>quaedam</strong></span> <span class='ocrx_word' id='word_1_246' title='bbox 1516 847 1578 867; x_wconf 82' lang='lat' dir='ltr'><strong>vero</strong></span> <span class='ocrx_word' id='word_1_247' title='bbox 1604 841 1759 869; x_wconf 82' lang='lat' dir='ltr'><strong>omnimode</strong></span> <span class='ocrx_word' id='word_1_248' title='bbox 1772 862 1781 875; x_wconf 87' lang='lat'><strong>,</strong></span> <span class='ocrx_word' id='word_1_249' title='bbox 1799 846 1828 869; x_wconf 89' lang='lat' dir='ltr'><strong>ut</strong></span> 
     </span>
    </p>
   </div>
   <div class='ocr_carea' id='block_1_33' title="bbox 211 874 1826 922">
    <p class='ocr_par' dir='ltr' id='par_1_33' title="bbox 211 874 1826 922">
     <span class='ocr_line' id='line_1_33' title="bbox 211 874 1826 922; baseline 0 -8"><span class='ocrx_word' id='word_1_250' title='bbox 211 887 277 914; x_wconf 85' lang='lat' dir='ltr'><strong>teris</strong></span> <span class='ocrx_word' id='word_1_251' title='bbox 291 874 455 919; x_wconf 50' lang='lat' dir='ltr'><strong>nov—erimus,</strong></span> <span class='ocrx_word' id='word_1_252' title='bbox 468 891 495 914; x_wconf 90' lang='lat' dir='ltr'><strong>et</strong></span> <span class='ocrx_word' id='word_1_253' title='bbox 507 886 534 913; x_wconf 92' lang='lat' dir='ltr'><strong>in</strong></span> <span class='ocrx_word' id='word_1_254' title='bbox 553 874 595 913; x_wconf 76' lang='lat' dir='ltr'><strong>his</strong></span> <span class='ocrx_word' id='word_1_255' title='bbox 615 886 746 919; x_wconf 82' lang='lat' dir='ltr'><strong>maxime,</strong></span> <span class='ocrx_word' id='word_1_256' title='bbox 765 885 790 913; x_wconf 89' lang='lat' dir='ltr'><strong>in</strong></span> <span class='ocrx_word' id='word_1_257' title='bbox 809 885 908 920; x_wconf 86' lang='lat' dir='ltr'><strong>quibus</strong></span> <span class='ocrx_word' id='word_1_258' title='bbox 925 885 992 913; x_wconf 89' lang='lat' dir='ltr'><strong>nihil</strong></span> <span class='ocrx_word' id='word_1_259' title='bbox 1007 874 1029 903; x_wconf 71' lang='grc' dir='ltr'><strong>Β</strong></span> <span class='ocrx_word' id='word_1_260' title='bbox 1043 874 1142 921; x_wconf 83' lang='lat' dir='ltr'><strong>scripta</strong></span> <span class='ocrx_word' id='word_1_261' title='bbox 1153 887 1226 918; x_wconf 84' lang='lat' dir='ltr'><strong>sunt,</strong></span> <span class='ocrx_word' id='word_1_262' title='bbox 1237 885 1401 917; x_wconf 85' lang='lat' dir='ltr'><strong>obtinenda;</strong></span> <span class='ocrx_word' id='word_1_263' title='bbox 1426 884 1479 912; x_wconf 87' lang='lat' dir='ltr'><strong>alia</strong></span> <span class='ocrx_word' id='word_1_264' title='bbox 1493 889 1584 912; x_wconf 87' lang='lat' dir='ltr'><strong>autem</strong></span> <span class='ocrx_word' id='word_1_265' title='bbox 1598 885 1700 913; x_wconf 84' lang='lat' dir='ltr'><strong>habere</strong></span> <span class='ocrx_word' id='word_1_266' title='bbox 1717 874 1826 922; x_wconf 82' lang='lat' dir='ltr'><strong>quidem</strong></span> 
     </span>
    </p>
   </div>
   <div class='ocr_carea' id='block_1_34' title="bbox 211 931 993 967">
    <p class='ocr_par' dir='ltr' id='par_1_34' title="bbox 211 931 993 967">
     <span class='ocr_line' id='line_1_34' title="bbox 211 931 993 967; baseline -0.001 -8"><span class='ocrx_word' id='word_1_267' title='bbox 211 933 300 960; x_wconf 89' lang='lat' dir='ltr'><strong>divina</strong></span> <span class='ocrx_word' id='word_1_268' title='bbox 314 932 372 967; x_wconf 88' lang='lat' dir='ltr'><strong>lege</strong></span> <span class='ocrx_word' id='word_1_269' title='bbox 385 932 494 967; x_wconf 87' lang='lat' dir='ltr'><strong>dignum</strong></span> <span class='ocrx_word' id='word_1_270' title='bbox 510 931 638 959; x_wconf 87' lang='lat' dir='ltr'><strong>historica</strong></span> <span class='ocrx_word' id='word_1_271' title='bbox 652 931 759 959; x_wconf 88' lang='lat' dir='ltr'><strong>videtur</strong></span> <span class='ocrx_word' id='word_1_272' title='bbox 783 931 906 958; x_wconf 86' lang='lat' dir='ltr'><strong>indicare</strong></span> <span class='ocrx_word' id='word_1_273' title='bbox 930 938 993 958; x_wconf 84' lang='lat' dir='ltr'><strong>nar-</strong></span> 
     </span>
    </p>
   </div>
   <div class='ocr_carea' id='block_1_35' title="bbox 203 975 993 1006">
    <p class='ocr_par' dir='ltr' id='par_1_35' title="bbox 203 975 993 1006">
     <span class='ocr_line' id='line_1_35' title="bbox 203 975 993 1006; baseline -0.004 0"><span class='ocrx_word' id='word_1_274' title='bbox 203 979 289 1006; x_wconf 42' lang='lat' dir='ltr'><strong>rratio.</strong></span> <span class='ocrx_word' id='word_1_275' title='bbox 308 987 318 1005; x_wconf 83' lang='grc'>›</span> <span class='ocrx_word' id='word_1_276' title='bbox 334 978 450 1006; x_wconf 88' lang='lat' dir='ltr'><strong>Homilia</strong></span> <span class='ocrx_word' id='word_1_277' title='bbox 469 977 502 1005; x_wconf 77' lang='grc'><strong>14</strong></span> <span class='ocrx_word' id='word_1_278' title='bbox 516 978 544 1004; x_wconf 82' lang='lat' dir='ltr'><strong>in</strong></span> <span class='ocrx_word' id='word_1_279' title='bbox 567 977 649 1004; x_wconf 78' lang='lat' dir='ltr'><strong>Leuit.</strong></span> <span class='ocrx_word' id='word_1_280' title='bbox 663 984 738 1004; x_wconf 90' lang='lat' dir='ltr'><strong>num.</strong></span> <span class='ocrx_word' id='word_1_281' title='bbox 754 976 772 1004; x_wconf 77' lang='grc'><strong>2</strong></span> <span class='ocrx_word' id='word_1_282' title='bbox 786 985 793 1004; x_wconf 86' lang='lat'><strong>:</strong></span> <span class='ocrx_word' id='word_1_283' title='bbox 806 986 816 1003; x_wconf 82' lang='grc' dir='ltr'><strong>ι</strong></span> <span class='ocrx_word' id='word_1_284' title='bbox 835 977 902 1004; x_wconf 88' lang='lat' dir='ltr'><strong>Cum</strong></span> <span class='ocrx_word' id='word_1_285' title='bbox 920 975 993 1004; x_wconf 87' lang='lat' dir='ltr'><strong>Scri-</strong></span> 
     </span>
    </p>
   </div>
   <div class='ocr_carea' id='block_1_36' title="bbox 200 1020 994 1058">
    <p class='ocr_par' dir='ltr' id='par_1_36' title="bbox 200 1020 994 1058">
     <span class='ocr_line' id='line_1_36' title="bbox 200 1020 994 1058; baseline -0.005 -7"><span class='ocrx_word' id='word_1_286' title='bbox 200 1029 306 1058; x_wconf 86' lang='lat' dir='ltr'><strong>-pturas</strong></span> <span class='ocrx_word' id='word_1_287' title='bbox 325 1023 387 1058; x_wconf 86' lang='lat' dir='ltr'><strong>quis</strong></span> <span class='ocrx_word' id='word_1_288' title='bbox 405 1022 481 1058; x_wconf 83' lang='lat' dir='ltr'><strong>legit,</strong></span> <span class='ocrx_word' id='word_1_289' title='bbox 497 1028 525 1050; x_wconf 93' lang='lat' dir='ltr'><strong>et</strong></span> <span class='ocrx_word' id='word_1_290' title='bbox 539 1022 654 1049; x_wconf 81' lang='lat' dir='ltr'><strong>litteram</strong></span> <span class='ocrx_word' id='word_1_291' title='bbox 671 1022 779 1057; x_wconf 87' lang='lat' dir='ltr'><strong>quidem</strong></span> <span class='ocrx_word' id='word_1_292' title='bbox 800 1021 933 1056; x_wconf 85' lang='lat' dir='ltr'><strong>sequitur,</strong></span> <span class='ocrx_word' id='word_1_293' title='bbox 951 1020 994 1048; x_wconf 83' lang='lat' dir='ltr'><strong>in-</strong></span> 
     </span>
    </p>
   </div>
   <div class='ocr_carea' id='block_1_37' title="bbox 202 1066 993 1104">
    <p class='ocr_par' dir='ltr' id='par_1_37' title="bbox 202 1066 993 1104">
     <span class='ocr_line' id='line_1_37' title="bbox 202 1066 993 1104; baseline -0.005 -8"><span class='ocrx_word' id='word_1_294' title='bbox 202 1069 345 1096; x_wconf 86' lang='lat' dir='ltr'><strong>-tellectum</strong></span> <span class='ocrx_word' id='word_1_295' title='bbox 369 1072 459 1096; x_wconf 85' lang='lat' dir='ltr'><strong>autem</strong></span> <span class='ocrx_word' id='word_1_296' title='bbox 477 1069 601 1104; x_wconf 80' lang='lat' dir='ltr'><strong>repudiat</strong></span> <span class='ocrx_word' id='word_1_297' title='bbox 615 1067 764 1102; x_wconf 82' lang='lat' dir='ltr'><strong>spiritalem</strong></span> <span class='ocrx_word' id='word_1_298' title='bbox 778 1086 786 1099; x_wconf 94' lang='lat'><strong>,</strong></span> <span class='ocrx_word' id='word_1_299' title='bbox 808 1066 853 1094; x_wconf 84' lang='lat' dir='ltr'><strong>hic</strong></span> <span class='ocrx_word' id='word_1_300' title='bbox 879 1071 993 1093; x_wconf 85' lang='lat' dir='ltr'><strong>matrem</strong></span> 
     </span>
    </p>
   </div>
   <div class='ocr_carea' id='block_1_38' title="bbox 203 1111 992 1148">
    <p class='ocr_par' dir='ltr' id='par_1_38' title="bbox 203 1111 992 1148">
     <span class='ocr_line' id='line_1_38' title="bbox 203 1111 992 1148; baseline -0.003 -10"><span class='ocrx_word' id='word_1_301' title='bbox 203 1114 317 1148; x_wconf 53' lang='lat' dir='ltr'><strong>quidem</strong></span> <span class='ocrx_word' id='word_1_302' title='bbox 333 1112 481 1140; x_wconf 68' lang='lat' dir='ltr'><strong>lsraelitam</strong></span> <span class='ocrx_word' id='word_1_303' title='bbox 499 1112 596 1144; x_wconf 88' lang='lat' dir='ltr'><strong>habet,</strong></span> <span class='ocrx_word' id='word_1_304' title='bbox 617 1112 643 1139; x_wconf 85' lang='lat' dir='ltr'><strong>id</strong></span> <span class='ocrx_word' id='word_1_305' title='bbox 663 1115 705 1139; x_wconf 92' lang='lat' dir='ltr'><strong>est</strong></span> <span class='ocrx_word' id='word_1_306' title='bbox 726 1111 863 1143; x_wconf 86' lang='lat' dir='ltr'><strong>litteram;</strong></span> <span class='ocrx_word' id='word_1_307' title='bbox 884 1116 992 1137; x_wconf 89' lang='lat' dir='ltr'><strong>sensum</strong></span> 
     </span>
    </p>
   </div>
   <div class='ocr_carea' id='block_1_39' title="bbox 203 1155 992 1193">
    <p class='ocr_par' dir='ltr' id='par_1_39' title="bbox 203 1155 992 1193">
     <span class='ocr_line' id='line_1_39' title="bbox 203 1155 992 1193; baseline -0.003 -9"><span class='ocrx_word' id='word_1_308' title='bbox 203 1166 284 1191; x_wconf 81' lang='lat' dir='ltr'><strong>vero,</strong></span> <span class='ocrx_word' id='word_1_309' title='bbox 300 1158 361 1193; x_wconf 86' lang='lat' dir='ltr'><strong>quia</strong></span> <span class='ocrx_word' id='word_1_310' title='bbox 378 1157 526 1193; x_wconf 84' lang='lat' dir='ltr'><strong>spiritalem</strong></span> <span class='ocrx_word' id='word_1_311' title='bbox 542 1165 594 1185; x_wconf 88' lang='lat' dir='ltr'><strong>non</strong></span> <span class='ocrx_word' id='word_1_312' title='bbox 616 1157 739 1193; x_wconf 82' lang='lat' dir='ltr'><strong>sequitur</strong></span> <span class='ocrx_word' id='word_1_313' title='bbox 751 1176 759 1190; x_wconf 88' lang='lat'><strong>,</strong></span> <span class='ocrx_word' id='word_1_314' title='bbox 774 1157 822 1184; x_wconf 88' lang='lat' dir='ltr'><strong>sed</strong></span> <span class='ocrx_word' id='word_1_315' title='bbox 834 1155 969 1184; x_wconf 83' lang='lat' dir='ltr'><strong>carnalem</strong></span> <span class='ocrx_word' id='word_1_316' title='bbox 983 1175 992 1188; x_wconf 90' lang='lat'><strong>,</strong></span> 
     </span>
    </p>
   </div>
   <div class='ocr_carea' id='block_1_40' title="bbox 211 1201 992 1240">
    <p class='ocr_par' dir='ltr' id='par_1_40' title="bbox 211 1201 992 1240">
     <span class='ocr_line' id='line_1_40' title="bbox 211 1201 992 1240; baseline -0.004 -9"><span class='ocrx_word' id='word_1_317' title='bbox 211 1205 254 1232; x_wconf 86' lang='lat' dir='ltr'><strong>isti</strong></span> <span class='ocrx_word' id='word_1_318' title='bbox 268 1210 310 1232; x_wconf 87' lang='lat' dir='ltr'><strong>est</strong></span> <span class='ocrx_word' id='word_1_319' title='bbox 324 1204 468 1240; x_wconf 70' lang='lat' dir='ltr'><strong>Egyptius</strong></span> <span class='ocrx_word' id='word_1_320' title='bbox 479 1209 576 1239; x_wconf 85' lang='lat' dir='ltr'><strong>pater:</strong></span> <span class='ocrx_word' id='word_1_321' title='bbox 599 1213 609 1230; x_wconf 84' lang='grc'><strong>›</strong></span> <span class='ocrx_word' id='word_1_322' title='bbox 628 1209 655 1231; x_wconf 90' lang='lat' dir='ltr'><strong>et</strong></span> <span class='ocrx_word' id='word_1_323' title='bbox 669 1210 732 1231; x_wconf 88' lang='lat' dir='ltr'><strong>mox</strong></span> <span class='ocrx_word' id='word_1_324' title='bbox 749 1213 756 1231; x_wconf 86' lang='lat'><strong>:</strong></span> <span class='ocrx_word' id='word_1_325' title='bbox 774 1212 784 1228; x_wconf 81' lang='grc' dir='ltr'><strong>ι</strong></span> <span class='ocrx_word' id='word_1_326' title='bbox 802 1202 856 1230; x_wconf 86' lang='lat' dir='ltr'><strong>Nos</strong></span> <span class='ocrx_word' id='word_1_327' title='bbox 875 1209 938 1229; x_wconf 87' lang='lat' dir='ltr'><strong>vero</strong></span> <span class='ocrx_word' id='word_1_328' title='bbox 946 1201 992 1237; x_wconf 82' lang='lat' dir='ltr'><strong>qui</strong></span> 
     </span>
    </p>
   </div>
   <div class='ocr_carea' id='block_1_41' title="bbox 204 1248 994 1286">
    <p class='ocr_par' dir='ltr' id='par_1_41' title="bbox 204 1248 994 1286">
     <span class='ocr_line' id='line_1_41' title="bbox 204 1248 994 1286; baseline -0.005 -7"><span class='ocrx_word' id='word_1_329' title='bbox 204 1258 242 1279; x_wconf 61' lang='grc' dir='ltr'><strong>»ει</strong></span> <span class='ocrx_word' id='word_1_330' title='bbox 261 1255 375 1285; x_wconf 88' lang='lat' dir='ltr'><strong>utroque</strong></span> <span class='ocrx_word' id='word_1_331' title='bbox 398 1258 497 1286; x_wconf 78' lang='lat' dir='ltr'><strong>genere</strong></span> <span class='ocrx_word' id='word_1_332' title='bbox 515 1249 644 1277; x_wconf 66' lang='lat' dir='ltr'><strong>Israelita:</strong></span> <span class='ocrx_word' id='word_1_333' title='bbox 658 1256 762 1281; x_wconf 89' lang='lat' dir='ltr'><strong>sumus,</strong></span> <span class='ocrx_word' id='word_1_334' title='bbox 780 1253 808 1276; x_wconf 80' lang='lat' dir='ltr'><strong>et</strong></span> <span class='ocrx_word' id='word_1_335' title='bbox 820 1248 950 1281; x_wconf 85' lang='lat' dir='ltr'><strong>litteram,</strong></span> <span class='ocrx_word' id='word_1_336' title='bbox 966 1252 994 1275; x_wconf 87' lang='lat' dir='ltr'><strong>et</strong></span> 
     </span>
    </p>
   </div>
   <div class='ocr_carea' id='block_1_42' title="bbox 210 1294 994 1330">
    <p class='ocr_par' dir='ltr' id='par_1_42' title="bbox 210 1294 994 1330">
     <span class='ocr_line' id='line_1_42' title="bbox 210 1294 994 1330; baseline -0.001 -7"><span class='ocrx_word' id='word_1_337' title='bbox 210 1296 334 1330; x_wconf 76' lang='lat' dir='ltr'><strong>spiritum</strong></span> <span class='ocrx_word' id='word_1_338' title='bbox 348 1296 374 1323; x_wconf 88' lang='lat' dir='ltr'><strong>in</strong></span> <span class='ocrx_word' id='word_1_339' title='bbox 389 1296 540 1330; x_wconf 87' lang='lat' dir='ltr'><strong>Scripturis</strong></span> <span class='ocrx_word' id='word_1_340' title='bbox 555 1295 656 1324; x_wconf 83' lang='lat' dir='ltr'><strong>sanctis</strong></span> <span class='ocrx_word' id='word_1_341' title='bbox 671 1295 852 1323; x_wconf 79' lang='lat' dir='ltr'><strong>defendimus.</strong></span> <span class='ocrx_word' id='word_1_342' title='bbox 872 1303 882 1321; x_wconf 71' lang='grc' dir='ltr'><strong>ι</strong></span> <span class='ocrx_word' id='word_1_343' title='bbox 899 1294 994 1322; x_wconf 81' lang='lat' dir='ltr'><strong>Totam</strong></span> 
     </span>
    </p>
   </div>
   <div class='ocr_carea' id='block_1_43' title="bbox 206 1340 992 1376">
    <p class='ocr_par' dir='ltr' id='par_1_43' title="bbox 206 1340 992 1376">
     <span class='ocr_line' id='line_1_43' title="bbox 206 1340 992 1376; baseline -0.003 -8"><span class='ocrx_word' id='word_1_344' title='bbox 206 1349 277 1370; x_wconf 85' lang='lat' dir='ltr'><strong>vero</strong></span> <span class='ocrx_word' id='word_1_345' title='bbox 294 1342 321 1369; x_wconf 90' lang='lat' dir='ltr'><strong>in</strong></span> <span class='ocrx_word' id='word_1_346' title='bbox 338 1342 398 1376; x_wconf 78' lang='lat' dir='ltr'><strong>eius</strong></span> <span class='ocrx_word' id='word_1_347' title='bbox 423 1342 462 1369; x_wconf 89' lang='lat' dir='ltr'><strong>rei</strong></span> <span class='ocrx_word' id='word_1_348' title='bbox 492 1341 654 1369; x_wconf 86' lang='lat' dir='ltr'><strong>tractatione</strong></span> <span class='ocrx_word' id='word_1_349' title='bbox 679 1340 817 1368; x_wconf 88' lang='lat' dir='ltr'><strong>bomiliam</strong></span> <span class='ocrx_word' id='word_1_350' title='bbox 845 1340 992 1371; x_wconf 85' lang='lat' dir='ltr'><strong>contrivit,</strong></span> 
     </span>
    </p>
   </div>
   <div class='ocr_carea' id='block_1_44' title="bbox 210 1385 994 1423">
    <p class='ocr_par' dir='ltr' id='par_1_44' title="bbox 210 1385 994 1423">
     <span class='ocr_line' id='line_1_44' title="bbox 210 1385 994 1423; baseline -0.003 -9"><span class='ocrx_word' id='word_1_351' title='bbox 210 1395 270 1423; x_wconf 71' lang='lat' dir='ltr'><strong>qua:</strong></span> <span class='ocrx_word' id='word_1_352' title='bbox 285 1388 428 1415; x_wconf 87' lang='lat' dir='ltr'><strong>undecima</strong></span> <span class='ocrx_word' id='word_1_353' title='bbox 438 1392 478 1414; x_wconf 84' lang='lat' dir='ltr'><strong>est</strong></span> <span class='ocrx_word' id='word_1_354' title='bbox 492 1387 518 1414; x_wconf 92' lang='lat' dir='ltr'><strong>in</strong></span> <span class='ocrx_word' id='word_1_355' title='bbox 533 1387 612 1414; x_wconf 83' lang='lat' dir='ltr'><strong>Num.</strong></span> <span class='ocrx_word' id='word_1_356' title='bbox 625 1386 673 1414; x_wconf 80' lang='lat' dir='ltr'><strong>ubi</strong></span> <span class='ocrx_word' id='word_1_357' title='bbox 689 1387 722 1413; x_wconf 92' lang='lat' dir='ltr'><strong>de</strong></span> <span class='ocrx_word' id='word_1_358' title='bbox 733 1385 914 1421; x_wconf 80' lang='lat' dir='ltr'><strong>primitiarum</strong></span> <span class='ocrx_word' id='word_1_359' title='bbox 923 1385 994 1412; x_wconf 88' lang='lat' dir='ltr'><strong>obla-</strong></span> 
     </span>
    </p>
   </div>
   <div class='ocr_carea' id='block_1_45' title="bbox 208 1432 992 1468">
    <p class='ocr_par' dir='ltr' id='par_1_45' title="bbox 208 1432 992 1468">
     <span class='ocr_line' id='line_1_45' title="bbox 208 1432 992 1468; baseline -0.003 -8"><span class='ocrx_word' id='word_1_360' title='bbox 208 1434 284 1461; x_wconf 85' lang='lat' dir='ltr'><strong>tione</strong></span> <span class='ocrx_word' id='word_1_361' title='bbox 299 1433 440 1468; x_wconf 83' lang='lat' dir='ltr'><strong>disputans</strong></span> <span class='ocrx_word' id='word_1_362' title='bbox 457 1442 463 1460; x_wconf 96' lang='lat'><strong>:</strong></span> <span class='ocrx_word' id='word_1_363' title='bbox 481 1441 492 1458; x_wconf 74' lang='grc' dir='ltr'><strong>ι</strong></span> <span class='ocrx_word' id='word_1_364' title='bbox 512 1433 587 1460; x_wconf 79' lang='lat' dir='ltr'><strong>lianc</strong></span> <span class='ocrx_word' id='word_1_365' title='bbox 597 1440 662 1467; x_wconf 78' lang='lat' dir='ltr'><strong>ergo</strong></span> <span class='ocrx_word' id='word_1_366' title='bbox 674 1432 771 1467; x_wconf 81' lang='lat' dir='ltr'><strong>legem,</strong></span> <span class='ocrx_word' id='word_1_367' title='bbox 788 1441 799 1458; x_wconf 78' lang='grc' dir='ltr'><strong>ι</strong></span> <span class='ocrx_word' id='word_1_368' title='bbox 813 1432 898 1466; x_wconf 83' lang='lat' dir='ltr'><strong>inquit</strong></span> <span class='ocrx_word' id='word_1_369' title='bbox 917 1439 992 1458; x_wconf 93' lang='lat' dir='ltr'><strong>num.</strong></span> 
     </span>
    </p>
   </div>
   <div class='ocr_carea' id='block_1_46' title="bbox 210 1477 993 1510">
    <p class='ocr_par' dir='ltr' id='par_1_46' title="bbox 210 1477 993 1510">
     <span class='ocr_line' id='line_1_46' title="bbox 210 1477 993 1510; baseline -0.003 -4"><span class='ocrx_word' id='word_1_370' title='bbox 210 1479 238 1510; x_wconf 74' lang='grc'><strong>4,</strong></span> <span class='ocrx_word' id='word_1_371' title='bbox 259 1488 269 1504; x_wconf 75' lang='grc' dir='ltr'><strong>ι</strong></span> <span class='ocrx_word' id='word_1_372' title='bbox 291 1479 429 1506; x_wconf 87' lang='lat' dir='ltr'><strong>observari</strong></span> <span class='ocrx_word' id='word_1_373' title='bbox 448 1479 528 1505; x_wconf 88' lang='lat' dir='ltr'><strong>etiam</strong></span> <span class='ocrx_word' id='word_1_374' title='bbox 554 1478 702 1505; x_wconf 85' lang='lat' dir='ltr'><strong>secundum</strong></span> <span class='ocrx_word' id='word_1_375' title='bbox 718 1477 856 1510; x_wconf 85' lang='lat' dir='ltr'><strong>litteram,</strong></span> <span class='ocrx_word' id='word_1_376' title='bbox 881 1477 953 1505; x_wconf 83' lang='lat' dir='ltr'><strong>sicut</strong></span> <span class='ocrx_word' id='word_1_377' title='bbox 966 1481 993 1505; x_wconf 89' lang='lat' dir='ltr'><strong>et</strong></span> 
     </span>
    </p>
   </div>
   <div class='ocr_carea' id='block_1_47' title="bbox 207 1521 991 1557">
    <p class='ocr_par' dir='ltr' id='par_1_47' title="bbox 207 1521 991 1557">
     <span class='ocr_line' id='line_1_47' title="bbox 207 1521 991 1557; baseline -0.001 -7"><span class='ocrx_word' id='word_1_378' title='bbox 207 1524 262 1551; x_wconf 84' lang='lat' dir='ltr'><strong>alia</strong></span> <span class='ocrx_word' id='word_1_379' title='bbox 277 1523 403 1551; x_wconf 87' lang='lat' dir='ltr'><strong>nonnulla</strong></span> <span class='ocrx_word' id='word_1_380' title='bbox 419 1543 426 1555; x_wconf 90' lang='lat'><strong>,</strong></span> <span class='ocrx_word' id='word_1_381' title='bbox 443 1523 624 1550; x_wconf 84' lang='lat' dir='ltr'><strong>necessarium</strong></span> <span class='ocrx_word' id='word_1_382' title='bbox 637 1527 712 1557; x_wconf 87' lang='lat' dir='ltr'><strong>puto.</strong></span> <span class='ocrx_word' id='word_1_383' title='bbox 733 1532 743 1549; x_wconf 70' lang='grc' dir='ltr'><strong>ι</strong></span> <span class='ocrx_word' id='word_1_384' title='bbox 761 1521 857 1550; x_wconf 80' lang='lat' dir='ltr'><strong>Postea</strong></span> <span class='ocrx_word' id='word_1_385' title='bbox 877 1523 917 1550; x_wconf 86' lang='lat' dir='ltr'><strong>sic</strong></span> <span class='ocrx_word' id='word_1_386' title='bbox 933 1522 991 1549; x_wconf 89' lang='lat' dir='ltr'><strong>ait:</strong></span> 
     </span>
    </p>
   </div>
   <div class='ocr_carea' id='block_1_48' title="bbox 209 1553 1027 1609">
    <p class='ocr_par' dir='ltr' id='par_1_48' title="bbox 209 1553 1027 1609">
     <span class='ocr_line' id='line_1_48' title="bbox 209 1553 1027 1609; baseline -0.002 -13"><span class='ocrx_word' id='word_1_387' title='bbox 209 1579 222 1602; x_wconf 87' lang='grc' dir='ltr'><strong>¹ι</strong></span> <span class='ocrx_word' id='word_1_388' title='bbox 240 1569 308 1609; x_wconf 81' lang='lat' dir='ltr'><strong>sunt</strong></span> <span class='ocrx_word' id='word_1_389' title='bbox 322 1568 367 1603; x_wconf 87' lang='lat' dir='ltr'><strong>qui</strong></span> <span class='ocrx_word' id='word_1_390' title='bbox 388 1553 545 1600; x_wconf 79' lang='lat' dir='ltr'><strong>ita-dicant,</strong></span> <span class='ocrx_word' id='word_1_391' title='bbox 563 1567 626 1602; x_wconf 89' lang='lat' dir='ltr'><strong>quia</strong></span> <span class='ocrx_word' id='word_1_392' title='bbox 638 1553 675 1594; x_wconf 45' lang='lat' dir='ltr'><strong>‘si</strong></span> <span class='ocrx_word' id='word_1_393' title='bbox 701 1567 802 1602; x_wconf 88' lang='lat' dir='ltr'><strong>aliquid</strong></span> <span class='ocrx_word' id='word_1_394' title='bbox 819 1566 929 1595; x_wconf 69' lang='lat' dir='ltr'><strong>omnino</strong></span> <span class='ocrx_word' id='word_1_395' title='bbox 943 1567 992 1594; x_wconf 90' lang='lat' dir='ltr'><strong>ob-</strong></span> <span class='ocrx_word' id='word_1_396' title='bbox 1005 1553 1027 1583; x_wconf 70' lang='grc' dir='ltr'><strong>θ</strong></span> 
     </span>
    </p>
   </div>
   <div class='ocr_carea' id='block_1_49' title="bbox 208 1613 991 1646">
    <p class='ocr_par' dir='ltr' id='par_1_49' title="bbox 208 1613 991 1646">
     <span class='ocr_line' id='line_1_49' title="bbox 208 1613 991 1646; baseline -0.004 -4"><span class='ocrx_word' id='word_1_397' title='bbox 208 1615 372 1644; x_wconf 75' lang='lat' dir='ltr'><strong>servandum</strong></span> <span class='ocrx_word' id='word_1_398' title='bbox 387 1618 428 1641; x_wconf 87' lang='lat' dir='ltr'><strong>est</strong></span> <span class='ocrx_word' id='word_1_399' title='bbox 444 1613 592 1641; x_wconf 85' lang='lat' dir='ltr'><strong>secundum</strong></span> <span class='ocrx_word' id='word_1_400' title='bbox 611 1613 737 1646; x_wconf 86' lang='lat' dir='ltr'><strong>litteram,</strong></span> <span class='ocrx_word' id='word_1_401' title='bbox 755 1620 804 1640; x_wconf 93' lang='lat' dir='ltr'><strong>cur</strong></span> <span class='ocrx_word' id='word_1_402' title='bbox 816 1619 869 1640; x_wconf 93' lang='lat' dir='ltr'><strong>non</strong></span> <span class='ocrx_word' id='word_1_403' title='bbox 883 1617 911 1640; x_wconf 87' lang='lat' dir='ltr'><strong>et</strong></span> <span class='ocrx_word' id='word_1_404' title='bbox 925 1620 991 1640; x_wconf 88' lang='lat' dir='ltr'><strong>cun-</strong></span> 
     </span>
    </p>
   </div>
   <div class='ocr_carea' id='block_1_50' title="bbox 208 1658 989 1694">
    <p class='ocr_par' dir='ltr' id='par_1_50' title="bbox 208 1658 989 1694">
     <span class='ocr_line' id='line_1_50' title="bbox 208 1658 989 1694; baseline -0.004 -6"><span class='ocrx_word' id='word_1_405' title='bbox 208 1667 251 1688; x_wconf 82' lang='lat' dir='ltr'><strong>cta</strong></span> <span class='ocrx_word' id='word_1_406' title='bbox 267 1660 430 1689; x_wconf 73' lang='lat' dir='ltr'><strong>serventur?</strong></span> <span class='ocrx_word' id='word_1_407' title='bbox 448 1659 477 1688; x_wconf 89' lang='lat' dir='ltr'><strong>Si</strong></span> <span class='ocrx_word' id='word_1_408' title='bbox 490 1667 554 1688; x_wconf 85' lang='lat' dir='ltr'><strong>vero</strong></span> <span class='ocrx_word' id='word_1_409' title='bbox 566 1660 600 1687; x_wconf 90' lang='lat' dir='ltr'><strong>ad</strong></span> <span class='ocrx_word' id='word_1_410' title='bbox 615 1659 763 1694; x_wconf 82' lang='lat' dir='ltr'><strong>spiritalem</strong></span> <span class='ocrx_word' id='word_1_411' title='bbox 776 1658 989 1694; x_wconf 80' lang='lat' dir='ltr'><strong>intelligentiamI</strong></span> 
     </span>
    </p>
   </div>
   <div class='ocr_carea' id='block_1_51' title="bbox 208 1705 991 1742">
    <p class='ocr_par' dir='ltr' id='par_1_51' title="bbox 208 1705 991 1742">
     <span class='ocr_line' id='line_1_51' title="bbox 208 1705 991 1742; baseline 0 -10"><span class='ocrx_word' id='word_1_412' title='bbox 208 1715 267 1742; x_wconf 75' lang='lat' dir='ltr'><strong>qua:</strong></span> <span class='ocrx_word' id='word_1_413' title='bbox 281 1708 324 1735; x_wconf 92' lang='lat' dir='ltr'><strong>lex</strong></span> <span class='ocrx_word' id='word_1_414' title='bbox 339 1707 459 1735; x_wconf 85' lang='lat' dir='ltr'><strong>continet</strong></span> <span class='ocrx_word' id='word_1_415' title='bbox 470 1726 478 1739; x_wconf 87' lang='lat'><strong>,</strong></span> <span class='ocrx_word' id='word_1_416' title='bbox 488 1705 635 1733; x_wconf 76' lang='lat' dir='ltr'><strong>referenda</strong></span> <span class='ocrx_word' id='word_1_417' title='bbox 653 1711 727 1738; x_wconf 83' lang='lat' dir='ltr'><strong>sunt,</strong></span> <span class='ocrx_word' id='word_1_418' title='bbox 741 1705 808 1733; x_wconf 90' lang='lat' dir='ltr'><strong>nihil</strong></span> <span class='ocrx_word' id='word_1_419' title='bbox 825 1705 934 1733; x_wconf 88' lang='lat' dir='ltr'><strong>omnino</strong></span> <span class='ocrx_word' id='word_1_420' title='bbox 948 1712 991 1732; x_wconf 85' lang='lat' dir='ltr'><strong>se-</strong></span> 
     </span>
    </p>
   </div>
   <div class='ocr_carea' id='block_1_52' title="bbox 208 1751 991 1786">
    <p class='ocr_par' dir='ltr' id='par_1_52' title="bbox 208 1751 991 1786">
     <span class='ocr_line' id='line_1_52' title="bbox 208 1751 991 1786; baseline -0.003 -6"><span class='ocrx_word' id='word_1_421' title='bbox 208 1754 325 1781; x_wconf 86' lang='lat' dir='ltr'><strong>cundum</strong></span> <span class='ocrx_word' id='word_1_422' title='bbox 340 1753 458 1780; x_wconf 88' lang='lat' dir='ltr'><strong>litteram</strong></span> <span class='ocrx_word' id='word_1_423' title='bbox 473 1771 482 1785; x_wconf 89' lang='lat'><strong>,</strong></span> <span class='ocrx_word' id='word_1_424' title='bbox 505 1752 554 1779; x_wconf 90' lang='lat' dir='ltr'><strong>sed</strong></span> <span class='ocrx_word' id='word_1_425' title='bbox 571 1751 731 1786; x_wconf 88' lang='lat' dir='ltr'><strong>spiritaliter</strong></span> <span class='ocrx_word' id='word_1_426' title='bbox 743 1751 842 1779; x_wconf 87' lang='lat' dir='ltr'><strong>debent</strong></span> <span class='ocrx_word' id='word_1_427' title='bbox 864 1751 991 1779; x_wconf 88' lang='lat' dir='ltr'><strong>universa</strong></span> 
     </span>
    </p>
   </div>
   <div class='ocr_carea' id='block_1_53' title="bbox 208 1797 989 1833">
    <p class='ocr_par' dir='ltr' id='par_1_53' title="bbox 208 1797 989 1833">
     <span class='ocr_line' id='line_1_53' title="bbox 208 1797 989 1833; baseline -0.005 -6"><span class='ocrx_word' id='word_1_428' title='bbox 208 1800 334 1831; x_wconf 82' lang='lat' dir='ltr'><strong>discerni.</strong></span> <span class='ocrx_word' id='word_1_429' title='bbox 351 1799 407 1827; x_wconf 74' lang='lat' dir='ltr'><strong>Nos</strong></span> <span class='ocrx_word' id='word_1_430' title='bbox 421 1804 512 1826; x_wconf 87' lang='lat' dir='ltr'><strong>autem</strong></span> <span class='ocrx_word' id='word_1_431' title='bbox 532 1799 672 1833; x_wconf 87' lang='lat' dir='ltr'><strong>utriusque</strong></span> <span class='ocrx_word' id='word_1_432' title='bbox 695 1797 856 1826; x_wconf 89' lang='lat' dir='ltr'><strong>assertionis</strong></span> <span class='ocrx_word' id='word_1_433' title='bbox 872 1797 989 1824; x_wconf 82' lang='lat' dir='ltr'><strong>insolen-</strong></span> 
     </span>
    </p>
   </div>
   <div class='ocr_carea' id='block_1_54' title="bbox 208 1842 989 1879">
    <p class='ocr_par' dir='ltr' id='par_1_54' title="bbox 208 1842 989 1879">
     <span class='ocr_line' id='line_1_54' title="bbox 208 1842 989 1879; baseline -0.005 -6"><span class='ocrx_word' id='word_1_434' title='bbox 208 1846 273 1873; x_wconf 81' lang='lat' dir='ltr'><strong>tiam</strong></span> <span class='ocrx_word' id='word_1_435' title='bbox 301 1849 480 1879; x_wconf 84' lang='lat' dir='ltr'><strong>temperantes</strong></span> <span class='ocrx_word' id='word_1_436' title='bbox 495 1863 503 1877; x_wconf 91' lang='lat'><strong>,</strong></span> <span class='ocrx_word' id='word_1_437' title='bbox 527 1844 615 1879; x_wconf 85' lang='lat' dir='ltr'><strong>qualis</strong></span> <span class='ocrx_word' id='word_1_438' title='bbox 636 1843 728 1879; x_wconf 79' lang='lat' dir='ltr'><strong>regula</strong></span> <span class='ocrx_word' id='word_1_439' title='bbox 750 1843 776 1870; x_wconf 88' lang='lat' dir='ltr'><strong>in</strong></span> <span class='ocrx_word' id='word_1_440' title='bbox 803 1842 989 1878; x_wconf 78' lang='lat' dir='ltr'><strong>hujuscemodi</strong></span> 
     </span>
    </p>
   </div>
   <div class='ocr_carea' id='block_1_55' title="bbox 208 1889 991 1926">
    <p class='ocr_par' dir='ltr' id='par_1_55' title="bbox 208 1889 991 1926">
     <span class='ocr_line' id='line_1_55' title="bbox 208 1889 991 1926; baseline -0.001 -9"><span class='ocrx_word' id='word_1_441' title='bbox 208 1890 273 1926; x_wconf 67' lang='lat' dir='ltr'><strong>ivgis</strong></span> <span class='ocrx_word' id='word_1_442' title='bbox 288 1891 459 1918; x_wconf 86' lang='lat' dir='ltr'><strong>sermonibus</strong></span> <span class='ocrx_word' id='word_1_443' title='bbox 474 1890 643 1918; x_wconf 84' lang='lat' dir='ltr'><strong>observanda</strong></span> <span class='ocrx_word' id='word_1_444' title='bbox 665 1890 710 1922; x_wconf 86' lang='lat' dir='ltr'><strong>sit,</strong></span> <span class='ocrx_word' id='word_1_445' title='bbox 729 1896 762 1917; x_wconf 81' lang='lat' dir='ltr'><strong>ex</strong></span> <span class='ocrx_word' id='word_1_446' title='bbox 776 1889 937 1917; x_wconf 84' lang='lat' dir='ltr'><strong>auctoritate</strong></span> <span class='ocrx_word' id='word_1_447' title='bbox 949 1889 991 1916; x_wconf 91' lang='lat' dir='ltr'><strong>di-</strong></span> 
     </span>
    </p>
   </div>
   <div class='ocr_carea' id='block_1_56' title="bbox 207 1933 989 1970">
    <p class='ocr_par' dir='ltr' id='par_1_56' title="bbox 207 1933 989 1970">
     <span class='ocr_line' id='line_1_56' title="bbox 207 1933 989 1970; baseline -0.003 -7"><span class='ocrx_word' id='word_1_448' title='bbox 207 1936 330 1964; x_wconf 63' lang='lat' dir='ltr'><strong>vinarum</strong></span> <span class='ocrx_word' id='word_1_449' title='bbox 342 1934 546 1970; x_wconf 87' lang='lat' dir='ltr'><strong>Scripturarum</strong></span> <span class='ocrx_word' id='word_1_450' title='bbox 562 1934 685 1970; x_wconf 79' lang='lat' dir='ltr'><strong>proferre</strong></span> <span class='ocrx_word' id='word_1_451' title='bbox 702 1935 875 1963; x_wconf 85' lang='lat' dir='ltr'><strong>tentabimus.</strong></span> <span class='ocrx_word' id='word_1_452' title='bbox 892 1942 902 1960; x_wconf 69' lang='grc' dir='ltr'><strong>ι</strong></span> <span class='ocrx_word' id='word_1_453' title='bbox 920 1933 989 1962; x_wconf 86' lang='lat' dir='ltr'><strong>Tum</strong></span> 
     </span>
    </p>
   </div>
   <div class='ocr_carea' id='block_1_57' title="bbox 207 1978 990 2014">
    <p class='ocr_par' dir='ltr' id='par_1_57' title="bbox 207 1978 990 2014">
     <span class='ocr_line' id='line_1_57' title="bbox 207 1978 990 2014; baseline 0.001 -9"><span class='ocrx_word' id='word_1_454' title='bbox 207 1978 301 2011; x_wconf 82' lang='lat' dir='ltr'><strong>haberi</strong></span> <span class='ocrx_word' id='word_1_455' title='bbox 318 1978 384 2006; x_wconf 87' lang='lat' dir='ltr'><strong>dicit</strong></span> <span class='ocrx_word' id='word_1_456' title='bbox 402 1979 428 2005; x_wconf 87' lang='lat' dir='ltr'><strong>in</strong></span> <span class='ocrx_word' id='word_1_457' title='bbox 443 1978 581 2013; x_wconf 86' lang='lat' dir='ltr'><strong>Scriptura</strong></span> <span class='ocrx_word' id='word_1_458' title='bbox 599 1978 689 2014; x_wconf 81' lang='lat' dir='ltr'><strong>leges,</strong></span> <span class='ocrx_word' id='word_1_459' title='bbox 705 1979 844 2012; x_wconf 87' lang='lat' dir='ltr'><strong>mandata,</strong></span> <span class='ocrx_word' id='word_1_460' title='bbox 857 1979 990 2014; x_wconf 57' lang='lat' dir='ltr'><strong>justitlca-</strong></span> 
     </span>
    </p>
   </div>
   <div class='ocr_carea' id='block_1_58' title="bbox 208 2023 990 2059">
    <p class='ocr_par' dir='ltr' id='par_1_58' title="bbox 208 2023 990 2059">
     <span class='ocr_line' id='line_1_58' title="bbox 208 2023 990 2059; baseline 0.003 -9"><span class='ocrx_word' id='word_1_461' title='bbox 208 2025 305 2057; x_wconf 81' lang='lat' dir='ltr'><strong>tiones.</strong></span> <span class='ocrx_word' id='word_1_462' title='bbox 319 2029 463 2059; x_wconf 72' lang='lat' dir='ltr'><strong>prmcepta,</strong></span> <span class='ocrx_word' id='word_1_463' title='bbox 479 2024 634 2051; x_wconf 81' lang='lat' dir='ltr'><strong>testimonia</strong></span> <span class='ocrx_word' id='word_1_464' title='bbox 652 2029 679 2052; x_wconf 91' lang='lat' dir='ltr'><strong>et</strong></span> <span class='ocrx_word' id='word_1_465' title='bbox 691 2023 803 2059; x_wconf 83' lang='lat' dir='ltr'><strong>judicia,</strong></span> <span class='ocrx_word' id='word_1_466' title='bbox 823 2031 839 2052; x_wconf 86' lang='lat' dir='ltr'><strong>a</strong></span> <span class='ocrx_word' id='word_1_467' title='bbox 863 2032 891 2053; x_wconf 89' lang='lat' dir='ltr'><strong>se</strong></span> <span class='ocrx_word' id='word_1_468' title='bbox 918 2025 990 2052; x_wconf 89' lang='lat' dir='ltr'><strong>invi-</strong></span> 
     </span>
    </p>
   </div>
   <div class='ocr_carea' id='block_1_59' title="bbox 207 2070 989 2105">
    <p class='ocr_par' dir='ltr' id='par_1_59' title="bbox 207 2070 989 2105">
     <span class='ocr_line' id='line_1_59' title="bbox 207 2070 989 2105; baseline 0 -7"><span class='ocrx_word' id='word_1_469' title='bbox 207 2078 264 2098; x_wconf 91' lang='lat' dir='ltr'><strong>cem</strong></span> <span class='ocrx_word' id='word_1_470' title='bbox 276 2071 390 2097; x_wconf 75' lang='lat' dir='ltr'><strong>discreta</strong></span> <span class='ocrx_word' id='word_1_471' title='bbox 404 2076 431 2097; x_wconf 87' lang='lat' dir='ltr'><strong>ct</strong></span> <span class='ocrx_word' id='word_1_472' title='bbox 442 2070 559 2101; x_wconf 82' lang='lat' dir='ltr'><strong>diversa.</strong></span> <span class='ocrx_word' id='word_1_473' title='bbox 576 2077 635 2104; x_wconf 78' lang='lat' dir='ltr'><strong>qua:</strong></span> <span class='ocrx_word' id='word_1_474' title='bbox 651 2070 807 2105; x_wconf 89' lang='lat' dir='ltr'><strong>neutiquam</strong></span> <span class='ocrx_word' id='word_1_475' title='bbox 821 2070 989 2105; x_wconf 84' lang='lat' dir='ltr'><strong>permiscen-</strong></span> 
     </span>
    </p>
   </div>
   <div class='ocr_carea' id='block_1_60' title="bbox 207 2114 987 2151">
    <p class='ocr_par' dir='ltr' id='par_1_60' title="bbox 207 2114 987 2151">
     <span class='ocr_line' id='line_1_60' title="bbox 207 2114 987 2151; baseline 0 -9"><span class='ocrx_word' id='word_1_476' title='bbox 207 2116 238 2151; x_wconf 84' lang='lat' dir='ltr'><strong>da</strong></span> <span class='ocrx_word' id='word_1_477' title='bbox 253 2121 279 2142; x_wconf 92' lang='lat' dir='ltr'><strong>ct</strong></span> <span class='ocrx_word' id='word_1_478' title='bbox 293 2115 479 2142; x_wconf 79' lang='lat' dir='ltr'><strong>confundenda</strong></span> <span class='ocrx_word' id='word_1_479' title='bbox 497 2114 553 2141; x_wconf 84' lang='lat' dir='ltr'><strong>sint</strong></span> <span class='ocrx_word' id='word_1_480' title='bbox 565 2135 573 2148; x_wconf 86' lang='grc'><em>,</em></span> <span class='ocrx_word' id='word_1_481' title='bbox 588 2114 652 2142; x_wconf 86' lang='lat' dir='ltr'><strong>licet</strong></span> <span class='ocrx_word' id='word_1_482' title='bbox 673 2115 730 2142; x_wconf 70' lang='lat' dir='ltr'><strong>haec</strong></span> <span class='ocrx_word' id='word_1_483' title='bbox 753 2115 844 2142; x_wconf 85' lang='lat' dir='ltr'><strong>omnia</strong></span> <span class='ocrx_word' id='word_1_484' title='bbox 863 2123 987 2142; x_wconf 89' lang='lat' dir='ltr'><strong>nonnun-</strong></span> 
     </span>
    </p>
   </div>
   <div class='ocr_carea' id='block_1_61' title="bbox 207 2162 988 2198">
    <p class='ocr_par' dir='ltr' id='par_1_61' title="bbox 207 2162 988 2198">
     <span class='ocr_line' id='line_1_61' title="bbox 207 2162 988 2198; baseline 0.004 -11"><span class='ocrx_word' id='word_1_485' title='bbox 207 2169 285 2197; x_wconf 85' lang='lat' dir='ltr'><strong>quam</strong></span> <span class='ocrx_word' id='word_1_486' title='bbox 302 2163 382 2190; x_wconf 91' lang='lat' dir='ltr'><strong>unico</strong></span> <span class='ocrx_word' id='word_1_487' title='bbox 399 2162 466 2198; x_wconf 90' lang='lat' dir='ltr'><strong>lcgis</strong></span> <span class='ocrx_word' id='word_1_488' title='bbox 480 2162 589 2189; x_wconf 89' lang='lat' dir='ltr'><strong>nomine</strong></span> <span class='ocrx_word' id='word_1_489' title='bbox 612 2162 798 2196; x_wconf 81' lang='lat' dir='ltr'><strong>signiﬁcentur</strong></span> <span class='ocrx_word' id='word_1_490' title='bbox 816 2171 823 2189; x_wconf 88' lang='lat'><strong>:</strong></span> <span class='ocrx_word' id='word_1_491' title='bbox 841 2162 928 2197; x_wconf 87' lang='lat' dir='ltr'><strong>legem</strong></span> <span class='ocrx_word' id='word_1_492' title='bbox 945 2170 988 2190; x_wconf 90' lang='lat' dir='ltr'><strong>cr-</strong></span> 
     </span>
    </p>
   </div>
   <div class='ocr_carea' id='block_1_62' title="bbox 206 2206 986 2243">
    <p class='ocr_par' dir='ltr' id='par_1_62' title="bbox 206 2206 986 2243">
     <span class='ocr_line' id='line_1_62' title="bbox 206 2206 986 2243; baseline 0.001 -9"><span class='ocrx_word' id='word_1_493' title='bbox 206 2215 258 2242; x_wconf 84' lang='lat' dir='ltr'><strong>go,</strong></span> <span class='ocrx_word' id='word_1_494' title='bbox 271 2208 347 2243; x_wconf 80' lang='lat' dir='ltr'><strong>juxta</strong></span> <span class='ocrx_word' id='word_1_495' title='bbox 361 2207 518 2242; x_wconf 77' lang='lat' dir='ltr'><strong>Apostolum</strong></span> <span class='ocrx_word' id='word_1_496' title='bbox 531 2227 538 2241; x_wconf 88' lang='lat'><strong>,</strong></span> <span class='ocrx_word' id='word_1_497' title='bbox 557 2206 679 2234; x_wconf 83' lang='lat' dir='ltr'><strong>umbram</strong></span> <span class='ocrx_word' id='word_1_498' title='bbox 706 2207 807 2234; x_wconf 87' lang='lat' dir='ltr'><strong>habere</strong></span> <span class='ocrx_word' id='word_1_499' title='bbox 833 2207 986 2236; x_wconf 78' lang='lat' dir='ltr'><strong>futurorum</strong></span> 
     </span>
    </p>
   </div>
   <div class='ocr_carea' id='block_1_63' title="bbox 206 2252 985 2289">
    <p class='ocr_par' dir='ltr' id='par_1_63' title="bbox 206 2252 985 2289">
     <span class='ocr_line' id='line_1_63' title="bbox 206 2252 985 2289; baseline 0 -8"><span class='ocrx_word' id='word_1_500' title='bbox 206 2254 337 2281; x_wconf 89' lang='lat' dir='ltr'><strong>bonorum</strong></span> <span class='ocrx_word' id='word_1_501' title='bbox 345 2254 367 2270; x_wconf 80' lang='grc'><strong>⁸⁸</strong></span> <span class='ocrx_word' id='word_1_502' title='bbox 392 2253 496 2289; x_wconf 82' lang='lat' dir='ltr'><strong>reliqua</strong></span> <span class='ocrx_word' id='word_1_503' title='bbox 509 2261 560 2281; x_wconf 91' lang='lat' dir='ltr'><strong>non</strong></span> <span class='ocrx_word' id='word_1_504' title='bbox 576 2254 639 2281; x_wconf 88' lang='lat' dir='ltr'><strong>item</strong></span> <span class='ocrx_word' id='word_1_505' title='bbox 657 2261 665 2281; x_wconf 87' lang='lat'><strong>:</strong></span> <span class='ocrx_word' id='word_1_506' title='bbox 682 2262 691 2279; x_wconf 75' lang='grc' dir='ltr'><strong>ι</strong></span> <span class='ocrx_word' id='word_1_507' title='bbox 709 2252 771 2281; x_wconf 70' lang='lat' dir='ltr'><strong>llaec</strong></span> <span class='ocrx_word' id='word_1_508' title='bbox 785 2260 849 2289; x_wconf 85' lang='lat' dir='ltr'><strong>ergo</strong></span> <span class='ocrx_word' id='word_1_509' title='bbox 866 2254 985 2288; x_wconf 75' lang='lat' dir='ltr'><strong>singula,</strong></span> 
     </span>
    </p>
   </div>
   <div class='ocr_carea' id='block_1_64' title="bbox 206 2297 987 2334">
    <p class='ocr_par' dir='ltr' id='par_1_64' title="bbox 206 2297 987 2334">
     <span class='ocr_line' id='line_1_64' title="bbox 206 2297 987 2334; baseline 0.003 -9"><span class='ocrx_word' id='word_1_510' title='bbox 206 2306 264 2334; x_wconf 71' lang='lat' dir='ltr'><strong>quae</strong></span> <span class='ocrx_word' id='word_1_511' title='bbox 279 2306 447 2334; x_wconf 85' lang='lat' dir='ltr'><strong>nequaquam</strong></span> <span class='ocrx_word' id='word_1_512' title='bbox 463 2299 570 2333; x_wconf 84' lang='lat' dir='ltr'><strong>penitus</strong></span> <span class='ocrx_word' id='word_1_513' title='bbox 589 2298 739 2326; x_wconf 87' lang='lat' dir='ltr'><strong>secundum</strong></span> <span class='ocrx_word' id='word_1_514' title='bbox 758 2297 878 2326; x_wconf 83' lang='lat' dir='ltr'><strong>litteram</strong></span> <span class='ocrx_word' id='word_1_515' title='bbox 893 2300 987 2327; x_wconf 66' lang='lat' dir='ltr'><strong>obsero</strong></span> 
     </span>
    </p>
   </div>
   <div class='ocr_carea' id='block_1_65' title="bbox 205 2342 985 2378">
    <p class='ocr_par' dir='ltr' id='par_1_65' title="bbox 205 2342 985 2378">
     <span class='ocr_line' id='line_1_65' title="bbox 205 2342 985 2378; baseline 0.003 -8"><span class='ocrx_word' id='word_1_516' title='bbox 205 2342 290 2370; x_wconf 82' lang='lat' dir='ltr'><strong>vanda</strong></span> <span class='ocrx_word' id='word_1_517' title='bbox 303 2342 368 2369; x_wconf 90' lang='lat' dir='ltr'><strong>dicit</strong></span> <span class='ocrx_word' id='word_1_518' title='bbox 383 2342 536 2377; x_wconf 77' lang='lat' dir='ltr'><strong>Apostolus,</strong></span> <span class='ocrx_word' id='word_1_519' title='bbox 551 2342 640 2370; x_wconf 88' lang='lat' dir='ltr'><strong>omnia</strong></span> <span class='ocrx_word' id='word_1_520' title='bbox 652 2342 709 2371; x_wconf 78' lang='lat' dir='ltr'><strong>fere</strong></span> <span class='ocrx_word' id='word_1_521' title='bbox 721 2342 791 2377; x_wconf 85' lang='lat' dir='ltr'><strong>apud</strong></span> <span class='ocrx_word' id='word_1_522' title='bbox 805 2342 922 2378; x_wconf 78' lang='lat' dir='ltr'><strong>Moysem</strong></span> <span class='ocrx_word' id='word_1_523' title='bbox 935 2345 985 2372; x_wconf 86' lang='lat' dir='ltr'><strong>sub</strong></span> 
     </span>
    </p>
   </div>
   <div class='ocr_carea' id='block_1_66' title="bbox 205 2387 986 2423">
    <p class='ocr_par' dir='ltr' id='par_1_66' title="bbox 205 2387 986 2423">
     <span class='ocr_line' id='line_1_66' title="bbox 205 2387 986 2423; baseline 0.004 -9"><span class='ocrx_word' id='word_1_524' title='bbox 205 2387 271 2423; x_wconf 83' lang='lat' dir='ltr'><strong>legis</strong></span> <span class='ocrx_word' id='word_1_525' title='bbox 285 2387 362 2415; x_wconf 89' lang='lat' dir='ltr'><strong>titulo</strong></span> <span class='ocrx_word' id='word_1_526' title='bbox 375 2388 510 2423; x_wconf 85' lang='lat' dir='ltr'><strong>designari</strong></span> <span class='ocrx_word' id='word_1_527' title='bbox 526 2397 532 2414; x_wconf 95' lang='lat'><strong>:</strong></span> <span class='ocrx_word' id='word_1_528' title='bbox 548 2397 556 2414; x_wconf 78' lang='grc' dir='ltr'><strong>ι</strong></span> <span class='ocrx_word' id='word_1_529' title='bbox 569 2395 628 2423; x_wconf 81' lang='lat' dir='ltr'><strong>qua:</strong></span> <span class='ocrx_word' id='word_1_530' title='bbox 640 2392 728 2415; x_wconf 82' lang='lat' dir='ltr'><strong>autem</strong></span> <span class='ocrx_word' id='word_1_531' title='bbox 745 2388 863 2415; x_wconf 85' lang='lat' dir='ltr'><strong>mandati</strong></span> <span class='ocrx_word' id='word_1_532' title='bbox 878 2389 986 2417; x_wconf 87' lang='lat' dir='ltr'><strong>nomine</strong></span> 
     </span>
    </p>
   </div>
   <div class='ocr_carea' id='block_1_67' title="bbox 204 2433 985 2469">
    <p class='ocr_par' dir='ltr' id='par_1_67' title="bbox 204 2433 985 2469">
     <span class='ocr_line' id='line_1_67' title="bbox 204 2433 985 2469; baseline 0.001 -8"><span class='ocrx_word' id='word_1_533' title='bbox 204 2438 356 2466; x_wconf 82' lang='lat' dir='ltr'><strong>censentur,</strong></span> <span class='ocrx_word' id='word_1_534' title='bbox 371 2441 433 2469; x_wconf 88' lang='lat' dir='ltr'><strong>puta</strong></span> <span class='ocrx_word' id='word_1_535' title='bbox 450 2433 543 2461; x_wconf 76' lang='lat' dir='ltr'><strong>istluec</strong></span> <span class='ocrx_word' id='word_1_536' title='bbox 557 2443 564 2460; x_wconf 70' lang='grc' dir='ltr'>ε</span> <span class='ocrx_word' id='word_1_537' title='bbox 581 2443 590 2459; x_wconf 81' lang='grc' dir='ltr'><strong>ι</strong></span> <span class='ocrx_word' id='word_1_538' title='bbox 604 2433 662 2461; x_wconf 79' lang='lat' dir='ltr'><strong>Non</strong></span> <span class='ocrx_word' id='word_1_539' title='bbox 677 2434 793 2467; x_wconf 86' lang='lat' dir='ltr'><strong>occides,</strong></span> <span class='ocrx_word' id='word_1_540' title='bbox 805 2443 857 2462; x_wconf 91' lang='lat' dir='ltr'><strong>non</strong></span> <span class='ocrx_word' id='word_1_541' title='bbox 880 2435 985 2462; x_wconf 88' lang='lat' dir='ltr'><strong>adulte-</strong></span> 
     </span>
    </p>
   </div>
   <div class='ocr_carea' id='block_1_68' title="bbox 203 2479 984 2516">
    <p class='ocr_par' dir='ltr' id='par_1_68' title="bbox 203 2479 984 2516">
     <span class='ocr_line' id='line_1_68' title="bbox 203 2479 984 2516; baseline 0.005 -10"><span class='ocrx_word' id='word_1_542' title='bbox 203 2481 271 2507; x_wconf 83' lang='lat' dir='ltr'><strong>rium</strong></span> <span class='ocrx_word' id='word_1_543' title='bbox 281 2479 372 2512; x_wconf 79' lang='lat' dir='ltr'><strong>facies,</strong></span> <span class='ocrx_word' id='word_1_544' title='bbox 382 2487 434 2507; x_wconf 90' lang='lat' dir='ltr'><strong>non</strong></span> <span class='ocrx_word' id='word_1_545' title='bbox 449 2479 581 2508; x_wconf 79' lang='lat' dir='ltr'><strong>furabcris</strong></span> <span class='ocrx_word' id='word_1_546' title='bbox 591 2480 625 2513; x_wconf 78' lang='lat'><strong>“,</strong></span> <span class='ocrx_word' id='word_1_547' title='bbox 638 2489 647 2506; x_wconf 85' lang='grc'><strong>›</strong></span> <span class='ocrx_word' id='word_1_548' title='bbox 665 2485 692 2508; x_wconf 89' lang='lat' dir='ltr'><strong>et</strong></span> <span class='ocrx_word' id='word_1_549' title='bbox 707 2481 807 2516; x_wconf 77' lang='lat' dir='ltr'><strong>reliqua</strong></span> <span class='ocrx_word' id='word_1_550' title='bbox 820 2481 984 2516; x_wconf 74' lang='lat' dir='ltr'><strong>huiusmodi,</strong></span> 
     </span>
    </p>
   </div>
   <div class='ocr_carea' id='block_1_69' title="bbox 203 2525 985 2562">
    <p class='ocr_par' dir='ltr' id='par_1_69' title="bbox 203 2525 985 2562">
     <span class='ocr_line' id='line_1_69' title="bbox 203 2525 985 2562; baseline 0.005 -10"><span class='ocrx_word' id='word_1_551' title='bbox 203 2526 348 2552; x_wconf 83' lang='lat' dir='ltr'><strong>secundum</strong></span> <span class='ocrx_word' id='word_1_552' title='bbox 363 2525 480 2552; x_wconf 89' lang='lat' dir='ltr'><strong>litteram</strong></span> <span class='ocrx_word' id='word_1_553' title='bbox 499 2533 559 2553; x_wconf 86' lang='lat' dir='ltr'><strong>esse</strong></span> <span class='ocrx_word' id='word_1_554' title='bbox 583 2526 769 2560; x_wconf 87' lang='lat' dir='ltr'><strong>observanda;</strong></span> <span class='ocrx_word' id='word_1_555' title='bbox 796 2534 858 2555; x_wconf 90' lang='lat' dir='ltr'><strong>nam</strong></span> <span class='ocrx_word' id='word_1_556' title='bbox 886 2537 896 2554; x_wconf 85' lang='grc'><em>‹</em></span> <span class='ocrx_word' id='word_1_557' title='bbox 916 2528 985 2562; x_wconf 85' lang='lat' dir='ltr'><strong>Quid</strong></span> 
     </span>
    </p>
   </div>
   <div class='ocr_carea' id='block_1_70' title="bbox 203 2571 982 2607">
    <p class='ocr_par' dir='ltr' id='par_1_70' title="bbox 203 2571 982 2607">
     <span class='ocr_line' id='line_1_70' title="bbox 203 2571 982 2607; baseline 0.004 -9"><span class='ocrx_word' id='word_1_558' title='bbox 203 2578 268 2606; x_wconf 84' lang='lat' dir='ltr'><strong>opus</strong></span> <span class='ocrx_word' id='word_1_559' title='bbox 282 2575 324 2599; x_wconf 89' lang='lat' dir='ltr'><strong>est</strong></span> <span class='ocrx_word' id='word_1_560' title='bbox 340 2571 367 2598; x_wconf 93' lang='lat' dir='ltr'><strong>in</strong></span> <span class='ocrx_word' id='word_1_561' title='bbox 382 2571 538 2607; x_wconf 86' lang='lat' dir='ltr'><strong>allegoriam</strong></span> <span class='ocrx_word' id='word_1_562' title='bbox 552 2578 682 2606; x_wconf 66' lang='lat' dir='ltr'><strong>quaerere,</strong></span> <span class='ocrx_word' id='word_1_563' title='bbox 696 2579 757 2599; x_wconf 90' lang='lat' dir='ltr'><strong>cum</strong></span> <span class='ocrx_word' id='word_1_564' title='bbox 771 2573 884 2601; x_wconf 67' lang='lat' dir='ltr'><strong>azdiiicet</strong></span> <span class='ocrx_word' id='word_1_565' title='bbox 898 2574 982 2601; x_wconf 88' lang='lat' dir='ltr'><strong>etiam</strong></span> 
     </span>
    </p>
   </div>
   <div class='ocr_carea' id='block_1_71' title="bbox 203 2615 984 2653">
    <p class='ocr_par' dir='ltr' id='par_1_71' title="bbox 203 2615 984 2653">
     <span class='ocr_line' id='line_1_71' title="bbox 203 2615 984 2653; baseline 0.005 -11"><span class='ocrx_word' id='word_1_566' title='bbox 203 2615 312 2644; x_wconf 76' lang='lat' dir='ltr'><strong>littera?</strong></span> <span class='ocrx_word' id='word_1_567' title='bbox 328 2625 338 2643; x_wconf 83' lang='grc'><strong>›</strong></span> <span class='ocrx_word' id='word_1_568' title='bbox 358 2616 418 2644; x_wconf 87' lang='lat' dir='ltr'><strong>inde</strong></span> <span class='ocrx_word' id='word_1_569' title='bbox 439 2617 478 2643; x_wconf 89' lang='lat' dir='ltr'><strong>sic</strong></span> <span class='ocrx_word' id='word_1_570' title='bbox 499 2616 636 2643; x_wconf 89' lang='lat' dir='ltr'><strong>concludit</strong></span> <span class='ocrx_word' id='word_1_571' title='bbox 665 2625 672 2644; x_wconf 86' lang='lat'><strong>:</strong></span> <span class='ocrx_word' id='word_1_572' title='bbox 700 2625 709 2642; x_wconf 86' lang='grc' dir='ltr'><strong>ι</strong></span> <span class='ocrx_word' id='word_1_573' title='bbox 730 2617 904 2647; x_wconf 80' lang='lat' dir='ltr'><strong>Ostendimus</strong></span> <span class='ocrx_word' id='word_1_574' title='bbox 918 2625 984 2653; x_wconf 78' lang='lat' dir='ltr'><strong>ergo</strong></span> 
     </span>
    </p>
   </div>
   <div class='ocr_carea' id='block_1_72' title="bbox 202 2663 984 2698">
    <p class='ocr_par' dir='ltr' id='par_1_72' title="bbox 202 2663 984 2698">
     <span class='ocr_line' id='line_1_72' title="bbox 202 2663 984 2698; baseline 0.001 -8"><span class='ocrx_word' id='word_1_575' title='bbox 202 2670 260 2690; x_wconf 84' lang='lat' dir='ltr'><strong>esse</strong></span> <span class='ocrx_word' id='word_1_576' title='bbox 270 2663 393 2698; x_wconf 63' lang='lat' dir='ltr'><strong>quaedam</strong></span> <span class='ocrx_word' id='word_1_577' title='bbox 408 2670 466 2697; x_wconf 72' lang='lat' dir='ltr'><strong>qua:</strong></span> <span class='ocrx_word' id='word_1_578' title='bbox 491 2663 601 2690; x_wconf 90' lang='lat' dir='ltr'><strong>omnino</strong></span> <span class='ocrx_word' id='word_1_579' title='bbox 626 2670 678 2689; x_wconf 89' lang='lat' dir='ltr'><strong>non</strong></span> <span class='ocrx_word' id='word_1_580' title='bbox 702 2667 766 2689; x_wconf 88' lang='lat' dir='ltr'><strong>sunt</strong></span> <span class='ocrx_word' id='word_1_581' title='bbox 790 2664 923 2690; x_wconf 86' lang='lat' dir='ltr'><strong>servanda</strong></span> <span class='ocrx_word' id='word_1_582' title='bbox 938 2671 984 2691; x_wconf 85' lang='lat' dir='ltr'><strong>se-</strong></span> 
     </span>
    </p>
   </div>
   <div class='ocr_carea' id='block_1_73' title="bbox 200 2708 985 2744">
    <p class='ocr_par' dir='ltr' id='par_1_73' title="bbox 200 2708 985 2744">
     <span class='ocr_line' id='line_1_73' title="bbox 200 2708 985 2744; baseline 0.001 -9"><span class='ocrx_word' id='word_1_583' title='bbox 200 2709 318 2736; x_wconf 88' lang='lat' dir='ltr'><strong>cumlum</strong></span> <span class='ocrx_word' id='word_1_584' title='bbox 334 2709 452 2736; x_wconf 86' lang='lat' dir='ltr'><strong>litteram</strong></span> <span class='ocrx_word' id='word_1_585' title='bbox 476 2708 551 2743; x_wconf 79' lang='lat' dir='ltr'><strong>legis,</strong></span> <span class='ocrx_word' id='word_1_586' title='bbox 567 2713 666 2736; x_wconf 83' lang='lat' dir='ltr'><strong>etesse</strong></span> <span class='ocrx_word' id='word_1_587' title='bbox 679 2708 871 2744; x_wconf 56' lang='lat' dir='ltr'><strong>quaedamque</strong></span> <span class='ocrx_word' id='word_1_588' title='bbox 883 2709 985 2744; x_wconf 81' lang='lat' dir='ltr'><strong>allego-</strong></span> 
     </span>
    </p>
   </div>
   <div class='ocr_carea' id='block_1_74' title="bbox 197 2754 982 2796">
    <p class='ocr_par' dir='ltr' id='par_1_74' title="bbox 197 2754 982 2796">
     <span class='ocr_line' id='line_1_74' title="bbox 197 2754 982 2796; baseline 0.003 -14"><span class='ocrx_word' id='word_1_589' title='bbox 197 2755 248 2796; x_wconf 38' lang='lat' dir='ltr'><strong>.rire</strong></span> <span class='ocrx_word' id='word_1_590' title='bbox 262 2755 367 2789; x_wconf 88' lang='lat' dir='ltr'><strong>penitus</strong></span> <span class='ocrx_word' id='word_1_591' title='bbox 379 2755 523 2782; x_wconf 87' lang='lat' dir='ltr'><strong>immutare</strong></span> <span class='ocrx_word' id='word_1_592' title='bbox 535 2761 587 2781; x_wconf 90' lang='lat' dir='ltr'><strong>non</strong></span> <span class='ocrx_word' id='word_1_593' title='bbox 600 2754 688 2788; x_wconf 69' lang='lat' dir='ltr'><strong>debet;</strong></span> <span class='ocrx_word' id='word_1_594' title='bbox 706 2755 754 2782; x_wconf 90' lang='lat' dir='ltr'><strong>sed</strong></span> <span class='ocrx_word' id='word_1_595' title='bbox 767 2755 933 2789; x_wconf 83' lang='lat' dir='ltr'><strong>omnimodo,</strong></span> <span class='ocrx_word' id='word_1_596' title='bbox 945 2757 982 2784; x_wconf 87' lang='lat' dir='ltr'><strong>ita</strong></span> 
     </span>
    </p>
   </div>
   <div class='ocr_carea' id='block_1_75' title="bbox 236 2853 1000 2892">
    <p class='ocr_par' dir='ltr' id='par_1_75' title="bbox 236 2853 1000 2892">
     <span class='ocr_line' id='line_1_75' title="bbox 236 2853 1000 2892; baseline 0.008 -11"><span class='ocrx_word' id='word_1_597' title='bbox 236 2854 258 2870; x_wconf 84' lang='lat'><strong>&#39;°</strong></span> <span class='ocrx_word' id='word_1_598' title='bbox 275 2853 358 2882; x_wconf 78' lang='lat' dir='ltr'><strong>Hebr.</strong></span> <span class='ocrx_word' id='word_1_599' title='bbox 377 2864 403 2888; x_wconf 87' lang='lat' dir='ltr'><strong>x,</strong></span> <span class='ocrx_word' id='word_1_600' title='bbox 422 2856 446 2882; x_wconf 71' lang='grc' dir='ltr'>ί.</span> <span class='ocrx_word' id='word_1_601' title='bbox 492 2857 513 2872; x_wconf 76' lang='grc'>⁸·</span> <span class='ocrx_word' id='word_1_602' title='bbox 530 2857 607 2883; x_wconf 67' lang='grc' dir='ltr'>Ιὶοιιι.</span> <span class='ocrx_word' id='word_1_603' title='bbox 622 2865 680 2889; x_wconf 80' lang='lat' dir='ltr'><strong>xm,</strong></span> <span class='ocrx_word' id='word_1_604' title='bbox 698 2858 723 2885; x_wconf 90' lang='lat'><strong>9.</strong></span> <span class='ocrx_word' id='word_1_605' title='bbox 763 2859 785 2874; x_wconf 81' lang='lat'><strong>&quot;</strong></span> <span class='ocrx_word' id='word_1_606' title='bbox 799 2858 898 2886; x_wconf 79' lang='lat' dir='ltr'><strong>Ccncs.</strong></span> <span class='ocrx_word' id='word_1_607' title='bbox 911 2867 942 2892; x_wconf 83' lang='grc' dir='ltr'>ιι,</span> <span class='ocrx_word' id='word_1_608' title='bbox 955 2859 1000 2886; x_wconf 64' lang='grc' dir='ltr'><strong>ει.</strong></span> 
     </span>
    </p>
   </div>
   <div class='ocr_carea' id='block_1_76' title="bbox 1042 930 1827 966">
    <p class='ocr_par' dir='ltr' id='par_1_76' title="bbox 1042 930 1827 966">
     <span class='ocr_line' id='line_1_76' title="bbox 1042 930 1827 966; baseline 0.003 -8"><span class='ocrx_word' id='word_1_609' title='bbox 1042 931 1188 959; x_wconf 88' lang='lat' dir='ltr'><strong>secundum</strong></span> <span class='ocrx_word' id='word_1_610' title='bbox 1204 930 1326 958; x_wconf 86' lang='lat' dir='ltr'><strong>litteram</strong></span> <span class='ocrx_word' id='word_1_611' title='bbox 1343 930 1486 958; x_wconf 89' lang='lat' dir='ltr'><strong>veritatem</strong></span> <span class='ocrx_word' id='word_1_612' title='bbox 1501 930 1542 958; x_wconf 86' lang='lat' dir='ltr'><strong>sui</strong></span> <span class='ocrx_word' id='word_1_613' title='bbox 1555 951 1564 965; x_wconf 88' lang='lat'><strong>,</strong></span> <span class='ocrx_word' id='word_1_614' title='bbox 1591 931 1712 966; x_wconf 85' lang='lat' dir='ltr'><strong>recipere</strong></span> <span class='ocrx_word' id='word_1_615' title='bbox 1738 936 1827 960; x_wconf 90' lang='lat' dir='ltr'><strong>tamen</strong></span> 
     </span>
    </p>
   </div>
   <div class='ocr_carea' id='block_1_77' title="bbox 1042 975 1826 1012">
    <p class='ocr_par' dir='ltr' id='par_1_77' title="bbox 1042 975 1826 1012">
     <span class='ocr_line' id='line_1_77' title="bbox 1042 975 1826 1012; baseline 0.004 -10"><span class='ocrx_word' id='word_1_616' title='bbox 1042 975 1146 1004; x_wconf 80' lang='lat' dir='ltr'><strong>utiliter</strong></span> <span class='ocrx_word' id='word_1_617' title='bbox 1167 980 1194 1003; x_wconf 89' lang='lat' dir='ltr'><strong>et</strong></span> <span class='ocrx_word' id='word_1_618' title='bbox 1209 975 1368 1004; x_wconf 89' lang='lat' dir='ltr'><strong>necessario</strong></span> <span class='ocrx_word' id='word_1_619' title='bbox 1383 977 1466 1003; x_wconf 87' lang='lat' dir='ltr'><strong>etiam</strong></span> <span class='ocrx_word' id='word_1_620' title='bbox 1482 976 1658 1012; x_wconf 82' lang='lat' dir='ltr'><strong>allegoricum</strong></span> <span class='ocrx_word' id='word_1_621' title='bbox 1674 984 1797 1005; x_wconf 87' lang='lat' dir='ltr'><strong>sensum.</strong></span> <span class='ocrx_word' id='word_1_622' title='bbox 1815 988 1826 1004; x_wconf 73' lang='grc' dir='ltr'><strong>ι</strong></span> 
     </span>
    </p>
   </div>
   <div class='ocr_carea' id='block_1_78' title="bbox 1042 1021 1826 1057">
    <p class='ocr_par' dir='ltr' id='par_1_78' title="bbox 1042 1021 1826 1057">
     <span class='ocr_line' id='line_1_78' title="bbox 1042 1021 1826 1057; baseline 0.004 -10"><span class='ocrx_word' id='word_1_623' title='bbox 1042 1021 1131 1056; x_wconf 81' lang='lat' dir='ltr'><strong>Atque</strong></span> <span class='ocrx_word' id='word_1_624' title='bbox 1145 1027 1239 1049; x_wconf 88' lang='lat' dir='ltr'><strong>eorum</strong></span> <span class='ocrx_word' id='word_1_625' title='bbox 1266 1021 1459 1049; x_wconf 86' lang='lat' dir='ltr'><strong>discretionem</strong></span> <span class='ocrx_word' id='word_1_626' title='bbox 1488 1021 1605 1057; x_wconf 64' lang='lat' dir='ltr'><strong>capienti</strong></span> <span class='ocrx_word' id='word_1_627' title='bbox 1622 1022 1826 1057; x_wconf 87' lang='lat' dir='ltr'><strong>Scripturarum</strong></span> 
     </span>
    </p>
   </div>
   <div class='ocr_carea' id='block_1_79' title="bbox 1043 1066 1827 1103">
    <p class='ocr_par' dir='ltr' id='par_1_79' title="bbox 1043 1066 1827 1103">
     <span class='ocr_line' id='line_1_79' title="bbox 1043 1066 1827 1103; baseline 0.003 -9"><span class='ocrx_word' id='word_1_628' title='bbox 1043 1067 1186 1101; x_wconf 81' lang='lat' dir='ltr'><strong>interpreti</strong></span> <span class='ocrx_word' id='word_1_629' title='bbox 1202 1067 1345 1102; x_wconf 89' lang='lat' dir='ltr'><strong>permittit.</strong></span> <span class='ocrx_word' id='word_1_630' title='bbox 1363 1066 1475 1094; x_wconf 79' lang='lat' dir='ltr'><strong>Constat</strong></span> <span class='ocrx_word' id='word_1_631' title='bbox 1497 1073 1570 1096; x_wconf 84' lang='lat' dir='ltr'><strong>certe</strong></span> <span class='ocrx_word' id='word_1_632' title='bbox 1597 1067 1735 1103; x_wconf 84' lang='lat' dir='ltr'><strong>plerisque</strong></span> <span class='ocrx_word' id='word_1_633' title='bbox 1761 1068 1827 1096; x_wconf 79' lang='lat' dir='ltr'><strong>locis</strong></span> 
     </span>
    </p>
   </div>
   <div class='ocr_carea' id='block_1_80' title="bbox 1042 1111 1827 1146">
    <p class='ocr_par' dir='ltr' id='par_1_80' title="bbox 1042 1111 1827 1146">
     <span class='ocr_line' id='line_1_80' title="bbox 1042 1111 1827 1146; baseline 0.003 -8"><span class='ocrx_word' id='word_1_634' title='bbox 1042 1118 1153 1139; x_wconf 85' lang='lat' dir='ltr'><strong>sensum</strong></span> <span class='ocrx_word' id='word_1_635' title='bbox 1170 1116 1316 1146; x_wconf 87' lang='lat' dir='ltr'><strong>utrumque</strong></span> <span class='ocrx_word' id='word_1_636' title='bbox 1334 1111 1478 1139; x_wconf 83' lang='lat' dir='ltr'><strong>admittere</strong></span> <span class='ocrx_word' id='word_1_637' title='bbox 1489 1111 1604 1140; x_wconf 89' lang='lat' dir='ltr'><strong>Codices</strong></span> <span class='ocrx_word' id='word_1_638' title='bbox 1621 1120 1726 1145; x_wconf 86' lang='lat' dir='ltr'><strong>sacros,</strong></span> <span class='ocrx_word' id='word_1_639' title='bbox 1745 1117 1774 1140; x_wconf 94' lang='lat' dir='ltr'><strong>ut</strong></span> <span class='ocrx_word' id='word_1_640' title='bbox 1790 1118 1827 1141; x_wconf 86' lang='lat' dir='ltr'><strong>te-</strong></span> 
     </span>
    </p>
   </div>
   <div class='ocr_carea' id='block_1_81' title="bbox 1045 1154 1827 1191">
    <p class='ocr_par' dir='ltr' id='par_1_81' title="bbox 1045 1154 1827 1191">
     <span class='ocr_line' id='line_1_81' title="bbox 1045 1154 1827 1191; baseline -0.003 -7"><span class='ocrx_word' id='word_1_641' title='bbox 1045 1156 1095 1184; x_wconf 86' lang='lat' dir='ltr'><strong>stis</strong></span> <span class='ocrx_word' id='word_1_642' title='bbox 1122 1160 1164 1184; x_wconf 83' lang='lat' dir='ltr'><strong>est</strong></span> <span class='ocrx_word' id='word_1_643' title='bbox 1192 1155 1249 1191; x_wconf 85' lang='lat' dir='ltr'><strong>ipse</strong></span> <span class='ocrx_word' id='word_1_644' title='bbox 1275 1155 1375 1183; x_wconf 80' lang='lat' dir='ltr'><strong>Paulus</strong></span> <span class='ocrx_word' id='word_1_645' title='bbox 1397 1154 1408 1181; x_wconf 87' lang='lat'><strong>.‘</strong></span> <span class='ocrx_word' id='word_1_646' title='bbox 1432 1155 1495 1183; x_wconf 91' lang='lat' dir='ltr'><strong>Cor.</strong></span> <span class='ocrx_word' id='word_1_647' title='bbox 1511 1156 1618 1189; x_wconf 70' lang='lat' dir='ltr'><strong>x,i,et</strong></span> <span class='ocrx_word' id='word_1_648' title='bbox 1635 1155 1827 1189; x_wconf 65' lang='lat' dir='ltr'><strong>Calat.tv,ﬂ,</strong></span> 
     </span>
    </p>
   </div>
   <div class='ocr_carea' id='block_1_82' title="bbox 1042 1201 1828 1236">
    <p class='ocr_par' dir='ltr' id='par_1_82' title="bbox 1042 1201 1828 1236">
     <span class='ocr_line' id='line_1_82' title="bbox 1042 1201 1828 1236; baseline 0 -7"><span class='ocrx_word' id='word_1_649' title='bbox 1042 1207 1148 1229; x_wconf 84' lang='lat' dir='ltr'><strong>constat</strong></span> <span class='ocrx_word' id='word_1_650' title='bbox 1160 1206 1189 1229; x_wconf 82' lang='lat' dir='ltr'><strong>et</strong></span> <span class='ocrx_word' id='word_1_651' title='bbox 1201 1202 1278 1235; x_wconf 88' lang='lat' dir='ltr'><strong>illud,</strong></span> <span class='ocrx_word' id='word_1_652' title='bbox 1294 1201 1379 1229; x_wconf 85' lang='lat' dir='ltr'><strong>solam</strong></span> <span class='ocrx_word' id='word_1_653' title='bbox 1393 1201 1419 1228; x_wconf 90' lang='lat' dir='ltr'><strong>in</strong></span> <span class='ocrx_word' id='word_1_654' title='bbox 1439 1201 1577 1228; x_wconf 89' lang='lat' dir='ltr'><strong>nonnullis</strong></span> <span class='ocrx_word' id='word_1_655' title='bbox 1598 1201 1755 1236; x_wconf 82' lang='lat' dir='ltr'><strong>allegoriam</strong></span> <span class='ocrx_word' id='word_1_656' title='bbox 1768 1209 1828 1229; x_wconf 86' lang='lat' dir='ltr'><strong>esse</strong></span> 
     </span>
    </p>
   </div>
   <div class='ocr_carea' id='block_1_83' title="bbox 1043 1247 1827 1284">
    <p class='ocr_par' dir='ltr' id='par_1_83' title="bbox 1043 1247 1827 1284">
     <span class='ocr_line' id='line_1_83' title="bbox 1043 1247 1827 1284; baseline 0.001 -9"><span class='ocrx_word' id='word_1_657' title='bbox 1043 1247 1246 1284; x_wconf 87' lang='lat' dir='ltr'><strong>requirendam;</strong></span> <span class='ocrx_word' id='word_1_658' title='bbox 1258 1247 1388 1283; x_wconf 89' lang='lat' dir='ltr'><strong>quidquid</strong></span> <span class='ocrx_word' id='word_1_659' title='bbox 1400 1253 1494 1275; x_wconf 85' lang='lat' dir='ltr'><strong>contra</strong></span> <span class='ocrx_word' id='word_1_660' title='bbox 1509 1248 1658 1276; x_wconf 83' lang='lat' dir='ltr'><strong>obtendant</strong></span> <span class='ocrx_word' id='word_1_661' title='bbox 1671 1247 1827 1276; x_wconf 78' lang='lat' dir='ltr'><strong>scholastici</strong></span> 
     </span>
    </p>
   </div>
   <div class='ocr_carea' id='block_1_84' title="bbox 1043 1296 1828 1332">
    <p class='ocr_par' dir='ltr' id='par_1_84' title="bbox 1043 1296 1828 1332">
     <span class='ocr_line' id='line_1_84' title="bbox 1043 1296 1828 1332; baseline 0.004 -9"><span class='ocrx_word' id='word_1_662' title='bbox 1043 1297 1164 1331; x_wconf 86' lang='lat' dir='ltr'><strong>quidam;</strong></span> <span class='ocrx_word' id='word_1_663' title='bbox 1180 1296 1253 1324; x_wconf 86' lang='lat' dir='ltr'><strong>velut</strong></span> <span class='ocrx_word' id='word_1_664' title='bbox 1279 1297 1324 1324; x_wconf 90' lang='lat' dir='ltr'><strong>ubi</strong></span> <span class='ocrx_word' id='word_1_665' title='bbox 1343 1296 1378 1324; x_wconf 81' lang='lat' dir='ltr'><strong>de</strong></span> <span class='ocrx_word' id='word_1_666' title='bbox 1400 1301 1549 1332; x_wconf 71' lang='lat' dir='ltr'><strong>spontaneo</strong></span> <span class='ocrx_word' id='word_1_667' title='bbox 1566 1297 1609 1325; x_wconf 88' lang='lat' dir='ltr'><strong>sui</strong></span> <span class='ocrx_word' id='word_1_668' title='bbox 1626 1297 1710 1332; x_wconf 88' lang='lat' dir='ltr'><strong>ipsitts</strong></span> <span class='ocrx_word' id='word_1_669' title='bbox 1726 1303 1828 1326; x_wconf 46' lang='lat' dir='ltr'><strong>castra</strong></span> 
     </span>
    </p>
   </div>
   <div class='ocr_carea' id='block_1_85' title="bbox 1044 1342 1827 1378">
    <p class='ocr_par' dir='ltr' id='par_1_85' title="bbox 1044 1342 1827 1378">
     <span class='ocr_line' id='line_1_85' title="bbox 1044 1342 1827 1378; baseline 0.004 -9"><span class='ocrx_word' id='word_1_670' title='bbox 1044 1342 1116 1369; x_wconf 91' lang='lat' dir='ltr'><strong>tione</strong></span> <span class='ocrx_word' id='word_1_671' title='bbox 1134 1342 1259 1370; x_wconf 83' lang='lat' dir='ltr'><strong>Christus</strong></span> <span class='ocrx_word' id='word_1_672' title='bbox 1287 1342 1406 1377; x_wconf 89' lang='lat' dir='ltr'><strong>loquitur</strong></span> <span class='ocrx_word' id='word_1_673' title='bbox 1423 1351 1431 1370; x_wconf 88' lang='lat'><strong>:</strong></span> <span class='ocrx_word' id='word_1_674' title='bbox 1451 1348 1532 1378; x_wconf 86' lang='lat' dir='ltr'><strong>atque</strong></span> <span class='ocrx_word' id='word_1_675' title='bbox 1554 1343 1581 1370; x_wconf 90' lang='lat' dir='ltr'><strong>in</strong></span> <span class='ocrx_word' id='word_1_676' title='bbox 1599 1343 1658 1371; x_wconf 85' lang='lat' dir='ltr'><strong>istis</strong></span> <span class='ocrx_word' id='word_1_677' title='bbox 1674 1351 1770 1372; x_wconf 82' lang='lat' dir='ltr'><strong>verum</strong></span> <span class='ocrx_word' id='word_1_678' title='bbox 1788 1350 1827 1372; x_wconf 83' lang='lat' dir='ltr'><strong>cst</strong></span> 
     </span>
    </p>
   </div>
   <div class='ocr_carea' id='block_1_86' title="bbox 1043 1387 1826 1425">
    <p class='ocr_par' dir='ltr' id='par_1_86' title="bbox 1043 1387 1826 1425">
     <span class='ocr_line' id='line_1_86' title="bbox 1043 1387 1826 1425; baseline 0.001 -10"><span class='ocrx_word' id='word_1_679' title='bbox 1043 1388 1114 1422; x_wconf 87' lang='lat' dir='ltr'><strong>quod</strong></span> <span class='ocrx_word' id='word_1_680' title='bbox 1129 1388 1168 1415; x_wconf 87' lang='lat' dir='ltr'><strong>ait</strong></span> <span class='ocrx_word' id='word_1_681' title='bbox 1184 1387 1365 1424; x_wconf 81' lang='lat' dir='ltr'><strong>Hieronymus</strong></span> <span class='ocrx_word' id='word_1_682' title='bbox 1381 1388 1492 1423; x_wconf 79' lang='lat' dir='ltr'><strong>Apolug.</strong></span> <span class='ocrx_word' id='word_1_683' title='bbox 1515 1396 1523 1416; x_wconf 93' lang='grc' dir='ltr'><strong>ι</strong></span> <span class='ocrx_word' id='word_1_684' title='bbox 1540 1389 1567 1415; x_wconf 81' lang='lat' dir='ltr'><strong>in</strong></span> <span class='ocrx_word' id='word_1_685' title='bbox 1586 1389 1688 1423; x_wconf 57' lang='lat' dir='ltr'><strong>Ruﬁn,</strong></span> <span class='ocrx_word' id='word_1_686' title='bbox 1712 1397 1774 1425; x_wconf 84' lang='lat' dir='ltr'><strong>cap.</strong></span> <span class='ocrx_word' id='word_1_687' title='bbox 1799 1389 1826 1418; x_wconf 86' lang='lat'><strong>6.</strong></span> 
     </span>
    </p>
   </div>
   <div class='ocr_carea' id='block_1_87' title="bbox 1045 1433 1824 1471">
    <p class='ocr_par' dir='ltr' id='par_1_87' title="bbox 1045 1433 1824 1471">
     <span class='ocr_line' id='line_1_87' title="bbox 1045 1433 1824 1471; baseline 0.004 -10"><span class='ocrx_word' id='word_1_688' title='bbox 1045 1442 1056 1460; x_wconf 80' lang='grc' dir='ltr'><strong>ι</strong></span> <span class='ocrx_word' id='word_1_689' title='bbox 1073 1433 1184 1468; x_wconf 87' lang='lat' dir='ltr'><strong>Quando</strong></span> <span class='ocrx_word' id='word_1_690' title='bbox 1196 1434 1257 1462; x_wconf 81' lang='lat' dir='ltr'><strong>dico</strong></span> <span class='ocrx_word' id='word_1_691' title='bbox 1272 1434 1404 1469; x_wconf 86' lang='lat' dir='ltr'><strong>tropicam</strong></span> <span class='ocrx_word' id='word_1_692' title='bbox 1429 1435 1635 1470; x_wconf 86' lang='lat' dir='ltr'><strong>intelligentiam</strong></span> <span class='ocrx_word' id='word_1_693' title='bbox 1648 1455 1659 1469; x_wconf 92' lang='lat'><strong>,</strong></span> <span class='ocrx_word' id='word_1_694' title='bbox 1677 1436 1763 1471; x_wconf 85' lang='lat' dir='ltr'><strong>doceo</strong></span> <span class='ocrx_word' id='word_1_695' title='bbox 1778 1444 1824 1464; x_wconf 84' lang='lat' dir='ltr'><strong>ve-</strong></span> 
     </span>
    </p>
   </div>
   <div class='ocr_carea' id='block_1_88' title="bbox 1043 1480 1828 1517">
    <p class='ocr_par' dir='ltr' id='par_1_88' title="bbox 1043 1480 1828 1517">
     <span class='ocr_line' id='line_1_88' title="bbox 1043 1480 1828 1517; baseline 0.004 -10"><span class='ocrx_word' id='word_1_696' title='bbox 1043 1488 1101 1508; x_wconf 90' lang='lat' dir='ltr'><strong>rum</strong></span> <span class='ocrx_word' id='word_1_697' title='bbox 1117 1487 1169 1508; x_wconf 90' lang='lat' dir='ltr'><strong>non</strong></span> <span class='ocrx_word' id='word_1_698' title='bbox 1189 1487 1250 1508; x_wconf 89' lang='lat' dir='ltr'><strong>esse</strong></span> <span class='ocrx_word' id='word_1_699' title='bbox 1271 1481 1344 1516; x_wconf 89' lang='lat' dir='ltr'><strong>quod</strong></span> <span class='ocrx_word' id='word_1_700' title='bbox 1360 1480 1471 1514; x_wconf 84' lang='lat' dir='ltr'><strong>dicitur,</strong></span> <span class='ocrx_word' id='word_1_701' title='bbox 1498 1482 1544 1508; x_wconf 85' lang='lat' dir='ltr'><strong>sed</strong></span> <span class='ocrx_word' id='word_1_702' title='bbox 1572 1481 1708 1517; x_wconf 80' lang='lat' dir='ltr'><strong>allegoria:</strong></span> <span class='ocrx_word' id='word_1_703' title='bbox 1734 1481 1828 1510; x_wconf 88' lang='lat' dir='ltr'><strong>nubilo</strong></span> 
     </span>
    </p>
   </div>
   <div class='ocr_carea' id='block_1_89' title="bbox 1043 1526 1826 1562">
    <p class='ocr_par' dir='ltr' id='par_1_89' title="bbox 1043 1526 1826 1562">
     <span class='ocr_line' id='line_1_89' title="bbox 1043 1526 1826 1562; baseline 0.003 -8"><span class='ocrx_word' id='word_1_704' title='bbox 1043 1526 1198 1562; x_wconf 78' lang='lat' dir='ltr'><strong>llguratutn.</strong></span> <span class='ocrx_word' id='word_1_705' title='bbox 1219 1535 1229 1553; x_wconf 80' lang='grc' dir='ltr'><strong>ι</strong></span> <span class='ocrx_word' id='word_1_706' title='bbox 1243 1526 1300 1554; x_wconf 79' lang='lat' dir='ltr'><strong>Non</strong></span> <span class='ocrx_word' id='word_1_707' title='bbox 1324 1526 1406 1554; x_wconf 86' lang='lat' dir='ltr'><strong>alium</strong></span> <span class='ocrx_word' id='word_1_708' title='bbox 1423 1533 1514 1554; x_wconf 88' lang='lat' dir='ltr'><strong>autem</strong></span> <span class='ocrx_word' id='word_1_709' title='bbox 1534 1526 1596 1554; x_wconf 89' lang='lat' dir='ltr'><strong>aliis</strong></span> <span class='ocrx_word' id='word_1_710' title='bbox 1610 1527 1701 1556; x_wconf 82' lang='lat' dir='ltr'><strong>inesse</strong></span> <span class='ocrx_word' id='word_1_711' title='bbox 1714 1536 1826 1556; x_wconf 83' lang='lat' dir='ltr'><strong>sensum</strong></span> 
     </span>
    </p>
   </div>
   <div class='ocr_carea' id='block_1_90' title="bbox 1043 1572 1828 1609">
    <p class='ocr_par' dir='ltr' id='par_1_90' title="bbox 1043 1572 1828 1609">
     <span class='ocr_line' id='line_1_90' title="bbox 1043 1572 1828 1609; baseline 0.001 -9"><span class='ocrx_word' id='word_1_712' title='bbox 1043 1579 1122 1608; x_wconf 80' lang='lat' dir='ltr'><strong>quam</strong></span> <span class='ocrx_word' id='word_1_713' title='bbox 1137 1572 1295 1600; x_wconf 84' lang='lat' dir='ltr'><strong>historicum</strong></span> <span class='ocrx_word' id='word_1_714' title='bbox 1310 1578 1421 1600; x_wconf 86' lang='lat' dir='ltr'><strong>censent</strong></span> <span class='ocrx_word' id='word_1_715' title='bbox 1434 1573 1528 1608; x_wconf 84' lang='lat' dir='ltr'><strong>aliqui.</strong></span> <span class='ocrx_word' id='word_1_716' title='bbox 1539 1573 1574 1600; x_wconf 82' lang='lat' dir='ltr'><strong>At</strong></span> <span class='ocrx_word' id='word_1_717' title='bbox 1589 1573 1720 1609; x_wconf 77' lang='lat' dir='ltr'><strong>Origenes</strong></span> <span class='ocrx_word' id='word_1_718' title='bbox 1735 1574 1828 1602; x_wconf 78' lang='lat' dir='ltr'><strong>etiam-</strong></span> 
     </span>
    </p>
   </div>
   <div class='ocr_carea' id='block_1_91' title="bbox 1043 1618 1827 1654">
    <p class='ocr_par' dir='ltr' id='par_1_91' title="bbox 1043 1618 1827 1654">
     <span class='ocr_line' id='line_1_91' title="bbox 1043 1618 1827 1654; baseline 0.001 -8"><span class='ocrx_word' id='word_1_719' title='bbox 1043 1619 1064 1646; x_wconf 91' lang='lat' dir='ltr'><strong>si</strong></span> <span class='ocrx_word' id='word_1_720' title='bbox 1082 1619 1153 1646; x_wconf 91' lang='lat' dir='ltr'><strong>hunc</strong></span> <span class='ocrx_word' id='word_1_721' title='bbox 1163 1618 1333 1646; x_wconf 89' lang='lat' dir='ltr'><strong>solummodo</strong></span> <span class='ocrx_word' id='word_1_722' title='bbox 1348 1618 1375 1645; x_wconf 92' lang='lat' dir='ltr'><strong>in</strong></span> <span class='ocrx_word' id='word_1_723' title='bbox 1398 1618 1533 1653; x_wconf 83' lang='lat' dir='ltr'><strong>aliquibus</strong></span> <span class='ocrx_word' id='word_1_724' title='bbox 1543 1619 1738 1654; x_wconf 91' lang='lat' dir='ltr'><strong>requirendum</strong></span> <span class='ocrx_word' id='word_1_725' title='bbox 1765 1627 1827 1648; x_wconf 83' lang='lat' dir='ltr'><strong>esse</strong></span> 
     </span>
    </p>
   </div>
   <div class='ocr_carea' id='block_1_92' title="bbox 1041 1665 1827 1701">
    <p class='ocr_par' dir='ltr' id='par_1_92' title="bbox 1041 1665 1827 1701">
     <span class='ocr_line' id='line_1_92' title="bbox 1041 1665 1827 1701; baseline 0.001 -9"><span class='ocrx_word' id='word_1_726' title='bbox 1041 1673 1150 1693; x_wconf 86' lang='lat' dir='ltr'><strong>sensum</strong></span> <span class='ocrx_word' id='word_1_727' title='bbox 1165 1669 1252 1700; x_wconf 86' lang='lat' dir='ltr'><strong>putet,</strong></span> <span class='ocrx_word' id='word_1_728' title='bbox 1274 1672 1309 1692; x_wconf 92' lang='lat' dir='ltr'><strong>ne</strong></span> <span class='ocrx_word' id='word_1_729' title='bbox 1324 1666 1382 1692; x_wconf 61' lang='lat' dir='ltr'><strong>hac</strong></span> <span class='ocrx_word' id='word_1_730' title='bbox 1395 1665 1502 1699; x_wconf 89' lang='lat' dir='ltr'><strong>quidem</strong></span> <span class='ocrx_word' id='word_1_731' title='bbox 1519 1669 1607 1693; x_wconf 87' lang='lat' dir='ltr'><strong>tamen</strong></span> <span class='ocrx_word' id='word_1_732' title='bbox 1627 1666 1766 1701; x_wconf 69' lang='lat' dir='ltr'><strong>mySteriis</strong></span> <span class='ocrx_word' id='word_1_733' title='bbox 1779 1673 1827 1693; x_wconf 76' lang='lat' dir='ltr'><strong>va-</strong></span> 
     </span>
    </p>
   </div>
   <div class='ocr_carea' id='block_1_93' title="bbox 1041 1712 1825 1748">
    <p class='ocr_par' dir='ltr' id='par_1_93' title="bbox 1041 1712 1825 1748">
     <span class='ocr_line' id='line_1_93' title="bbox 1041 1712 1825 1748; baseline 0.001 -9"><span class='ocrx_word' id='word_1_734' title='bbox 1041 1719 1102 1739; x_wconf 84' lang='lat' dir='ltr'><strong>care</strong></span> <span class='ocrx_word' id='word_1_735' title='bbox 1115 1712 1270 1745; x_wconf 84' lang='lat' dir='ltr'><strong>existimat;</strong></span> <span class='ocrx_word' id='word_1_736' title='bbox 1291 1712 1370 1748; x_wconf 84' lang='lat' dir='ltr'><strong>hujus</strong></span> <span class='ocrx_word' id='word_1_737' title='bbox 1387 1713 1458 1740; x_wconf 88' lang='lat' dir='ltr'><strong>enim</strong></span> <span class='ocrx_word' id='word_1_738' title='bbox 1481 1712 1547 1740; x_wconf 93' lang='lat' dir='ltr'><strong>illud</strong></span> <span class='ocrx_word' id='word_1_739' title='bbox 1563 1713 1767 1748; x_wconf 89' lang='lat' dir='ltr'><strong>pronuntiatum</strong></span> <span class='ocrx_word' id='word_1_740' title='bbox 1783 1717 1825 1740; x_wconf 81' lang='lat' dir='ltr'><strong>est</strong></span> 
     </span>
    </p>
   </div>
   <div class='ocr_carea' id='block_1_94' title="bbox 1041 1758 1828 1794">
    <p class='ocr_par' dir='ltr' id='par_1_94' title="bbox 1041 1758 1828 1794">
     <span class='ocr_line' id='line_1_94' title="bbox 1041 1758 1828 1794; baseline 0.001 -9"><span class='ocrx_word' id='word_1_741' title='bbox 1041 1758 1135 1786; x_wconf 93' lang='lat' dir='ltr'><strong>homil.</strong></span> <span class='ocrx_word' id='word_1_742' title='bbox 1152 1759 1165 1786; x_wconf 76' lang='grc' dir='ltr'>ί</span> <span class='ocrx_word' id='word_1_743' title='bbox 1190 1759 1218 1786; x_wconf 86' lang='lat' dir='ltr'><strong>in</strong></span> <span class='ocrx_word' id='word_1_744' title='bbox 1232 1758 1333 1792; x_wconf 72' lang='lat' dir='ltr'><strong>Exod.,</strong></span> <span class='ocrx_word' id='word_1_745' title='bbox 1349 1766 1423 1786; x_wconf 89' lang='lat' dir='ltr'><strong>num.</strong></span> <span class='ocrx_word' id='word_1_746' title='bbox 1443 1760 1471 1786; x_wconf 77' lang='grc' dir='ltr'>ι.</span> <span class='ocrx_word' id='word_1_747' title='bbox 1490 1768 1500 1785; x_wconf 84' lang='grc' dir='ltr'><strong>ι</strong></span> <span class='ocrx_word' id='word_1_748' title='bbox 1521 1759 1576 1794; x_wconf 83' lang='lat' dir='ltr'><strong>Ego</strong></span> <span class='ocrx_word' id='word_1_749' title='bbox 1605 1760 1724 1788; x_wconf 88' lang='lat' dir='ltr'><strong>credens</strong></span> <span class='ocrx_word' id='word_1_750' title='bbox 1737 1759 1828 1787; x_wconf 82' lang='lat' dir='ltr'><strong>verbis</strong></span> 
     </span>
    </p>
   </div>
   <div class='ocr_carea' id='block_1_95' title="bbox 1042 1803 1826 1840">
    <p class='ocr_par' dir='ltr' id='par_1_95' title="bbox 1042 1803 1826 1840">
     <span class='ocr_line' id='line_1_95' title="bbox 1042 1803 1826 1840; baseline 0.003 -10"><span class='ocrx_word' id='word_1_751' title='bbox 1042 1803 1147 1831; x_wconf 86' lang='lat' dir='ltr'><strong>Domini</strong></span> <span class='ocrx_word' id='word_1_752' title='bbox 1163 1804 1214 1832; x_wconf 90' lang='lat' dir='ltr'><strong>mei</strong></span> <span class='ocrx_word' id='word_1_753' title='bbox 1239 1803 1302 1832; x_wconf 81' lang='lat' dir='ltr'><strong>Jesu</strong></span> <span class='ocrx_word' id='word_1_754' title='bbox 1319 1803 1432 1836; x_wconf 90' lang='lat' dir='ltr'><strong>Christi,</strong></span> <span class='ocrx_word' id='word_1_755' title='bbox 1453 1804 1479 1831; x_wconf 91' lang='lat' dir='ltr'><strong>in</strong></span> <span class='ocrx_word' id='word_1_756' title='bbox 1504 1804 1562 1840; x_wconf 85' lang='lat' dir='ltr'><strong>lege</strong></span> <span class='ocrx_word' id='word_1_757' title='bbox 1576 1809 1604 1831; x_wconf 90' lang='lat' dir='ltr'><strong>et</strong></span> <span class='ocrx_word' id='word_1_758' title='bbox 1618 1805 1758 1840; x_wconf 82' lang='lat' dir='ltr'><strong>prophetis</strong></span> <span class='ocrx_word' id='word_1_759' title='bbox 1771 1805 1826 1832; x_wconf 90' lang='lat' dir='ltr'><strong>iota</strong></span> 
     </span>
    </p>
   </div>
   <div class='ocr_carea' id='block_1_96' title="bbox 1040 1848 1827 1884">
    <p class='ocr_par' dir='ltr' id='par_1_96' title="bbox 1040 1848 1827 1884">
     <span class='ocr_line' id='line_1_96' title="bbox 1040 1848 1827 1884; baseline 0.003 -8"><span class='ocrx_word' id='word_1_760' title='bbox 1040 1848 1148 1883; x_wconf 85' lang='lat' dir='ltr'><strong>quidem</strong></span> <span class='ocrx_word' id='word_1_761' title='bbox 1167 1856 1269 1882; x_wconf 88' lang='lat' dir='ltr'><strong>unum,</strong></span> <span class='ocrx_word' id='word_1_762' title='bbox 1292 1854 1339 1877; x_wconf 84' lang='lat' dir='ltr'><strong>aut</strong></span> <span class='ocrx_word' id='word_1_763' title='bbox 1361 1857 1444 1876; x_wconf 90' lang='lat' dir='ltr'><strong>unum</strong></span> <span class='ocrx_word' id='word_1_764' title='bbox 1470 1849 1573 1884; x_wconf 88' lang='lat' dir='ltr'><strong>apicem</strong></span> <span class='ocrx_word' id='word_1_765' title='bbox 1599 1857 1653 1877; x_wconf 90' lang='lat' dir='ltr'><strong>non</strong></span> <span class='ocrx_word' id='word_1_766' title='bbox 1686 1855 1827 1884; x_wconf 76' lang='lat' dir='ltr'><strong>putoesse</strong></span> 
     </span>
    </p>
   </div>
   <div class='ocr_carea' id='block_1_97' title="bbox 1040 1894 1826 1930">
    <p class='ocr_par' dir='ltr' id='par_1_97' title="bbox 1040 1894 1826 1930">
     <span class='ocr_line' id='line_1_97' title="bbox 1040 1894 1826 1930; baseline 0.003 -9"><span class='ocrx_word' id='word_1_767' title='bbox 1040 1894 1176 1930; x_wconf 80' lang='lat' dir='ltr'><strong>mysteriis</strong></span> <span class='ocrx_word' id='word_1_768' title='bbox 1189 1901 1312 1928; x_wconf 80' lang='lat' dir='ltr'><strong>vacuum,</strong></span> <span class='ocrx_word' id='word_1_769' title='bbox 1328 1901 1378 1922; x_wconf 89' lang='lat' dir='ltr'><strong>nec</strong></span> <span class='ocrx_word' id='word_1_770' title='bbox 1396 1899 1460 1930; x_wconf 94' lang='lat' dir='ltr'><strong>puto</strong></span> <span class='ocrx_word' id='word_1_771' title='bbox 1477 1895 1580 1930; x_wconf 87' lang='lat' dir='ltr'><strong>aliquid</strong></span> <span class='ocrx_word' id='word_1_772' title='bbox 1593 1896 1688 1923; x_wconf 89' lang='lat' dir='ltr'><strong>horum</strong></span> <span class='ocrx_word' id='word_1_773' title='bbox 1705 1896 1826 1924; x_wconf 84' lang='lat' dir='ltr'><strong>transire</strong></span> 
     </span>
    </p>
   </div>
   <div class='ocr_carea' id='block_1_98' title="bbox 1039 1939 1827 1977">
    <p class='ocr_par' dir='ltr' id='par_1_98' title="bbox 1039 1939 1827 1977">
     <span class='ocr_line' id='line_1_98' title="bbox 1039 1939 1827 1977; baseline 0.003 -9"><span class='ocrx_word' id='word_1_774' title='bbox 1039 1947 1129 1976; x_wconf 87' lang='lat' dir='ltr'><strong>posse,</strong></span> <span class='ocrx_word' id='word_1_775' title='bbox 1144 1939 1230 1968; x_wconf 88' lang='lat' dir='ltr'><strong>donec</strong></span> <span class='ocrx_word' id='word_1_776' title='bbox 1241 1940 1331 1968; x_wconf 90' lang='lat' dir='ltr'><strong>omnia</strong></span> <span class='ocrx_word' id='word_1_777' title='bbox 1344 1940 1419 1968; x_wconf 83' lang='lat' dir='ltr'><strong>ﬁant.</strong></span> <span class='ocrx_word' id='word_1_778' title='bbox 1439 1949 1449 1967; x_wconf 73' lang='grc' dir='ltr'><strong>ι</strong></span> <span class='ocrx_word' id='word_1_779' title='bbox 1465 1939 1542 1969; x_wconf 91' lang='lat' dir='ltr'><strong>Unde</strong></span> <span class='ocrx_word' id='word_1_780' title='bbox 1558 1941 1605 1969; x_wconf 89' lang='lat' dir='ltr'><strong>lib.</strong></span> <span class='ocrx_word' id='word_1_781' title='bbox 1635 1949 1662 1969; x_wconf 78' lang='lat' dir='ltr'><strong>iv</strong></span> <span class='ocrx_word' id='word_1_782' title='bbox 1685 1942 1756 1976; x_wconf 81' lang='grc' dir='ltr'><strong>Περὶ</strong></span> <span class='ocrx_word' id='word_1_783' title='bbox 1772 1941 1827 1977; x_wconf 79' lang='grc' dir='ltr'><strong>ἀρ-</strong></span> 
     </span>
    </p>
   </div>
   <div class='ocr_carea' id='block_1_99' title="bbox 1039 1984 1827 2021">
    <p class='ocr_par' dir='ltr' id='par_1_99' title="bbox 1039 1984 1827 2021">
     <span class='ocr_line' id='line_1_99' title="bbox 1039 1984 1827 2021; baseline 0.003 -9"><span class='ocrx_word' id='word_1_784' title='bbox 1039 1984 1111 2020; x_wconf 79' lang='grc' dir='ltr'><strong>χῶν,</strong></span> <span class='ocrx_word' id='word_1_785' title='bbox 1138 1992 1212 2012; x_wconf 89' lang='lat' dir='ltr'><strong>num.</strong></span> <span class='ocrx_word' id='word_1_786' title='bbox 1239 1984 1274 2012; x_wconf 78' lang='grc'><strong>26</strong></span> <span class='ocrx_word' id='word_1_787' title='bbox 1309 1990 1337 2012; x_wconf 88' lang='lat' dir='ltr'><strong>et</strong></span> <span class='ocrx_word' id='word_1_788' title='bbox 1351 1985 1398 2019; x_wconf 76' lang='lat'><strong>27,</strong></span> <span class='ocrx_word' id='word_1_789' title='bbox 1423 1985 1554 2021; x_wconf 83' lang='lat' dir='ltr'><strong>pleraque</strong></span> <span class='ocrx_word' id='word_1_790' title='bbox 1579 1985 1728 2021; x_wconf 69' lang='lat' dir='ltr'><strong>Scriptura:</strong></span> <span class='ocrx_word' id='word_1_791' title='bbox 1742 1994 1827 2014; x_wconf 68' lang='lat' dir='ltr'><strong>sacra</strong></span> 
     </span>
    </p>
   </div>
   <div class='ocr_carea' id='block_1_100' title="bbox 1040 2030 1827 2067">
    <p class='ocr_par' dir='ltr' id='par_1_100' title="bbox 1040 2030 1827 2067">
     <span class='ocr_line' id='line_1_100' title="bbox 1040 2030 1827 2067; baseline 0.004 -10"><span class='ocrx_word' id='word_1_792' title='bbox 1040 2031 1170 2066; x_wconf 87' lang='lat' dir='ltr'><strong>mysteria</strong></span> <span class='ocrx_word' id='word_1_793' title='bbox 1183 2030 1338 2059; x_wconf 84' lang='lat' dir='ltr'><strong>hominibus</strong></span> <span class='ocrx_word' id='word_1_794' title='bbox 1350 2030 1509 2066; x_wconf 87' lang='lat' dir='ltr'><strong>lgnorabilia</strong></span> <span class='ocrx_word' id='word_1_795' title='bbox 1518 2039 1578 2060; x_wconf 87' lang='lat' dir='ltr'><strong>esse</strong></span> <span class='ocrx_word' id='word_1_796' title='bbox 1588 2032 1669 2060; x_wconf 80' lang='lat' dir='ltr'><strong>fatur.</strong></span> <span class='ocrx_word' id='word_1_797' title='bbox 1686 2031 1827 2067; x_wconf 81' lang='lat' dir='ltr'><strong>Perpauca</strong></span> 
     </span>
    </p>
   </div>
   <div class='ocr_carea' id='block_1_101' title="bbox 1038 2076 1827 2114">
    <p class='ocr_par' dir='ltr' id='par_1_101' title="bbox 1038 2076 1827 2114">
     <span class='ocr_line' id='line_1_101' title="bbox 1038 2076 1827 2114; baseline 0.004 -11"><span class='ocrx_word' id='word_1_798' title='bbox 1038 2076 1146 2111; x_wconf 84' lang='lat' dir='ltr'><strong>quidem</strong></span> <span class='ocrx_word' id='word_1_799' title='bbox 1160 2095 1168 2108; x_wconf 84' lang='lat'><strong>,</strong></span> <span class='ocrx_word' id='word_1_800' title='bbox 1185 2077 1234 2104; x_wconf 88' lang='lat' dir='ltr'><strong>sed</strong></span> <span class='ocrx_word' id='word_1_801' title='bbox 1255 2077 1288 2104; x_wconf 94' lang='lat' dir='ltr'><strong>ad</strong></span> <span class='ocrx_word' id='word_1_802' title='bbox 1305 2077 1472 2112; x_wconf 85' lang='lat' dir='ltr'><strong>purgandum</strong></span> <span class='ocrx_word' id='word_1_803' title='bbox 1488 2078 1630 2113; x_wconf 86' lang='lat' dir='ltr'><strong>Origenem</strong></span> <span class='ocrx_word' id='word_1_804' title='bbox 1648 2079 1716 2106; x_wconf 86' lang='lat' dir='ltr'><strong>satis</strong></span> <span class='ocrx_word' id='word_1_805' title='bbox 1743 2086 1827 2114; x_wconf 79' lang='lat' dir='ltr'><strong>appo-</strong></span> 
     </span>
    </p>
   </div>
   <div class='ocr_carea' id='block_1_102' title="bbox 1037 2120 1827 2159">
    <p class='ocr_par' dir='ltr' id='par_1_102' title="bbox 1037 2120 1827 2159">
     <span class='ocr_line' id='line_1_102' title="bbox 1037 2120 1827 2159; baseline 0.006 -12"><span class='ocrx_word' id='word_1_806' title='bbox 1037 2120 1088 2148; x_wconf 87' lang='lat' dir='ltr'><strong>sita</strong></span> <span class='ocrx_word' id='word_1_807' title='bbox 1115 2121 1225 2156; x_wconf 88' lang='lat' dir='ltr'><strong>protulit</strong></span> <span class='ocrx_word' id='word_1_808' title='bbox 1248 2121 1381 2157; x_wconf 66' lang='lat' dir='ltr'><strong>Apologia:</strong></span> <span class='ocrx_word' id='word_1_809' title='bbox 1405 2127 1501 2149; x_wconf 84' lang='lat' dir='ltr'><strong>auctor</strong></span> <span class='ocrx_word' id='word_1_810' title='bbox 1522 2131 1537 2150; x_wconf 91' lang='lat' dir='ltr'><strong>e</strong></span> <span class='ocrx_word' id='word_1_811' title='bbox 1559 2123 1607 2152; x_wconf 92' lang='lat' dir='ltr'><strong>lib.</strong></span> <span class='ocrx_word' id='word_1_812' title='bbox 1627 2131 1647 2151; x_wconf 89' lang='grc' dir='ltr'><strong>ιι</strong></span> <span class='ocrx_word' id='word_1_813' title='bbox 1677 2125 1748 2159; x_wconf 76' lang='grc' dir='ltr'><strong>Περὶ</strong></span> <span class='ocrx_word' id='word_1_814' title='bbox 1779 2125 1827 2159; x_wconf 80' lang='grc' dir='ltr'><strong>ἀρ-</strong></span> 
     </span>
    </p>
   </div>
   <div class='ocr_carea' id='block_1_103' title="bbox 1038 2164 1822 2204">
    <p class='ocr_par' dir='ltr' id='par_1_103' title="bbox 1038 2164 1822 2204">
     <span class='ocr_line' id='line_1_103' title="bbox 1038 2164 1822 2204; baseline 0.006 -12"><span class='ocrx_word' id='word_1_815' title='bbox 1038 2164 1111 2200; x_wconf 79' lang='grc' dir='ltr'><strong>χῶν,</strong></span> <span class='ocrx_word' id='word_1_816' title='bbox 1124 2173 1183 2201; x_wconf 81' lang='lat' dir='ltr'><strong>cap.</strong></span> <span class='ocrx_word' id='word_1_817' title='bbox 1196 2165 1224 2198; x_wconf 72' lang='lat'><strong>2,</strong></span> <span class='ocrx_word' id='word_1_818' title='bbox 1243 2174 1340 2202; x_wconf 82' lang='lat' dir='ltr'><strong>magna</strong></span> <span class='ocrx_word' id='word_1_819' title='bbox 1357 2174 1389 2194; x_wconf 89' lang='lat' dir='ltr'><strong>ex</strong></span> <span class='ocrx_word' id='word_1_820' title='bbox 1403 2173 1482 2203; x_wconf 85' lang='lat' dir='ltr'><strong>parte</strong></span> <span class='ocrx_word' id='word_1_821' title='bbox 1504 2171 1599 2202; x_wconf 89' lang='lat' dir='ltr'><strong>petita,</strong></span> <span class='ocrx_word' id='word_1_822' title='bbox 1613 2169 1640 2196; x_wconf 92' lang='lat' dir='ltr'><strong>in</strong></span> <span class='ocrx_word' id='word_1_823' title='bbox 1658 2170 1759 2204; x_wconf 84' lang='lat' dir='ltr'><strong>quibus</strong></span> <span class='ocrx_word' id='word_1_824' title='bbox 1775 2169 1822 2198; x_wconf 74' lang='grc' dir='ltr'><strong>γε.</strong></span> 
     </span>
    </p>
   </div>
   <div class='ocr_carea' id='block_1_104' title="bbox 1039 2211 1826 2248">
    <p class='ocr_par' dir='ltr' id='par_1_104' title="bbox 1039 2211 1826 2248">
     <span class='ocr_line' id='line_1_104' title="bbox 1039 2211 1826 2248; baseline 0.009 -11"><span class='ocrx_word' id='word_1_825' title='bbox 1039 2211 1105 2238; x_wconf 87' lang='lat' dir='ltr'><strong>teris</strong></span> <span class='ocrx_word' id='word_1_826' title='bbox 1120 2211 1283 2239; x_wconf 87' lang='lat' dir='ltr'><strong>Testamenti</strong></span> <span class='ocrx_word' id='word_1_827' title='bbox 1302 2212 1442 2247; x_wconf 84' lang='lat' dir='ltr'><strong>historias,</strong></span> <span class='ocrx_word' id='word_1_828' title='bbox 1457 2221 1510 2241; x_wconf 88' lang='lat' dir='ltr'><strong>non</strong></span> <span class='ocrx_word' id='word_1_829' title='bbox 1526 2214 1654 2248; x_wconf 85' lang='lat' dir='ltr'><strong>lictitias,</strong></span> <span class='ocrx_word' id='word_1_830' title='bbox 1675 2215 1724 2243; x_wconf 88' lang='lat' dir='ltr'><strong>sed</strong></span> <span class='ocrx_word' id='word_1_831' title='bbox 1747 2223 1826 2244; x_wconf 83' lang='lat' dir='ltr'><strong>veras</strong></span> 
     </span>
    </p>
   </div>
   <div class='ocr_carea' id='block_1_105' title="bbox 1039 2257 1825 2297">
    <p class='ocr_par' dir='ltr' id='par_1_105' title="bbox 1039 2257 1825 2297">
     <span class='ocr_line' id='line_1_105' title="bbox 1039 2257 1825 2297; baseline 0.008 -14"><span class='ocrx_word' id='word_1_832' title='bbox 1039 2263 1100 2284; x_wconf 77' lang='lat' dir='ltr'><strong>esse</strong></span> <span class='ocrx_word' id='word_1_833' title='bbox 1112 2257 1252 2291; x_wconf 68' lang='lat' dir='ltr'><strong>pradicat,</strong></span> <span class='ocrx_word' id='word_1_834' title='bbox 1267 2262 1295 2286; x_wconf 88' lang='lat' dir='ltr'><strong>et</strong></span> <span class='ocrx_word' id='word_1_835' title='bbox 1308 2259 1342 2286; x_wconf 82' lang='lat' dir='ltr'><strong>ab</strong></span> <span class='ocrx_word' id='word_1_836' title='bbox 1354 2259 1388 2287; x_wconf 87' lang='lat' dir='ltr'><strong>iis</strong></span> <span class='ocrx_word' id='word_1_837' title='bbox 1402 2261 1559 2288; x_wconf 86' lang='lat' dir='ltr'><strong>necessario</strong></span> <span class='ocrx_word' id='word_1_838' title='bbox 1573 2261 1768 2295; x_wconf 85' lang='lat' dir='ltr'><strong>admittendas,</strong></span> <span class='ocrx_word' id='word_1_839' title='bbox 1779 2262 1825 2297; x_wconf 90' lang='lat' dir='ltr'><strong>qui</strong></span> 
     </span>
    </p>
   </div>
   <div class='ocr_carea' id='block_1_106' title="bbox 1038 2302 1826 2341">
    <p class='ocr_par' dir='ltr' id='par_1_106' title="bbox 1038 2302 1826 2341">
     <span class='ocr_line' id='line_1_106' title="bbox 1038 2302 1826 2341; baseline 0.008 -11"><span class='ocrx_word' id='word_1_840' title='bbox 1038 2302 1153 2330; x_wconf 84' lang='lat' dir='ltr'><strong>salutem</strong></span> <span class='ocrx_word' id='word_1_841' title='bbox 1179 2302 1291 2338; x_wconf 84' lang='lat' dir='ltr'><strong>adipisci</strong></span> <span class='ocrx_word' id='word_1_842' title='bbox 1318 2305 1442 2340; x_wconf 85' lang='lat' dir='ltr'><strong>cupiunt.</strong></span> <span class='ocrx_word' id='word_1_843' title='bbox 1467 2305 1537 2340; x_wconf 83' lang='lat' dir='ltr'><strong>Quid</strong></span> <span class='ocrx_word' id='word_1_844' title='bbox 1565 2306 1637 2341; x_wconf 88' lang='lat' dir='ltr'><strong>quod</strong></span> <span class='ocrx_word' id='word_1_845' title='bbox 1663 2307 1826 2336; x_wconf 83' lang='lat' dir='ltr'><strong>historicam</strong></span> 
     </span>
    </p>
   </div>
   <div class='ocr_carea' id='block_1_107' title="bbox 1038 2349 1827 2388">
    <p class='ocr_par' dir='ltr' id='par_1_107' title="bbox 1038 2349 1827 2388">
     <span class='ocr_line' id='line_1_107' title="bbox 1038 2349 1827 2388; baseline 0.008 -13"><span class='ocrx_word' id='word_1_846' title='bbox 1038 2355 1119 2383; x_wconf 70' lang='lat' dir='ltr'><strong>sepe.</strong></span> <span class='ocrx_word' id='word_1_847' title='bbox 1133 2349 1322 2384; x_wconf 83' lang='lat' dir='ltr'><strong>mysticam,et</strong></span> <span class='ocrx_word' id='word_1_848' title='bbox 1339 2350 1466 2378; x_wconf 87' lang='lat' dir='ltr'><strong>moralem</strong></span> <span class='ocrx_word' id='word_1_849' title='bbox 1479 2351 1504 2378; x_wconf 92' lang='lat' dir='ltr'><strong>in</strong></span> <span class='ocrx_word' id='word_1_850' title='bbox 1521 2350 1660 2386; x_wconf 88' lang='lat' dir='ltr'><strong>Scriptura</strong></span> <span class='ocrx_word' id='word_1_851' title='bbox 1676 2354 1827 2388; x_wconf 81' lang='lat' dir='ltr'><strong>expositio—</strong></span> 
     </span>
    </p>
   </div>
   <div class='ocr_carea' id='block_1_108' title="bbox 1037 2394 1827 2427">
    <p class='ocr_par' dir='ltr' id='par_1_108' title="bbox 1037 2394 1827 2427">
     <span class='ocr_line' id='line_1_108' title="bbox 1037 2394 1827 2427; baseline 0.009 -7"><span class='ocrx_word' id='word_1_852' title='bbox 1037 2401 1099 2420; x_wconf 90' lang='lat' dir='ltr'><strong>nem</strong></span> <span class='ocrx_word' id='word_1_853' title='bbox 1114 2394 1246 2427; x_wconf 85' lang='lat' dir='ltr'><strong>rimatur;</strong></span> <span class='ocrx_word' id='word_1_854' title='bbox 1263 2396 1337 2422; x_wconf 89' lang='lat' dir='ltr'><strong>velut</strong></span> <span class='ocrx_word' id='word_1_855' title='bbox 1354 2396 1448 2424; x_wconf 82' lang='lat' dir='ltr'><strong>homil.</strong></span> <span class='ocrx_word' id='word_1_856' title='bbox 1465 2397 1498 2423; x_wconf 83' lang='grc' dir='ltr'><strong><em>Π</em></strong></span> <span class='ocrx_word' id='word_1_857' title='bbox 1522 2397 1550 2424; x_wconf 84' lang='lat' dir='ltr'><strong>t&#39;u</strong></span> <span class='ocrx_word' id='word_1_858' title='bbox 1572 2396 1667 2425; x_wconf 75' lang='lat' dir='ltr'><strong>Genu.</strong></span> <span class='ocrx_word' id='word_1_859' title='bbox 1684 2398 1827 2426; x_wconf 74' lang='lat' dir='ltr'><strong>disserens</strong></span> 
     </span>
    </p>
   </div>
   <div class='ocr_carea' id='block_1_109' title="bbox 1039 2439 1825 2477">
    <p class='ocr_par' dir='ltr' id='par_1_109' title="bbox 1039 2439 1825 2477">
     <span class='ocr_line' id='line_1_109' title="bbox 1039 2439 1825 2477; baseline 0.006 -11"><span class='ocrx_word' id='word_1_860' title='bbox 1039 2439 1072 2467; x_wconf 87' lang='lat' dir='ltr'><strong>de</strong></span> <span class='ocrx_word' id='word_1_861' title='bbox 1087 2439 1320 2469; x_wconf 86' lang='lat' dir='ltr'><strong>benedictionibus</strong></span> <span class='ocrx_word' id='word_1_862' title='bbox 1339 2442 1576 2476; x_wconf 78' lang='lat' dir='ltr'><strong>patriarcharum:</strong></span> <span class='ocrx_word' id='word_1_863' title='bbox 1594 2451 1604 2468; x_wconf 76' lang='grc' dir='ltr'><strong>ι</strong></span> <span class='ocrx_word' id='word_1_864' title='bbox 1624 2442 1692 2476; x_wconf 71' lang='lat' dir='ltr'><strong>Quae</strong></span> <span class='ocrx_word' id='word_1_865' title='bbox 1712 2451 1768 2477; x_wconf 85' lang='lat' dir='ltr'><strong>res,</strong></span> <span class='ocrx_word' id='word_1_866' title='bbox 1782 2444 1825 2471; x_wconf 87' lang='lat' dir='ltr'><strong>in-</strong></span> 
     </span>
    </p>
   </div>
   <div class='ocr_carea' id='block_1_110' title="bbox 1037 2486 1826 2524">
    <p class='ocr_par' dir='ltr' id='par_1_110' title="bbox 1037 2486 1826 2524">
     <span class='ocr_line' id='line_1_110' title="bbox 1037 2486 1826 2524; baseline 0.006 -12"><span class='ocrx_word' id='word_1_867' title='bbox 1037 2486 1096 2520; x_wconf 88' lang='lat' dir='ltr'><strong>quit</strong></span> <span class='ocrx_word' id='word_1_868' title='bbox 1107 2494 1180 2514; x_wconf 89' lang='lat' dir='ltr'><strong>num.</strong></span> <span class='ocrx_word' id='word_1_869' title='bbox 1198 2487 1223 2520; x_wconf 77' lang='lat' dir='ltr'><strong>l,</strong></span> <span class='ocrx_word' id='word_1_870' title='bbox 1240 2488 1318 2515; x_wconf 90' lang='lat' dir='ltr'><strong>nobis</strong></span> <span class='ocrx_word' id='word_1_871' title='bbox 1332 2488 1495 2523; x_wconf 87' lang='lat' dir='ltr'><strong>tripartitam</strong></span> <span class='ocrx_word' id='word_1_872' title='bbox 1514 2488 1556 2524; x_wconf 93' lang='lat' dir='ltr'><strong>(ut</strong></span> <span class='ocrx_word' id='word_1_873' title='bbox 1570 2489 1596 2516; x_wconf 87' lang='lat' dir='ltr'><strong>in</strong></span> <span class='ocrx_word' id='word_1_874' title='bbox 1617 2489 1680 2517; x_wconf 88' lang='lat' dir='ltr'><strong>aliis</strong></span> <span class='ocrx_word' id='word_1_875' title='bbox 1695 2489 1826 2521; x_wconf 79' lang='lat' dir='ltr'><strong>fecimus)</strong></span> 
     </span>
    </p>
   </div>
   <div class='ocr_carea' id='block_1_111' title="bbox 1038 2531 1824 2569">
    <p class='ocr_par' dir='ltr' id='par_1_111' title="bbox 1038 2531 1824 2569">
     <span class='ocr_line' id='line_1_111' title="bbox 1038 2531 1824 2569; baseline 0.006 -11"><span class='ocrx_word' id='word_1_876' title='bbox 1038 2531 1233 2566; x_wconf 81' lang='lat' dir='ltr'><strong>explanationis</strong></span> <span class='ocrx_word' id='word_1_877' title='bbox 1253 2533 1394 2560; x_wconf 89' lang='lat' dir='ltr'><strong>materiam</strong></span> <span class='ocrx_word' id='word_1_878' title='bbox 1410 2534 1539 2569; x_wconf 86' lang='lat' dir='ltr'><strong>subjicit,</strong></span> <span class='ocrx_word' id='word_1_879' title='bbox 1553 2535 1590 2562; x_wconf 91' lang='lat' dir='ltr'><strong>ita</strong></span> <span class='ocrx_word' id='word_1_880' title='bbox 1606 2540 1635 2562; x_wconf 91' lang='lat' dir='ltr'><strong>ut</strong></span> <span class='ocrx_word' id='word_1_881' title='bbox 1653 2535 1824 2563; x_wconf 87' lang='lat' dir='ltr'><strong>benedictio-</strong></span> 
     </span>
    </p>
   </div>
   <div class='ocr_carea' id='block_1_112' title="bbox 1037 2578 1826 2618">
    <p class='ocr_par' dir='ltr' id='par_1_112' title="bbox 1037 2578 1826 2618">
     <span class='ocr_line' id='line_1_112' title="bbox 1037 2578 1826 2618; baseline 0.005 -13"><span class='ocrx_word' id='word_1_882' title='bbox 1037 2585 1086 2606; x_wconf 86' lang='lat' dir='ltr'><strong>nes</strong></span> <span class='ocrx_word' id='word_1_883' title='bbox 1101 2578 1223 2606; x_wconf 66' lang='lat' dir='ltr'><strong>historiae</strong></span> <span class='ocrx_word' id='word_1_884' title='bbox 1247 2579 1335 2607; x_wconf 88' lang='lat' dir='ltr'><strong>locum</strong></span> <span class='ocrx_word' id='word_1_885' title='bbox 1358 2586 1475 2614; x_wconf 82' lang='lat' dir='ltr'><strong>servent,</strong></span> <span class='ocrx_word' id='word_1_886' title='bbox 1489 2581 1633 2617; x_wconf 90' lang='lat' dir='ltr'><strong>prophetia</strong></span> <span class='ocrx_word' id='word_1_887' title='bbox 1648 2588 1715 2610; x_wconf 80' lang='lat' dir='ltr'><strong>vero</strong></span> <span class='ocrx_word' id='word_1_888' title='bbox 1729 2583 1826 2618; x_wconf 74' lang='lat' dir='ltr'><strong>mysti-</strong></span> 
     </span>
    </p>
   </div>
   <div class='ocr_carea' id='block_1_113' title="bbox 1038 2625 1826 2662">
    <p class='ocr_par' dir='ltr' id='par_1_113' title="bbox 1038 2625 1826 2662">
     <span class='ocr_line' id='line_1_113' title="bbox 1038 2625 1826 2662; baseline 0.008 -12"><span class='ocrx_word' id='word_1_889' title='bbox 1038 2631 1099 2651; x_wconf 89' lang='lat' dir='ltr'><strong>cum</strong></span> <span class='ocrx_word' id='word_1_890' title='bbox 1122 2630 1204 2660; x_wconf 87' lang='lat' dir='ltr'><strong>atque</strong></span> <span class='ocrx_word' id='word_1_891' title='bbox 1226 2625 1422 2660; x_wconf 83' lang='lat' dir='ltr'><strong>dogmaticum,</strong></span> <span class='ocrx_word' id='word_1_892' title='bbox 1445 2635 1548 2655; x_wconf 88' lang='lat' dir='ltr'><strong>morum</strong></span> <span class='ocrx_word' id='word_1_893' title='bbox 1572 2627 1709 2662; x_wconf 84' lang='lat' dir='ltr'><strong>correptio</strong></span> <span class='ocrx_word' id='word_1_894' title='bbox 1727 2633 1758 2656; x_wconf 89' lang='lat' dir='ltr'><strong>et</strong></span> <span class='ocrx_word' id='word_1_895' title='bbox 1778 2629 1826 2655; x_wconf 81' lang='lat' dir='ltr'><strong>ob-</strong></span> 
     </span>
    </p>
   </div>
   <div class='ocr_carea' id='block_1_114' title="bbox 1034 2668 1825 2708">
    <p class='ocr_par' dir='ltr' id='par_1_114' title="bbox 1034 2668 1825 2708">
     <span class='ocr_line' id='line_1_114' title="bbox 1034 2668 1825 2708; baseline 0.003 -13"><span class='ocrx_word' id='word_1_896' title='bbox 1034 2668 1153 2704; x_wconf 84' lang='lat' dir='ltr'><strong>jurgatio</strong></span> <span class='ocrx_word' id='word_1_897' title='bbox 1168 2670 1298 2697; x_wconf 86' lang='lat' dir='ltr'><strong>moralem</strong></span> <span class='ocrx_word' id='word_1_898' title='bbox 1311 2671 1410 2706; x_wconf 88' lang='lat' dir='ltr'><strong>dirigat</strong></span> <span class='ocrx_word' id='word_1_899' title='bbox 1423 2672 1522 2708; x_wconf 83' lang='lat' dir='ltr'><strong>stylqu</strong></span> <span class='ocrx_word' id='word_1_900' title='bbox 1536 2681 1543 2700; x_wconf 88' lang='lat'><strong>:</strong></span> <span class='ocrx_word' id='word_1_901' title='bbox 1563 2682 1573 2698; x_wconf 76' lang='lat' dir='ltr'><strong>a</strong></span> <span class='ocrx_word' id='word_1_902' title='bbox 1588 2676 1671 2707; x_wconf 85' lang='lat' dir='ltr'><strong>atque</strong></span> <span class='ocrx_word' id='word_1_903' title='bbox 1688 2671 1825 2706; x_wconf 74' lang='lat' dir='ltr'><strong>triplicem</strong></span> 
     </span>
    </p>
   </div>
   <div class='ocr_carea' id='block_1_115' title="bbox 1038 2712 1824 2752">
    <p class='ocr_par' dir='ltr' id='par_1_115' title="bbox 1038 2712 1824 2752">
     <span class='ocr_line' id='line_1_115' title="bbox 1038 2712 1824 2752; baseline 0.004 -13"><span class='ocrx_word' id='word_1_904' title='bbox 1038 2712 1106 2740; x_wconf 86' lang='lat' dir='ltr'><strong>hanc</strong></span> <span class='ocrx_word' id='word_1_905' title='bbox 1120 2714 1337 2748; x_wconf 87' lang='lat' dir='ltr'><strong>explanationem</strong></span> <span class='ocrx_word' id='word_1_906' title='bbox 1353 2716 1380 2743; x_wconf 88' lang='lat' dir='ltr'><strong>in</strong></span> <span class='ocrx_word' id='word_1_907' title='bbox 1397 2716 1499 2751; x_wconf 86' lang='lat' dir='ltr'><strong>reliqua</strong></span> <span class='ocrx_word' id='word_1_908' title='bbox 1516 2717 1626 2744; x_wconf 90' lang='lat' dir='ltr'><strong>homilia</strong></span> <span class='ocrx_word' id='word_1_909' title='bbox 1639 2716 1824 2752; x_wconf 83' lang='lat' dir='ltr'><strong>persequitur.</strong></span> 
     </span>
    </p>
   </div>
   <div class='ocr_carea' id='block_1_116' title="bbox 1037 2757 1824 2797">
    <p class='ocr_par' dir='ltr' id='par_1_116' title="bbox 1037 2757 1824 2797">
     <span class='ocr_line' id='line_1_116' title="bbox 1037 2757 1824 2797; baseline 0.003 -12"><span class='ocrx_word' id='word_1_910' title='bbox 1037 2757 1101 2791; x_wconf 66' lang='lat' dir='ltr'><strong>Quae</strong></span> <span class='ocrx_word' id='word_1_911' title='bbox 1117 2759 1225 2794; x_wconf 85' lang='lat' dir='ltr'><strong>quidem</strong></span> <span class='ocrx_word' id='word_1_912' title='bbox 1250 2759 1275 2787; x_wconf 95' lang='lat' dir='ltr'><strong>in</strong></span> <span class='ocrx_word' id='word_1_913' title='bbox 1292 2760 1418 2796; x_wconf 83' lang='lat' dir='ltr'><strong>Origenis</strong></span> <span class='ocrx_word' id='word_1_914' title='bbox 1443 2764 1557 2797; x_wconf 84' lang='lat' dir='ltr'><strong>gratiam</strong></span> <span class='ocrx_word' id='word_1_915' title='bbox 1572 2762 1607 2790; x_wconf 89' lang='lat' dir='ltr'><strong>ab</strong></span> <span class='ocrx_word' id='word_1_916' title='bbox 1628 2761 1824 2797; x_wconf 84' lang='lat' dir='ltr'><strong>interpretibus</strong></span> 
     </span>
    </p>
   </div>
  </div>
