1927 3076
105 132 175 161 1075

525 134 897 164 ORIGENIANORUM'HB.
918 137 951 170 ll,
970 138 1046 166 CAP.
1067 139 1099 172 ll;
1120 139 1259 173 QUIEST.
1276 139 1346 167 XIV.

1649 143 1723 171 ὀτι

103 190 219 217 conficta
236 193 265 216 et
279 189 439 225 interpolata
463 198 497 218 ne
523 199 637 220 causere
652 201 659 220 :
676 200 740 220 ecce
755 193 828 221 enim
842 194 890 221 tibi
904 196 928 225 Α
942 201 998 222 rem
1013 195 1040 222 in
1056 196 1196 230 propatulo
1205 196 1367 231 positam,ct
1375 197 1494 225 omnium
1506 197 1593 226 oculis
1601 199 1719 235 obviam,

104 236 181 264 illum
197 240 270 263 tomo
278 244 312 264 xv
321 237 347 263 in
359 236 466 269 Maltlt.,
481 245 556 266 num.
576 239 622 272 l5,
639 247 701 275 pag.
716 240 779 274 672,
790 241 891 269 diettun

104 282 157 310 hoc
171 281 271 309 Christi
288 291 295 309 :
316 291 325 308 ι
345 281 374 309 Si
392 282 432 310 vis
448 282 584 317 perfectus
605 291 684 318 esse,
704 286 787 318 vade,
805 286 892 313 vende

103 335 167 363 quae
189 326 285 360 habes,
305 333 333 355 et
350 328 382 355 da
398 327 561 363 pauperibus
581 329 615 362 ⁸⁸,
634 339 644 356 ι
666 330 699 357 ad
723 329 890 365 allegoriam,

102 378 194 407 spreta
227 373 316 401 littera
352 373 472 402 converti
495 379 630 402 vetantem
643 377 657 409 ,'
680 380 707 403 et
726 383 759 403 ne
781 375 891 411 quisid

102 422 237 446 attentare
266 418 379 453 audeat},
399 418 521 448 historiis
539 419 709 448 ethnicorum
731 421 891 456 quibusdam

103 463 314 491 absterrentem.
365 486 367 488 .
391 455 394 458 ’

138 507 173 535 ν.
191 507 246 544 (39)
257 506 305 535 His
319 508 518 537 animadversis
535 508 624 537 facilis
636 513 677 537 est
691 509 747 545 jam
763 509 893 546 dijudica:

101 553 155 585 tlo,
171 560 285 588 aequane
299 560 416 582 censura
431 554 574 589 Origenem
584 555 724 583 vexaverit
734 555 892 585 Eustathius

102 599 305 632 Antiochenus,
325 600 371 635 qui
385 600 585 639 acerrimepraa
600 601 711 637 reliquis
726 602 812 638 ipsius
827 603 893 638 alie:

99 645 195 680 goria;
216 644 369 674 insectatus
394 650 435 674 est
459 647 486 674 in
512 647 687 684 Diagnostico
705 649 738 676 de
751 649 894 685 Engastri-.

100 692 207 728 mytho.
225 691 266 720 Ac
281 693 397 729 primum
413 693 439 721 id
450 694 584 729 queritur,
594 702 656 723 eum
673 700 771 724 caetera
789 696 893 731 allego-

101 738 154 765 riis
168 738 268 773 alioqui
291 744 447 774 pervertere
468 740 600 774 solitum,
613 741 679 770 deos
695 741 756 770 illos
772 748 841 777 quos
859 744 894 774 de,

99 788 177 811 terra
203 785 383 813 ascendentes
398 785 490 813 videre
516 794 547 814 se
571 786 647 820 Sauli
668 787 779 821 dicebat
797 787 893 824 Pytho,

99 828 177 857 nlssa
202 829 212 857 l
242 830 315 866 Reg.
335 839 431 864 xxvm,
456 832 510 864 15.
528 832 562 860 ad
587 832 889 870 litteramexposuisse.

99 874 230 903 Profecto
252 865 300 904 de"
314 876 358 904 illa
384 876 521 906 Samuelis
544 879 703 907 evocatione
721 865 791 907 idem
817 881 889 915 quod
907 865 927 894 Β

98 919 235 956 Origenes
247 922 355 957 plurimi
371 923 559 959 tradiderunt,
582 929 611 952 ut
625 925 747 954 dicemus
762 926 842 955 infra.
859 927 890 957 ιιι

99 973 138 995 eo
149 971 239 995 autem
265 969 336 1010 quo.d
353 969 478 1004 angelum
501 970 581 998 simul
597 978 660 1002 cum
674 971 720 1000 illo
736 973 890 1001 ascendisse

97 1019 180 1042 ratus
195 1019 248 1047 est,
268 1016 415 1049 multorum
432 1024 539 1052 quoque
551 1017 663 1052 juvatur
682 1010 828 1055 suﬂragiis,
843 1019 894 1055 qui

97 1060 212 1094 angelos
227 1060 426 1097 ψυχοπομποὺς
442 1063 589 1097 animabus
601 1064 749 1100 adjungunt
760 1084 769 1097 ,
796 1073 892 1101 quem-.

98 1106 247 1134 admodum
269 1109 396 1143 superius
420 1110 599 1143 ostendimus.
623 1110 730 1139 Nullam
756 1119 822 1148 ergo
847 1113 890 1141 sui

98 1153 231 1188 carpendi
247 1160 342 1185 ansam
357 1154 403 1182 hic
415 1155 525 1183 obtulit.
538 1156 677 1184 DilIicilior
691 1157 748 1192 cjus
764 1157 833 1186 foret
847 1158 892 1187 de.

100 1198 210 1233 fensio,
231 1199 254 1228 si
269 1200 296 1227 id
312 1199 473 1235 objecisset,
490 1202 562 1236 quod
575 1210 590 1230 a
606 1202 699 1231 multis
712 1203 796 1239 objici
809 1204 891 1238 solet,

98 1245 193 1273 omnia
213 1253 275 1273 eum
299 1245 356 1275 fere
377 1247 403 1275 in
421 1247 597 1284 allegoricum
616 1249 738 1285 traxisse
759 1257 869 1279 sensum
882 1271 893 1284 ,

100 1295 285 1326 praeterquam
297 1292 363 1321 illud
376 1292 565 1330 Sospitatoris,
581 1302 637 1330 quo
651 1294 834 1325 voluntariam
849 1296 893 1325 sui

99 1336 198 1371 ipsius,
217 1338 337 1367 caelestis
359 1339 434 1375 regni
451 1339 634 1376 consequendi
650 1348 744 1375 causa,
757 1342 892 1371 exsectio-

99 1389 165 1410 nem
188 1384 379 1419 commendat,
391 1389 429 1416 κει
449 1384 516 1416 illud
535 1393 588 1421 quo
603 1386 712 1414 unicam
729 1388 891 1416 servandam

101 1429 239 1464 tunicam,
252 1429 403 1464 abjicienda
420 1431 615 1465 calceamenta,
631 1432 658 1460 in
670 1433 819 1461 crastinum
830 1440 893 1462 neua

104 1475 211 1510 liquam
235 1477 459 1514 prospiciendum
477 1485 537 1506 esse
554 1478 608 1511 ait;
630 1486 691 1514 quas
715 1479 891 1515 allegoricam

941 241 1151 269 commentitiam
1165 249 1226 270 esse
1241 250 1274 270 ac
1295 243 1416 270 llctitiam
1430 243 1623 273 allirmaverit?
1635 245 1721 274 Issaei

940 292 1071 322 praeterea
1083 293 1110 316 et
1125 288 1255 316 Rebeccae
1269 297 1311 316 res
1327 295 1416 324 gestas
1427 290 1586 319 immutasse
1597 299 1658 319 eum
1677 299 1720 320 re-

940 331 1001 359 fert.
1017 332 1095 360 Certe
1110 333 1218 361 homilia
1231 334 1263 362 l0
1276 335 1302 361 in
1315 333 1508 371 Genes.,quam
1522 337 1566 365 hic
1580 338 1722 373 designas-

941 384 970 404 se
984 377 1091 405 videtur
1112 378 1269 408 Eustathius
1281 400 1289 412 ,
1305 381 1331 408 id
1348 381 1429 409 habet
1442 382 1588 416 Origenes,
1604 391 1679 411 num.
1693 384 1722 411 4,

943 432 953 450 ι
970 423 1047 458 Saepe
1059 424 1114 459 jam
1138 425 1192 452 dixi
1216 426 1287 461 quod
1303 426 1328 454 in
1344 427 1386 454 his
1400 435 1453 454 non
1470 428 1592 456 historias
1608 436 1728 458 narran-i

942 474 997 501 tur,
1008 470 1054 497 sed
1064 470 1193 506 mysteria
1209 477 1409 500 contexuntur:
1429 482 1438 499 ›
1457 474 1528 508 quod
1540 474 1574 500 ita
1593 474 1721 509 intelligo,

941 516 1046 541 narrari
1061 515 1190 543 historias
1201 517 1309 552 quidem
1319 536 1326 550 ,
1339 517 1386 545 sed
1400 525 1454 546 non
1466 523 1520 545 tam
1534 519 1560 546 id
1573 520 1628 554 agi,
1641 527 1722 554 quam

941 560 1070 596 mysteria
1094 560 1202 588 contexi
1221 569 1303 595 zeum
1324 566 1352 589 et
1374 562 1468 590 homil.
1487 563 1539 596 l5,
1565 572 1640 597 num,
1656 564 1683 597 l,
1696 565 1724 590 in

941 604 1035 633 Genu.
1055 605 1223 642 Scripturam
1242 612 1347 639 asserat
1359 627 1367 640 ,
1390 616 1442 636 non
1461 613 1564 636 tantum
1587 609 1728 639 historicis

941 651 1044 679 servire
1068 651 1287 686 narrationibus,
1313 657 1442 687 quantum
1460 653 1541 681 rebus
1557 658 1584 681 et
1600 654 1728 683 sensibus

942 696 1075 731 mysticis.
1095 696 1141 724 Sin
1158 704 1237 725 secus
1252 698 1347 731 sensit,
1359 698 1494 725 Eustathii
1507 698 1644 735 querelam
1663 706 1725 734 pro-

941 741 986 769 bo.
1006 741 1112 769 Dictum
1129 742 1192 770 illud
1207 751 1313 779 quoque
1329 744 1362 772 de
1382 745 1414 772 iis
1433 744 1525 777 velim,
1540 752 1601 779 qua:
1615 749 1728 779 peccatu.

942 786 975 814 ab
986 794 1019 814 eo
1036 787 1108 815 circa
1127 787 1187 816 Jobi
1211 788 1351 816 historiam
1368 789 1439 817 idem
1463 790 1511 816 ait.
1526 789 1649 824 lniquum
1662 797 1729 822 vero,

943 839 1053 867 prorsus
1069 838 1097 860 et
1109 833 1228 869 ineptum
1244 839 1288 862 est
1302 835 1373 869 quod
1395 834 1521 870 subjicit,
1538 842 1679 870 perperam
1693 835 1727 868 ab

941 880 1057 916 Origene
1073 879 1206 907 Lazarum
1217 900 1224 913 ,
1241 888 1319 914 quem
1333 885 1443 915 propter
1455 881 1584 908 virtutem
1600 880 1727 908 Christus

941 925 1086 961 diligebat,
1105 926 1132 961 in
1150 926 1284 955 hominem
1299 927 1418 961 peccatis
1442 926 1613 963 laborantem,
1626 933 1727 962 anagn-

941 971 999 1007 gica
1012 971 1237 1007 interpretatione
1251 971 1333 1000 fuisse
1347 971 1628 1004 mutatum.Consulat
1641 972 1727 999 lector

942 1022 1045 1045 tomum
1071 1026 1177 1045 xxxvm
1190 1019 1217 1045 in
1228 1017 1321 1052 10am,
1335 1026 1409 1046 num.
1424 1019 1440 1045 6
1452 1039 1459 1052 ,
1483 1018 1625 1054 Origenem
1647 1017 1730 1053 culpa.

942 1065 1090 1092 immttnem
1109 1065 1257 1099 comperiet
1273 1073 1279 1093 :
1298 1073 1358 1099 nam
1374 1071 1517 1100 postquam
1532 1064 1627 1098 Lazari
1644 1065 1727 1092 histo-

942 1110 1020 1142 riam,
1034 1110 1114 1145 juxta
1130 1109 1262 1142 litteram,
1280 1109 1338 1137 fuse
1352 1109 1507 1143 explicavit,
1528 1109 1579 1136 hac
1592 1113 1727 1149 praeterea

942 1153 1068 1181 humines
1090 1153 1195 1188 signari
1207 1153 1291 1185 addit,
1310 1153 1356 1188 qui
1372 1153 1493 1188 peccatis
1506 1153 1646 1189 admissis,
1659 1153 1727 1180 ami-

941 1198 1005 1226 citia
1018 1206 1079 1227 cum
1093 1198 1156 1227 Jesu
1172 1199 1247 1233 prius
1259 1203 1411 1233 contracta,
1425 1199 1471 1234 qui
1489 1199 1586 1226 animae
1599 1199 1654 1227 vita
1670 1205 1730 1237 est._

941 1244 1087 1278 excidunt,
1105 1249 1132 1279 et
1147 1244 1223 1272 novis
1247 1251 1354 1272 rursum
1372 1245 1465 1280 gratia:
1488 1245 1595 1278 auxiliis
1617 1246 1727 1274 excitati

941 1290 1064 1318 eamdem
1075 1295 1253 1326 Irecuperant.
1269 1290 1348 1318 Aliud
1362 1295 1404 1318 est
1420 1297 1510 1327 autem
1525 1291 1650 1331 laborare
1663 1284 1729 1326 pec-_

941 1336 1021 1372 catis,
1038 1336 1110 1370 aliud
1133 1337 1265 1366 hominis.
1277 1337 1396 1373 peccatis
1414 1337 1561 1365 laborantis
1579 1337 1726 1372 imaginem

941 1391 1056 1420 gerere;
1073 1389 1240 1419 postremum
1265 1383 1316 1411 hoc
1333 1383 1439 1415 Lazaro
1456 1383 1552 1411 tribuit
1573 1383 1705 1419 Origenes
1717 1405 1725 1418 ,

941 1430 1019 1465 prius
1027 1438 1093 1458 vero
1107 1429 1230 1458 minime.
1243 1429 1313 1463 Quid
1327 1430 1360 1457 ad
1372 1430 1511 1465 sequentia
1524 1437 1604 1464 porro
1620 1437 1728 1465 respon-

943 1475 1021 1503 deam
1042 1482 1095 1502 non
1111 1475 1218 1508 habeo,
1238 1475 1264 1502 in
1285 1475 1383 1510 quibus
1397 1475 1729 1505 itisimulattir.Adatnan-.

101 1528 195 1550 tamen
211 1523 464 1558 interpretationem
488 1524 605 1552 maxime
629 1525 750 1552 omnium
768 1525 890 1560 postula-
904 1536 928 1568 ο
944 1521 997 1549 tius
1011 1541 1019 1555 ,
1045 1521 1117 1557 quod
1143 1525 1237 1549 contra
1259 1521 1399 1556 Evangelii
1414 1521 1604 1549 auctoritatem
1621 1520 1728 1550 ludam-

99 1568 179 1595 baut.
191 1568 317 1596 Attamen
335 1568 495 1597 temerarius
509 1569 637 1604 juvenilis
649 1570 738 1604 anatis
753 1570 829 1600 calor
844 1577 892 1598 ex-

98 1613 325 1649 cusationitest,
352 1622 407 1650 quo
433 1615 541 1650 vigente
567 1615 632 1643 talia
659 1617 822 1651 attentavit;
843 1618 891 1646 sed

99 1660 300 1696 prodeuntibus
312 1662 392 1690 annis
406 1666 526 1690 mutasse
547 1663 690 1690 consilium
706 1663 733 1691 id
748 1663 814 1691 mihi
830 1671 893 1698 per-

100 1705 211 1738 suadet,
224 1706 296 1740 quod
313 1711 490 1742 spontaneum
510 1708 707 1736 castrationem
721 1708 893 1737 damnaverit

100 1755 171 1778 tom.
188 1758 224 1778 xv
234 1752 262 1778 in
280 1751 391 1785 ΜαιιΙι..
402 1760 478 1780 num.
490 1752 517 1786 2,
533 1761 597 1788 pag.
615 1752 678 1787 653,
694 1758 723 1782 ut
733 1753 797 1781 alibi
816 1762 830 1781 a
847 1762 893 1783 no-

99 1795 145 1823 bis
157 1796 330 1824 observatum
345 1800 396 1826 est.
412 1795 534 1824 Alterum
559 1797 586 1825 id
612 1797 766 1832 expostulat
791 1797 892 1825 Eusta-

101 1841 194 1874 thius,
218 1842 288 1877 quod
306 1842 462 1878 paradisum
478 1847 634 1870 terrestrem
650 1862 658 1876 ,
683 1847 712 1870 et
734 1842 892 1871 fructiferas

100 1888 224 1922 paradisi
249 1889 364 1917 arbores
383 1889 529 1925 allegorica
546 1889 718 1924 expositione
730 1889 891 1918 aboleverit.

101 1932 163 1961 Hoc
178 1934 264 1969 ipsum
281 1934 338 1963 fere
360 1936 498 1964 criminati
515 1940 600 1970 sunt,
616 1939 751 1971 quotquot
764 1935 892 1972 allegori—

100 1987 152 2007 cas
177 1980 262 2014 ipsius
286 1981 526 2016 interpretationes
555 1982 701 2010 damnasse
725 1983 889 2013 notavimus.

100 2027 138 2054 At
158 2028 343 2061 patrocinatur
365 2027 442 2056 Philo
462 2027 582 2063 Judaaus,
598 2035 614 2057 e
633 2027 710 2062 cuius
728 2029 806 2058 libris
822 2030 893 2065 Περι

99 2073 311 2108 κοσμοποιιας,
325 2078 354 2101 et
365 2075 481 2110 Allegor.
501 2074 552 2110 leg.
569 2075 596 2107 Ι,
614 2082 692 2103 suam
709 2075 742 2102 de
766 2075 893 2110 paradiso

99 2118 265 2146 sententiam
278 2124 423 2156 mutuatus
447 2124 499 2148 est.
524 2119 621 2148 Futilis
644 2125 686 2148 est
701 2128 818 2156 sequens
839 2121 893 2149 Eu-

100 2163 198 2192 stathii
217 2155 353 2193 cavillatio
375 2165 403 2193 in
417 2165 550 2193 vocabulo
577 2165 673 2201 μῦθος,
698 2155 754 2203 quo
770 2167 892 2202 paradisi

101 2210 247 2238 historiam
280 2210 412 2247 Origenes
441 2211 607 2247 appellavit,
633 2219 695 2239 cum
722 2213 892 2248 grammatici
908 2210 931 2237 D

101 2257 193 2285 sciant
206 2255 292 2292 μύθου
309 2258 420 2286 nomine
435 2266 479 2286 res
494 2265 603 2293 quoque
618 2267 684 2287 vere
701 2264 792 2295 gestas
806 2260 892 2295 signi-

99 2302 191 2335 ﬁcari,
217 2303 447 2338 quemadmodum
461 2303 637 2333 historiarum
659 2306 768 2333 nomine
794 2305 892 2334 fabulae

99 2355 214 2383 quoque
237 2356 433 2385 nonnunquam
448 2350 647 2386 intelliguntur.
662 2350 825 2386 Propertius
843 2352 891 2380 lib.

100 2402 140 2428 tv,
156 2394 234 2426 Eleg.
252 2396 264 2423 l
282 2405 289 2423 :
307 2395 445 2423 Hactenus
461 2397 595 2429 historia,
607 2404 669 2424 cum
685 2397 774 2431 Trojze
787 2397 893 2428 fabulas

100 2440 200 2468 fuisset
210 2446 381 2476 persecutus.
394 2442 486 2478 Pergit
502 2443 634 2477 conqueri
645 2442 806 2472 Eustathius
819 2446 892 2479 quod

99 2484 221 2514 effossos
238 2486 272 2514 ab
285 2487 441 2516 Abrahamo
455 2494 550 2524 puteos
565 2488 592 2516 in
608 2488 769 2524 allegoriam
783 2489 892 2518 deriva~

101 2531 188 2564 verit,
205 2531 251 2566 qui
264 2539 314 2560 sua
335 2537 426 2561 tamen
440 2538 520 2562 aetate
538 2538 711 2569 supererant.
733 2533 832 2562 Verum
849 2535 892 2562 vel

102 2577 169 2606 illud
183 2582 351 2613 postremum
372 2579 495 2615 iniquam
514 2580 574 2615 ejus
588 2580 806 2608 criminationem
823 2580 891 2608 satis

103 2623 222 2658 refellit,
247 2632 312 2652 nam
336 2624 448 2662 Origeni
463 2626 510 2661 qui
529 2631 569 2654 tot
593 2627 621 2654 in
644 2626 737 2654 Judaea
762 2629 893 2662 transegit

102 2677 191 2696 annos
202 2689 210 2701 .
226 2670 311 2705 ignoti
333 2678 395 2699 esse
417 2679 470 2700 non
487 2677 633 2707 potuerunt
648 2673 674 2700 hi
691 2673 782 2708 putei;
801 2677 892 2701 tamne

104 2723 169 2743 vero
189 2716 301 2751 projecti
328 2717 415 2752 ipsum
441 2718 554 2753 pudoris
578 2718 663 2747 fuisse
688 2719 847 2751 credemus,
863 2724 892 2746 ut

145 2775 182 2791 -’¹⁸
197 2775 291 2804 Matth.
306 2784 363 2810 xtx,
374 2776 418 2804 2i.

140 2823 201 2854 (59)
215 2822 266 2850 His
286 2824 474 2860 animadversis
493 2825 581 2859 facilis
599 2830 637 2852 est
648 2826 706 2860 jam
723 2826 890 2860 dijudiculio,

105 2866 215 2894 aquune
230 2866 340 2886 cursura
361 2859 500 2895 ()rigensm
523 2859 654 2888 vexaverit
669 2859 821 2889 summa.
837 2861 891 2888 Au-

942 1568 1082 1604 negaverit
1098 1568 1202 1603 lapides
1218 1568 1245 1595 in
1263 1568 1400 1596 Christum
1419 1568 1558 1603 iaciendos
1573 1568 1728 1600 sustulisse.

942 1621 1055 1649 remque
1070 1614 1104 1641 ad
1122 1613 1299 1649 tropologiam
1323 1613 1470 1641 deterserit
1485 1622 1492 1641 :
1507 1621 1569 1641 nam
1595 1618 1730 1642 vetustate

942 1659 1093 1687 imminutis
1109 1658 1320 1687 Commentariis
1335 1659 1363 1687 in
1381 1658 1523 1692 Joannem,
1537 1667 1601 1694 pars
1626 1660 1671 1687 illa
1686 1660 1729 1687 in-

943 1705 1061 1738 tercidit,
1077 1705 1104 1732 in
1125 1713 1178 1740 qua
1193 1705 1251 1733 haec
1266 1705 1406 1740 Evangelii
1419 1706 1540 1733 narratio
1555 1705 1728 1741 explanatur.

941 1751 1082 1785 Quomodo
1109 1758 1176 1786 ergo
1190 1751 1223 1778 ab
1240 1750 1357 1786 Origene
1378 1754 1489 1786 accepta
1511 1751 1568 1783 sit,
1595 1751 1728 1778 incertum

941 1802 992 1826 est.
1010 1798 1129 1833 Denique
1144 1804 1216 1832 aegre
1230 1797 1369 1826 Eustathio
1387 1801 1450 1829 est,
1468 1797 1537 1831 quod
1563 1796 1730 1831 argumentis

941 1851 975 1872 ex
992 1843 1132 1872 nominum
1153 1842 1380 1877 interpretatione
1395 1842 1488 1877 petitis
1501 1861 1509 1875 ,
1533 1842 1559 1869 in
1586 1842 1730 1878 allegorias

941 1888 1120 1917 Adamantius
1141 1895 1334 1923 nonnunquam
1357 1892 1487 1916 excurrat
1499 1908 1508 1921 ,
1524 1895 1594 1920 cum
1611 1888 1664 1916 duo
1679 1896 1729 1917 sa-

941 1934 1054 1971 pissime
1073 1934 1197 1963 homines
1221 1933 1344 1962 moribus
1368 1938 1396 1961 et
1410 1936 1518 1961 ratione
1535 1935 1596 1964 vita:
1620 1935 1730 1970 penitus

943 1981 1082 2009 discordes
1101 1981 1173 2008 idem
1193 1985 1283 2008 tamen
1308 1987 1406 2008 nomen
1427 1984 1531 2016 gerant.
1547 1980 1583 2008 At
1599 1987 1652 2008 non
1674 1985 1730 2008 tam

942 2027 1006 2055 inde
1019 2027 1162 2062 allegorias
1172 2026 1316 2062 Origenem
1332 2033 1472 2054 arcessere
1483 2033 1576 2053 verum
1587 2030 1729 2060 est,quam

943 2074 1051 2102 aliunde
1065 2073 1166 2109 petitas
1183 2072 1235 2101 hoc
1259 2072 1369 2108 insuper
1384 2076 1546 2107 argumento
1560 2092 1568 2105 ,
1583 2076 1731 2107 quantum-

944 2122 984 2149 vis
996 2121 1048 2149 levi
1061 2120 1234 2149 conﬁrmare.

1209 2176 1372 2211 QUESTIO
1392 2175 1449 2204 XIV

1085 2230 1309 2255 QUESTIUNCULAS
1322 2229 1437 2254 ALIQUOT
1450 2229 1524 2253 ρυΔει
1539 2228 1589 2248 PER

1191 2266 1317 2287 εΑτιςιιΑιι
1331 2265 1480 2286 COIH‘LEXA.

943 2315 965 2343 I.
985 2315 1122 2347 Quwn'lnr
1135 2314 1256 2353 Origem‘s
1268 2316 1405 2353 sententia
1415 2315 1446 2341 tle
1461 2312 1562 2353 ligandi
1574 2310 1728 2353 et‘solve‘ndt'

978 2354 1123 2386 ροιειιαιε⁸
1142 2347 1323 2386 sgcsrdatibus
1364 2347 1496 2386 concessit.
1510 2347 1557 2386 ΔΙΙ.
1583 2347 1729 2386 Excutitur

981 2382 1096 2419 eiusdem
1106 2384 1137 2411 de
1149 2383 1318 2410 Eucharistia
1334 2385 1434 2418 opinio.
1450 2384 1490 2410 ΙΙΙ.
1504 2383 1631 2419 Quiritum
1646 2382 1729 2416 ipsius

983 2416 1015 2446 de
1030 2420 1201 2458 matrimonio
1215 2419 1340 2458 dogmata
1350 2416 1490 2458 notantur.
1567 2416 1660 2458 Utrum
1674 2424 1730 2458 ηεα-

981 2455 1047 2489 gicis
1063 2454 1164 2481 artibus
1187 2451 1279 2488 fauerit
1292 2473 1299 2485 ,
1316 2454 1468 2489 explotgttur
1484 2461 1492 2479 :
1517 2452 1547 2480 V.
1566 2459 1590 2480 et
1617 2453 1648 2478 de
1675 2451 1730 2489 En-

981 2487 1152 2524 gastrimytho
1167 2489 1231 2523 quid
1250 2489 1389 2524 statuerit;
1403 2487 1447 2515 Vl.
1465 2488 1557 2522 ecquid
1572 2490 1604 2514 de
1620 2487 1729 2514 utenda-

980 2523 1020 2551 cio
1032 2545 1041 2557 ,
1060 2524 1115 2552 VII.
1130 2528 1154 2550 et
1168 2525 1200 2550 de
1213 2523 1401 2558 jurejurando.

980 2581 1002 2608 I.
1020 2580 1189 2608 Postremam
1203 2581 1273 2608 hanc
1287 2580 1461 2615 quaistionem
1476 2578 1578 2612 aperiet
1592 2577 1681 2604 brevis
1697 2577 1731 2605 de

946 2627 1115 2654 sacerdotum
1132 2630 1266 2660 potestate
1278 2645 1286 2657 ,
1311 2625 1385 2658 juxta
1405 2622 1530 2658 Origenis
1555 2621 1727 2652 sententiam,

945 2672 1099 2707 disputatio.
1122 2672 1145 2698 Is
1166 2675 1238 2698 tomo
1269 2677 1306 2697 xu
1324 2670 1351 2696 in
1376 2669 1484 2702 Mattio,
1503 2676 1576 2694 num.
1603 2667 1647 2697 Η,
1667 2673 1729 2700 pag.

947 2718 1010 2751 531,
1026 2718 1123 2746 scribit
1140 2721 1300 2752 potestatein
1319 2715 1436 2743 claviutn
1459 2714 1560 2742 habere
1574 2713 1728 2748 episcopos,

947 2825 1092 2854 liochenus,
1112 2828 1163 2848 etc.
1179 2821 1245 2849 Vide
1261 2821 1360 2848 iterum
1384 2817 1573 2848 Praefationem
1598 2814 1664 2844 tomi
1686 2821 1723 2842 se-

946 2859 1036 2893 Cundi,
1050 2858 1163 2886 articulo
1177 2857 1204 2885 8.
