1927 3076
219 135 287 164 1075

849 135 878 166 Ρ.
897 135 1051 164 DANIELIS
1071 135 1195 165 llUETli.

1776 137 1842 165 lu76

218 201 245 224 et
262 203 321 231 quae
338 196 372 223 ab
386 196 450 231 ipsis
465 195 507 223 vel
524 195 606 231 ligata
625 196 666 224 vel
683 196 768 224 soluta
785 201 849 224 sunt
862 198 889 224 ln
906 197 996 229 terris.

1052 195 1216 230 Εὑαγγε).ίου
1229 195 1312 229 λέγει,
1330 195 1398 231 πρὸς
1414 194 1517 221 ἐκεῖνον
1527 194 1573 221 τὸν
1590 194 1694 230 Πέτρον
1703 203 1710 209 ·
1723 194 1763 227 ὡς
1774 195 1801 221 δὲ
1811 195 1842 222 τὺ

217 242 299 277 ligata
312 249 373 269 esse
389 247 416 269 et
434 241 521 268 soluta
536 243 561 268 in
577 242 655 275 cosio,
668 242 690 269 si
705 243 784 270 modo
800 242 872 270 Petri
887 243 1000 270 virtutes

216 287 397 314 zemulentnr:
424 287 465 313 sin
491 291 662 320 peccatorum
691 287 806 315 vinculis
834 288 934 323 alligati
959 292 1000 315 te-

217 339 345 364 neantur,
364 331 465 358 frustra
481 338 526 358 eos
543 331 626 366 ligare
642 335 670 359 et
690 332 804 360 solvere.
819 332 895 366 Quod
907 333 928 360 si
945 341 1001 360 me-

215 379 275 405 ritis
292 378 352 404 licet
368 385 399 404 ac
419 378 523 411 pietate
547 377 689 405 inferiores
712 378 800 410 Petro,
824 379 1000 406 nihilominus

214 425 325 459 ligatum
347 423 380 450 iri
404 428 516 458 sperent
539 423 565 450 in
589 424 670 457 cwlo,
695 429 723 451 et
747 424 874 457 solutum,
898 432 958 458 qua:
973 425 999 451 in

215 470 296 496 terris
319 469 464 504 ligaverint
486 473 512 496 et
530 469 676 502 solverint;
695 470 842 503 legitimum
863 478 910 497 eos
925 470 999 497 Scri—

214 520 354 550 pturarum
372 516 496 550 ignorare
512 523 632 548 sensum,
655 520 681 542 et
697 516 824 550 superbia
849 520 999 543 excecatos

214 569 284 590 esse.
303 561 330 588 ln
350 562 420 588 httnc
442 561 529 588 locum
554 566 668 588 annotat
692 561 785 588 Sixtus
801 562 930 590 Senensis
950 561 996 589 lib.

214 615 239 634 vr
256 616 300 636 an,
325 607 369 638 70,
386 607 505 634 alludere
520 606 661 642 Origenem
681 608 713 634 ad
734 615 855 635 errorem
876 608 909 634 ab
928 607 998 635 Hus-

215 653 276 679 sitis
302 653 472 687 postmodum
501 657 708 687 propugnatum,
730 653 776 687 qui
800 660 875 687 papa:
894 657 922 679 et
940 653 998 686 epi—

215 705 358 733 scoporum
371 703 532 733 potestatem
550 706 582 725 ex
599 706 703 725 mortnn
723 699 868 726 sanctitate
882 699 1000 733 pendere

212 745 356 778 volebant,
378 750 407 772 ut
423 746 638 780 quotiescunque
663 745 800 780 peccando
816 745 912 772 ﬂerent
926 745 997 773 Petri

214 790 369 822 dissimiles,
384 799 436 817 nua
451 795 612 825 potestatem
629 791 713 825 ipsius
728 791 885 818 amitterent
899 801 906 825 ;
923 792 998 818 datu-

214 841 362 871 natumque
378 837 448 864 hunc
461 845 520 864 esse
536 844 550 864 a
569 837 727 864 Tridentina
742 839 854 871 synodo,
869 846 936 866 sess.
952 839 994 868 Μ.

1052 241 1164 277 Πνεῦμα
1178 241 1260 268 αὑτοῦ
1284 241 1413 272 διδάσκει,
1432 241 1500 275 πρὸς
1515 241 1603 267 πάντα
1622 241 1668 267 τὸν
1695 242 1841 276 γενόμενον

1051 288 1141 320 ὁποῖος
1157 289 1170 314 ὁ
1184 287 1286 323 Πέτρος
1300 288 1410 319 ἐκεῖνος.
1428 287 1580 314 Ostendunt
1595 287 1664 314 idem
1680 292 1707 314 et
1726 295 1841 321 sequen-

1052 334 1098 365 tia,
1119 335 1146 360 in
1164 333 1263 367 quibus
1278 338 1371 367 portas
1393 332 1472 359 inferi
1491 339 1552 359 esse
1573 337 1703 367 peccata,
1722 332 1843 359 hereses

1050 386 1111 406 esse
1132 380 1278 412 dtemoues,
1298 386 1385 413 regna
1404 378 1535 405 cmlorum
1550 379 1666 405 virtutes
1683 386 1745 405 esse
1764 379 1841 406 dicit.

1049 424 1145 451 Priore
1162 428 1263 456 autem,
1280 431 1361 459 quem
1379 423 1557 456 laudavimus,
1571 424 1639 455 loco,
1659 424 1721 451 licet
1740 424 1841 458 ligandi

1050 474 1076 497 et
1095 469 1213 497 solvendi
1236 473 1394 504 potestatem
1428 469 1553 496 omnibus
1576 470 1691 502 tribuat,
1722 470 1841 505 quicun-

1050 523 1103 550 que
1123 519 1164 542 ter
1191 519 1337 550 peccantes
1364 514 1561 548 corripuerint;
1591 515 1840 549 peculiari'tamen

1050 561 1141 593 modo,
1156 565 1182 588 et
1201 560 1313 595 pleniori
1335 565 1483 594 potestate,
1502 567 1534 586 ac
1556 560 1654 594 potiori
1677 561 1740 596 jure
1761 561 1840 589 Petro

1050 607 1075 634 id
1091 614 1252 635 concessum
1267 606 1351 633 fuisse
1361 606 1428 639 vult,
1441 614 1502 634 cum
1519 606 1545 632 in
1559 614 1612 633 uno
1623 607 1757 634 duntaxat
1771 608 1840 635 ctrlo

1049 652 1157 679 solvere
1173 652 1235 679 illos
1253 657 1278 679 et
1295 653 1378 687 ligare
1394 659 1472 687 posse
1489 651 1613 686 afﬁrmet,
1626 653 1736 680 Petrum
1751 659 1840 681 autem

1050 698 1075 724 in
1096 698 1233 724 omnibus.
1249 697 1328 723 Adde
1344 698 1453 724 easdem
1471 698 1540 732 apud
1561 697 1656 725 Patres
1670 706 1744 733 smpe
1765 699 1839 727 locu-

1049 743 1136 770 tiones
1156 750 1314 774 occnrrere,
1334 750 1393 777 qua:
1408 744 1440 769 ad
1456 748 1555 770 rectam
1573 743 1663 770 itidem
1679 745 1841 779 interpreta-

1050 789 1148 816 tionem
1165 790 1322 815 revocanda:
1338 794 1412 815 sunt.
1436 788 1552 816 lreutens
1581 789 1628 817 lib.
1661 799 1698 822 tv,
1716 799 1779 825 cap.
1796 791 1840 825 20,

1052 846 1061 861 ‹
1083 835 1184 864 Omnes
1194 836 1258 870 justi
1272 836 1468 863 sacerdotalem
1483 837 1583 864 habent
1597 838 1732 865 ordinem.
1751 848 1760 864 ι
1776 839 1843 865 Ter-

213 888 274 909 ean.
296 881 341 912 10,
357 881 399 908 his
413 881 520 908 verbis:
549 891 558 907 ι
578 882 606 908 Si
626 883 685 916 quis
711 883 817 909 dixerit
841 884 996 911 sacerdotes
1013 874 1034 902 Β
1051 882 1177 908 Iulliauus
1204 882 1248 909 lib.
1278 881 1315 908 De
1353 883 1535 908 exhortatione
1553 884 1698 915 castitatis,
1721 892 1783 919 cap.
1813 886 1839 917 'l,

213 927 259 961 qui
278 927 304 954 in
328 933 441 961 peccato
459 928 565 954 mortali
586 932 660 960 sunt,
680 934 842 963 potestatem
859 929 957 964 ligandi
970 935 998 957 et

212 972 333 1000 solvendi
353 981 404 1001 non
432 971 548 1005 habere,
565 974 707 1001 anathema
734 980 802 1002 esto.
832 984 841 1001 ι
858 976 999 1003 Asscnlior

213 1019 302 1051 Sixto,
326 1024 352 1047 et
366 1027 481 1054 peccare
495 1020 540 1047 aio
554 1019 711 1055 Origenem,
730 1026 811 1056 atque
826 1022 895 1049 hanc
911 1023 995 1049 videri

212 1065 337 1100 amplecti
359 1066 493 1099 haeresim,
515 1067 542 1094 in
558 1075 608 1102 qua
632 1068 727 1096 deinde
743 1069 841 1095 versati
867 1073 928 1097 sunt
944 1069 997 1096 Do-

213 1113 330 1145 natistae,
347 1119 407 1140 eum
424 1120 437 1139 a
453 1114 623 1142 Sacerdotum
639 1115 780 1142 sanctitate
793 1114 919 1142 Ecclesim
948 1122 997 1149 po-

211 1161 337 1186 tesialem
352 1161 563 1195 suspenderunt.
593 1160 720 1188 Attamen
747 1162 915 1188 commodam
939 1161 997 1188 lucc

212 1209 326 1242 possunt
351 1205 603 1240 interpretationem
628 1206 783 1234 admittere.
810 1206 931 1238 Frustra,
954 1206 996 1233 in-

212 1250 282 1284 quit,
300 1250 398 1285 ligandi
420 1251 462 1278 vel
484 1251 604 1279 solvendi
623 1257 783 1286 potestatem
800 1252 850 1280 sibi
868 1257 996 1287 arrogant

212 1294 342 1329 episcopi,
361 1303 420 1330 qua:
447 1295 528 1323 Petro
546 1297 682 1331 praecipue
709 1305 838 1324 concessa
865 1301 917 1328 cst,
945 1297 995 1324 nisi

211 1339 306 1366 eadem
322 1347 374 1373 qua
391 1340 487 1367 Petrus
513 1340 655 1367 sanctitate
676 1346 702 1368 et
716 1342 844 1376 mquitate
861 1341 994 1368 ﬂoreant:

212 1385 263 1412 hoc
281 1389 332 1415 est,
355 1384 405 1411 nisi
422 1385 543 1412 eamdem
563 1393 644 1419 quam
668 1386 764 1413 Petrus
787 1387 942 1421 mquitatem
969 1387 994 1413 in

211 1429 340 1457 solvendo
358 1434 384 1456 et
400 1429 509 1463 ligando
525 1431 681 1457 adhibeant.
699 1431 765 1458 Cum
780 1439 845 1466 ergo
861 1437 915 1459 tam
932 1440 996 1459 san-

211 1479 254 1507 cte
273 1474 333 1508 iure
358 1483 406 1502 suo
430 1475 527 1502 Petrus
549 1480 679 1508 uteretur,
704 1481 733 1502 nt
751 1485 796 1504 eos
821 1481 926 1504 tantum
942 1478 996 1503 eri-

213 1521 330 1548 minibus
345 1520 472 1553 solveret,
489 1521 536 1555 qui
560 1521 586 1547 id
610 1521 767 1555 pmuitentia
786 1529 834 1549 sua
855 1526 881 1549 et
896 1523 995 1557 pietate

213 1571 304 1595 essent
319 1566 469 1601 git-emeriti,
487 1567 559 1594 solos
582 1567 680 1594 noxios
696 1567 812 1602 ligarat;
830 1569 852 1595 si
869 1569 931 1604 quis
945 1569 998 1604 epi-

212 1620 310 1647 scopus
330 1613 410 1640 Petro
424 1612 572 1642 dissimilis
590 1617 726 1648 potestate
752 1613 865 1641 abutens
881 1622 928 1641 sua
957 1616 997 1642 iu-

212 1663 304 1684 sontes
330 1657 465 1692 ligaverit,
486 1657 610 1692 indignos
626 1657 746 1691 solverit,
773 1665 825 1685 non
845 1659 956 1693 perinde
971 1659 996 1686 in

212 1703 282 1730 cmlo
309 1711 339 1730 se
366 1711 410 1730 res
436 1703 557 1730 habebit.
585 1703 713 1730 Subsidio
738 1707 780 1731 est
797 1704 906 1740 Origeui
926 1705 997 1732 istud

213 1749 368 1785 Hieronymi
393 1751 438 1778 lib.
457 1758 486 1777 ιιι
520 1750 547 1776 iu
568 1749 663 1776 Matth.
684 1758 738 1781 xvr,
756 1751 800 1779 l9.
822 1759 831 1776 ι
850 1750 934 1778 lstum
958 1751 998 1778 lo-

212 1803 274 1827 cum
293 1796 410 1831 episcopi
433 1801 461 1823 et
476 1795 626 1832 presbyteri
651 1803 703 1822 nou
732 1796 923 1830 intelligentes,
949 1797 998 1824 ali-

213 1841 276 1875 quid
292 1841 342 1868 sibi
367 1841 400 1868 de
419 1841 616 1868 Pharisaeorum
633 1847 774 1869 assumunt
797 1844 952 1877 supercilio,
968 1848 998 1871 ut

213 1887 254 1914 vel
269 1888 397 1915 damnent
413 1889 580 1920 innocentes,
603 1889 645 1915 vel
663 1889 769 1916 solvere
791 1896 820 1916 se
845 1891 939 1916 noxios
954 1897 999 1916 ar-

213 1933 357 1965 bitrentur,
372 1942 433 1961 cum
449 1935 518 1969 apud
537 1935 619 1961 Deum
647 1941 699 1960 non
716 1935 850 1961 sententia
868 1936 996 1962 sacerdo-

213 1984 280 2012 tum,
305 1980 352 2007 sed
378 1987 484 2006 reorum
511 1980 566 2007 vita
590 1985 739 2014 quaeratur.
761 1990 771 2006 ›
796 1980 896 2007 Noxios
922 1981 996 2012 dicit,

212 2025 256 2058 qui
274 2025 352 2052 noxis
367 2025 501 2060 impliciti,
520 2025 590 2051 nulla
607 2025 741 2052 scelerum
758 2026 925 2059 ptenitudine
942 2032 998 2052 tan-

211 2073 325 2104 gnntur:
342 2070 440 2103 alioqui
459 2077 537 2096 nemo
553 2069 620 2096 solvi
637 2075 725 2103 potest
743 2071 792 2096 nisi
815 2071 923 2098 noxius.

246 2116 351 2143 Asserit
370 2121 498 2149 praeterea
520 2114 650 2148 Origenes
672 2120 745 2142 tomo
774 2124 822 2143 xm
844 2117 870 2143 in
887 2116 995 2149 Matth,

211 2170 286 2188 ntnn.
310 2162 355 2193 5i,
381 2170 443 2197 pag.
463 2162 524 2193 615,
550 2161 650 2196 ligandi
676 2167 703 2188 et
728 2162 848 2189 Solvendi
875 2168 996 2197 potesta-

211 2211 265 2234 :em
280 2207 406 2234 omnibus
419 2216 433 2234 a
451 2208 561 2234 Christo
577 2208 662 2236 fuisse
687 2216 856 2242 concessam,
882 2209 995 2244 quicun-

210 2259 262 2286 que
277 2253 371 2279 noxios
389 2259 429 2279 ter
454 2254 688 2288 reprehenderint.
704 2254 741 2281 Ita
767 2258 839 2281 tomo
853 2262 902 2286 xtl,
919 2263 992 2281 num.

211 2298 255 2329 l0,
272 2305 332 2331 pug.
357 2298 419 2329 52L
443 2306 550 2325 omnem
576 2300 676 2327 Christi
704 2300 864 2334 discipulum
890 2305 992 2334 petram

210 2351 270 2370 esse
290 2345 327 2369 ait
348 2352 435 2377 super,
453 2352 532 2379 quam
558 2346 678 2373 Ecclesia
705 2347 804 2374 Christi
827 2347 991 2380 aedificatur;

209 2390 270 2417 εωιί
286 2382 521 2425 clavcs‘perl’cctis
533 2393 685 2431 quibusque
705 2392 802 2428 tribui;
817 2398 844 2419 et
864 2401 991 2427 qtlrrcun-

209 2443 261 2470 que
279 2436 386 2465 tandem
409 2437 489 2464 Petro
507 2438 640 2472 pollicitus
665 2443 709 2468 est
734 2438 858 2469 Christus
882 2440 993 2473 adeptu-

209 2489 279 2514 rum,
298 2482 422 2516 quisquis
436 2482 516 2510 Petro
531 2483 646 2510 similem
668 2491 696 2510 se
710 2485 875 2518 praestiterit.
894 2485 991 2511 Verum

209 2528 358 2561 posteriora
378 2528 433 2555 ha-e
450 2528 595 2562 allegorice
611 2528 679 2555 dicta
696 2537 766 2560 chc,
786 2537 837 2555 llttll
858 2530 993 2564 dogmati-

207 2581 250 2604 ce,
277 2573 340 2600 illud
364 2574 465 2600 evincit
487 2574 558 2607 quod
583 2574 740 2601 subesttﬁi
755 2583 796 2605 τις
817 2574 890 2607 λέγει
915 2574 994 2601 ’τοῦτο

208 2620 255 2654 (Σὺ
273 2619 321 2646 sib
335 2621 452 2656 Χριστὸς
463 2623 477 2648 ὁ
490 2622 556 2654 Υἱὸς
572 2622 618 2648 τοῦ
633 2620 702 2648 Θεοῦ
726 2621 773 2646 τοῦ
791 2620 909 2657 ζῶντος)
925 2621 994 2656 πρὸς

207 2665 287 2692 αὑτὸν
312 2666 474 2702 (Χριστὸν),
503 2668 533 2693 οὐ
557 2667 655 2703 σαρκὸς
680 2667 727 2693 καὶ
754 2667 869 2701 αἵματος
891 2668 994 2694 ἀποκα-

207 2709 347 2744 λυψάντων
369 2713 454 2747 αὐτῷ,
472 2713 541 2739 ἀλλὰ
557 2713 604 2740 τοῦ
616 2715 645 2739 ἐν
657 2715 712 2744 τοῖς
730 2713 854 2748 οὐρανοῖς
876 2714 990 2749 Πατρὺς,

207 2755 331 2790 τεύξεται
351 2757 405 2784 τῶν
431 2759 593 2794 εἰρημένων,
615 2751 653 2791 ὧς
682 2759 731 2794 μὲν
760 2758 789 2784 τὸ
808 2758 924 2795 γράμμα
947 2759 995 2786 τοῦ

242 2813 303 2831 ⁸¹”⁸¹
317 2814 393 2843 Joan.
412 2824 469 2848 vni,
487 2817 528 2843 l2.

209 2856 239 2881 ιι,
253 2849 298 2875 21.
338 2851 359 2865 ⁹“
374 2853 383 2876 t
399 2858 462 2878 our.
481 2860 507 2883 λ,
522 2852 548 2878 4.

567 2817 589 2833 ⁸·
618 2817 712 2843 Matth.
733 2825 758 2848 v,
777 2817 819 2844 lit.

587 2853 608 2868 ⁹¹
659 2853 732 2886 Petr.
753 2861 782 2884 tt,
807 2854 833 2880 9.

858 2819 879 2833 ⁸⁷
895 2818 972 2846 Jom.
990 2827 1026 2854 vt,
1049 2819 1095 2846 Η.

1055 935 1063 952 t
1086 926 1180 953 Nonne
1197 931 1223 953 et
1242 927 1301 953 laici
1319 927 1476 954 sacerdotes
1491 929 1604 955 sumus?
1620 928 1760 964 Scriptum
1782 936 1839 958 est:

1053 972 1171 1008 Regnum
1190 981 1292 1008 quoque
1319 981 1381 1005 nos,
1406 979 1429 1000 et
1455 975 1604 1001 sacerdows
1621 975 1696 1008 Deo,
1718 982 1743 1003 et
1764 976 1840 1003 Patri

1051 1026 1099 1045 suo
1114 1019 1183 1052 fecit.
1200 1028 1210 1043 ι
1225 1019 1372 1053 Gregorius
1402 1019 1538 1054 Nyssenus
1550 1019 1596 1048 lib.
1613 1020 1652 1047 De
1663 1022 1842 1055 perfectione:

1050 1064 1099 1090 Διὰ
1114 1065 1208 1091 τούτου
1229 1065 1276 1092 καὶ
1290 1065 1344 1091 τῶν
1363 1065 1492 1092 τοιούτων
1512 1066 1598 1102 πέτρα
1617 1067 1664 1093 καὶ
1681 1069 1765 1103 ἡμεῖς
1782 1069 1842 1095 ἐσύ-

1052 1110 1131 1145 μεθα,
1151 1110 1321 1145 μιμούμενοι,
1349 1111 1440 1143 καθώς
1463 1113 1519 1138 ἐστι
1534 1112 1655 1145 δυνατὸν,
1675 1114 1705 1139 ἐν
1725 1115 1759 1149 τῇ
1779 1123 1842 1150 τρε-

1050 1157 1104 1190 πτῇ
1117 1155 1196 1190 φύσει
1211 1156 1240 1182 τὸ
1258 1156 1392 1192 ἄτρεπτον
1412 1158 1458 1183 καὶ
1481 1158 1657 1192 ἀμετάθετον.
1674 1169 1683 1184 ι
1707 1159 1760 1185 [‘et'
1787 1161 1843 1187 haec

1050 1206 1077 1228 et
1096 1201 1137 1228 his
1151 1201 1248 1228 similia
1265 1210 1313 1229 nos
1330 1210 1439 1237 quoque
1459 1209 1533 1238 petra
1560 1205 1674 1236 erimus,
1691 1205 1840 1234 imitantes.

1049 1247 1139 1281 quoad
1161 1246 1218 1279 ejus
1242 1247 1299 1274 ﬁeri
1323 1253 1422 1282 potest,
1444 1249 1471 1276 in
1496 1249 1619 1276 mutabili
1642 1254 1750 1283 natura,
1771 1253 1842 1285 quod

1049 1299 1177 1319 constans
1193 1297 1220 1319 et
1238 1293 1408 1321 immutabile
1424 1300 1476 1322 est.
1497 1304 1506 1320 ι
1518 1296 1680 1322 Ambrosius
1693 1295 1840 1324 Contment.

1049 1337 1076 1363 in
1094 1337 1158 1364 Luc.
1175 1345 1200 1364 Ix
1220 1346 1227 1365 :
1244 1347 1253 1363 ι
1269 1337 1319 1371 Qui
1340 1345 1448 1366 carnem
1472 1340 1576 1372 vicerit,
1589 1340 1722 1368 Ecclesia:
1746 1341 1842 1368 funda-

1049 1389 1168 1410 mentum
1186 1389 1237 1415 est,
1254 1388 1282 1411 et
1296 1384 1320 1411 si
1336 1386 1437 1419 aequari
1453 1384 1534 1412 Petro
1548 1393 1602 1412 non
1620 1392 1723 1420 potest,
1742 1387 1841 1413 imitari

1049 1436 1151 1464 potest:
1163 1439 1173 1457 ›
1185 1431 1300 1457 deinde:
1319 1440 1328 1456 ι
1343 1430 1437 1465 Magna
1455 1436 1544 1458 autem
1561 1432 1664 1460 Christi
1679 1435 1781 1468 gratia,
1797 1434 1841 1468 qui

1048 1477 1137 1502 omnia
1163 1483 1245 1510 prope
1257 1476 1386 1503 voeabula
1404 1484 1450 1504 sua
1464 1477 1602 1512 discipulis
1615 1479 1682 1513 ipsis
1696 1480 1808 1506 donavit
1831 1490 1838 1508 :

1051 1522 1105 1557 ligo
1122 1531 1189 1554 sitm,
1204 1523 1301 1556 inquit,
1312 1523 1358 1550 tua:
1372 1525 1462 1550 mundi
1477 1524 1556 1557 “JF;
1572 1531 1600 1552 et
1621 1525 1647 1552 id
1663 1531 1769 1558 tamen,
1788 1535 1841 1562 quo

1050 1570 1106 1604 ipse
1131 1569 1279 1604 gloriatur,
1303 1571 1442 1604 discipulis
1466 1578 1564 1598 nomen
1584 1571 1706 1604 indulsit,
1728 1573 1841 1600 dicens:

1053 1614 1103 1642 Vos
1119 1616 1180 1642 estis
1195 1615 1242 1641 Iun:
1263 1615 1411 1642 mundi“:
1431 1614 1486 1650 Ego
1506 1624 1564 1642 sum
1586 1617 1664 1650 panis
1692 1618 1768 1644 virus
1788 1618 1833 1650 "’;

1048 1666 1074 1688 et
1091 1669 1097 1687 :
1113 1660 1169 1687 Nos
1183 1669 1272 1688 omnes
1287 1670 1354 1687 unus
1371 1662 1446 1696 pani:
1465 1671 1555 1688 sumus
1569 1663 1592 1679 “
1609 1672 1615 1689 :
1636 1662 1693 1698 Ego
1708 1672 1769 1690 sum
1785 1664 1843 1691 vitia

1049 1714 1109 1733 vera
1121 1706 1154 1742 ι’)
1169 1716 1175 1738 ;
1191 1711 1217 1733 et
1238 1706 1284 1734 tibi
1300 1706 1383 1734 dicit:
1401 1705 1522 1733 Plantan
1539 1711 1562 1734 te
1578 1707 1653 1734 vitem
1675 1708 1843 1742 fructuosam

1048 1760 1148 1779 omnem
1166 1761 1254 1779 veram
1266 1753 1300 1779 ’°.
1317 1752 1396 1779 Petra
1412 1757 1453 1779 est
1466 1752 1591 1780 Christus
1617 1753 1760 1788 (biltebant
1773 1755 1841 1781 enim

1048 1799 1080 1826 de
1097 1799 1210 1832 spiritali
1227 1804 1347 1833 sequente
1366 1804 1462 1833 petra;
1481 1803 1555 1832 petra
1573 1804 1661 1824 autem
1681 1804 1742 1826 erat
1763 1799 1842 1826 Chri-

1048 1849 1103 1870 ιιιιε
1119 1843 1172 1878 ⁹¹);
1189 1843 1269 1870 etiam
1280 1843 1411 1877 discipulo
1427 1849 1476 1869 suo
1490 1841 1568 1875 hujus
1584 1842 1708 1869 vocabuli
1724 1843 1841 1876 gratiam

1050 1897 1101 1916 non
1120 1889 1238 1924 negavit,
1260 1894 1289 1916 ut
1307 1893 1334 1916 et
1358 1889 1417 1923 ipse
1436 1888 1471 1914 sit
1486 1887 1594 1920 Petrus,
1611 1888 1684 1922 quod
1704 1888 1740 1915 de
1766 1893 1842 1922 petra

1049 1936 1147 1962 haheat
1176 1935 1340 1962 soliditatem
1370 1934 1546 1966 constantia,
1578 1934 1638 1961 lidei
1667 1933 1840 1961 ﬁrmitatem.

1050 1982 1160 2008 Enitere
1176 1989 1240 2016 ergo
1258 1986 1288 2008 ut
1304 1986 1331 2008 et
1351 1986 1378 2008 tu
1392 1986 1467 2015 petra
1488 1982 1534 2008 sis.
1553 1991 1562 2007 I
1582 1980 1767 2014 Augustinus,
1795 1980 1840 2008 lib.

1050 2035 1067 2054 ιι
1097 2027 1197 2059 Quasi.
1210 2035 1313 2061 erang.,
1337 2034 1398 2061 cap.
1413 2026 1459 2058 40,
1476 2036 1486 2052 1
1509 2026 1696 2053 Sacerdotium
1713 2033 1781 2053 vero
1794 2025 1843 2053 λιι-υ

1048 2073 1166 2099 dat-orum
1184 2079 1263 2098 nemo
1281 2071 1338 2099 fere
1362 2071 1481 2098 ﬁdelium
1500 2072 1606 2099 dubitat
1624 2071 1739 2106 ﬁguram
1759 2070 1842 2098 fuisse

1047 2117 1191 2144 sacerdotii
1210 2116 1326 2152 regalis,
1350 2117 1421 2151 quod
1444 2121 1486 2143 est
1510 2118 1536 2143 in
1553 2116 1685 2147 Ectlesia,
1703 2123 1761 2150 quo
1779 2123 1843 2142 con-

1047 2169 1193 2191 secrantur
1221 2170 1316 2190 omnes
1343 2162 1512 2196 pertinentes
1537 2163 1569 2188 ad
1599 2169 1700 2196 corpus
1726 2161 1839 2193 Christi,

1011 2222 1033 2248 Ι)
1048 2209 1145 2236 suimni
1163 2213 1189 2236 et
1204 2209 1259 2236 veri
1275 2206 1404 2243 principis
1422 2208 1605 2236 sacerdotum.
1626 2207 1695 2234 Nam
1720 2215 1795 2235 nunc
1815 2212 1841 2234 et

1047 2263 1142 2283 omnes
1163 2259 1323 2288 unguntur,
1351 2255 1423 2290 quod
1455 2261 1518 2283 tunc
1544 2255 1653 2288 regibus
1680 2259 1791 2280 tantum
1815 2258 1841 2280 et

1047 2301 1233 2328 sacerdotibus
1260 2302 1351 2328 tiebat.
1381 2302 1413 2328 Et
1429 2301 1499 2335 quod
1526 2301 1563 2327 ait
1585 2300 1680 2326 l’etrus
1700 2300 1736 2326 ad
1761 2299 1841 2326 Chri-

1047 2348 1165 2375 stianum
1191 2348 1318 2383 populmn
1347 2347 1492 2374 scribens:
1517 2345 1612 2381 Regale
1639 2346 1841 2377 sacerdotium;

1049 2399 1197 2428 utrumque
1215 2401 1312 2420 nomen
1339 2393 1375 2420 illi
1394 2392 1492 2428 populo
1511 2391 1659 2419 convenire
1679 2392 1839 2423 declaravit,

1046 2446 1100 2472 quo
1126 2438 1170 2466 illa
1190 2439 1282 2466 unctio
1305 2439 1469 2473 pertinebat.
1494 2445 1504 2463 ι
1535 2436 1648 2472 Ligandi
1675 2444 1790 2472 quoque
1814 2441 1840 2464 et

1046 2484 1169 2512 solvendi
1188 2489 1350 2519 potestatem
1369 2492 1463 2512 eorum
1479 2483 1610 2516 omnium,
1629 2483 1676 2518 qui
1693 2487 1839 2517 peccantes

1046 2530 1146 2558 fratres
1161 2530 1398 2565 objurgationibus
1415 2531 1563 2562 incessunt,
1587 2537 1766 2556 communem
1780 2536 1838 2556 esse

1047 2576 1140 2603 volunt
1167 2577 1336 2611 Augustinus
1358 2577 1391 2604 de
1413 2577 1498 2603 verbo
1524 2575 1642 2606 Domini,
1670 2575 1767 2602 homil.
1794 2582 1836 2606 sv,

1048 2621 1267 2658 Theophylactus
1281 2623 1308 2649 in
1331 2623 1428 2650 Matth.
1452 2629 1530 2654 xvm,
1557 2621 1602 2654 18,
1622 2626 1649 2648 et
1673 2621 1837 2648 Anastasius

1047 2666 1165 2695 Nicetius
1181 2673 1277 2702 quazst.
1293 2668 1338 2695 (il.

1084 2713 1114 2741 ll.
1133 2713 1236 2747 Magnis
1251 2723 1316 2742 vero
1330 2720 1357 2742 et
1373 2715 1496 2749 repetitis
1512 2714 1707 2742 controversiis
1725 2719 1834 2742 vexatus

1048 2765 1089 2787 est
1118 2760 1161 2787 ille
1187 2760 1312 2796 Origeuis
1335 2761 1369 2788 de
1387 2761 1556 2793 Eucharistia
1580 2760 1667 2793 locus,
1686 2767 1769 2794 quem
1793 2760 1828 2786 hit

1135 2820 1156 2835 ⁵⁸
1172 2819 1180 2846 l
1199 2820 1261 2847 Cor.
1289 2828 1315 2852 v,
1338 2820 1369 2847 l7
1418 2820 1441 2836 ’ν
1456 2819 1588 2852 Joan.xv,
1610 2819 1634 2846 l.
1686 2818 1709 2834 ⁹⁸
1735 2816 1820 2845 Jerent

1418 2820 1441 2836 "
1456 2819 1532 2847 Joan.
1546 2827 1588 2853 xv,
1610 2819 1634 2846 l.
