1927 3076
68 128 138 154 1077

494 129 781 158 ORlCENlANORUM
800 130 866 158 LIB.
887 129 918 162 ll,
938 130 1013 158 CAP.
1035 130 1066 162 ll,
1087 129 1226 163 QUEST.
1246 130 1316 158 XIV.

1631 132 1699 160 1078

67 194 144 217 tomo
160 197 186 217 xa
206 190 233 217 in
250 190 360 224 Matth"
378 198 452 219 num.
469 191 513 225 14,
530 199 592 227 pag.
607 191 675 226 498,
692 192 862 220 exhibemus.
878 193 902 221 A
914 191 1010 220 fuisset
1023 196 1167 226 nacturus,
1183 192 1206 220 si
1219 191 1388 226 sumpsisset.
1402 192 1518 220 Materia
1531 197 1620 220 autem
1637 201 1701 220 con-

68 236 183 264 Stunma
200 237 272 265 illius
296 236 355 265 hate
369 243 429 265 est:
451 237 601 271 Quemdarn
624 238 721 272 objicit
746 238 797 266 sibi
818 238 861 266 di-

65 288 189 323 centem,
207 291 268 310 cum
290 284 369 318 juxta
388 283 487 311 Christi
507 284 723 319 pronuntiatum,
742 285 814 319 quod
834 284 860 311 in

65 323 100 356 os
121 329 221 362 intrat,
238 330 378 358 hominem
404 338 457 358 non
485 331 619 365 inquinet,
639 331 676 358 ita
690 331 762 366 quod
783 330 810 358 in
830 338 861 358 os

66 374 175 408 intrat,
205 375 342 403 hominem
363 380 489 404 sanctum
505 384 558 404 non
572 376 690 410 etlicere,
706 377 770 405 licet
783 383 862 405 secus

67 421 106 448 de
128 428 200 456 pane
220 421 321 450 Christi
343 422 525 457 simpliciores
551 425 682 450 sentiant.
706 423 862 458 Respondet

67 467 218 503 Origenes,
229 469 458 503 quemadmodum
474 476 528 496 non
544 468 620 496 cibus
635 469 758 497 edentem
775 469 862 503 inqui-

66 518 130 546 nat,
149 516 197 543 sed
210 515 268 551 ejus
282 516 447 543 conscientia
464 516 510 551 qui
524 524 585 544 cum
598 517 768 544 dubitatione
785 523 862 544 com-

67 561 150 595 edit;
170 566 199 590 et
222 563 445 597 quemadmodum
471 563 578 598 impuro
600 563 703 591 homini
732 561 861 590 mundum

68 607 141 634 nihil
161 612 214 641 est,
229 616 282 636 non
295 616 329 636 ex
342 616 384 642 se,
400 610 447 637 sed
469 614 580 645 prOpter
599 609 697 644 impuri
720 608 800 643 hujus
814 608 862 634 ho-

69 654 158 682 minis
174 655 390 690 immunditiam;
411 657 449 684 ita
466 658 537 691 quod
555 664 604 690 per
617 656 729 684 verbum
754 655 811 689 Dei,
835 659 863 682 et

67 709 184 736 precem
201 707 389 730 consecratum
416 708 468 737 est,
486 711 539 731 non
565 710 600 731 ex
624 710 653 730 se
676 702 862 730 comedentem

69 747 183 776 etlicere
197 753 332 782 sanetum,
357 749 478 783 alioquin
499 754 528 776 et
548 749 573 776 ei
597 749 643 783 qni
668 748 785 783 peccatis
810 747 864 782 pol-

70 793 149 821 lutus
165 794 293 827 comedit,
309 795 485 823 sanctitatem
502 795 664 822 collaturum
681 803 689 828 ;
716 793 763 822 sed
779 801 810 820 ex
830 800 863 820 eo

69 843 134 866 tum
151 840 362 868 emolumentum
384 840 455 875 capi,
478 848 538 868 cum
564 848 631 875 pura
650 844 740 867 mente
771 844 798 867 et
819 839 861 866 in—

70 887 153 918 tegra
169 884 336 911 conscientia
361 869 512 920 accipitur:
539 869 627 920 neque
651 884 812 912 abstinendo
831 884 865 911 al)
880 869 901 895 Β

69 927 128 956 hoc
154 936 225 964 pane
245 929 287 956 vel
311 930 434 957 eumdem
456 931 635 961 comedenda,
656 937 690 957 ex
710 930 760 957 hac
783 929 865 957 absti—

71 976 170 1004 nentia
187 976 230 1003 vel
250 984 309 1009 esu,
334 977 406 1004 bono
423 977 514 1011 aliquo
539 984 589 1004 nos
609 977 731 1004 fraudari
754 977 796 1004 vel
822 984 866 1004 au-

72 1022 147 1056 geri,
169 1022 217 1049 sed
237 1023 274 1050 ita
291 1023 425 1050 duntaxat
444 1024 466 1050 si
482 1023 524 1050 vel
539 1031 654 1057 nequam
673 1024 713 1050 vel
730 1023 805 1057 probi
830 1024 866 1050 si-

72 1075 147 1101 mus,
169 1068 275 1096 dicente
297 1061 382 1097 Paulo
403 1070 415 1096 Ι
432 1069 495 1097 Cor.
509 1077 569 1102 Vlll,
587 1069 604 1096 8
620 1078 627 1096 :
646 1069 738 1104 Neque
760 1071 829 1097 enim
842 1070 866 1096 si

70 1114 336 1147 mnducaverimus,
351 1115 566 1148 abundabimus;
585 1123 665 1150 neque
680 1116 702 1142 si
719 1123 770 1142 non
790 1124 866 1142 man-

71 1159 274 1192 ducaverimus,
287 1159 447 1194 deﬁciamus.
460 1159 605 1196 Subjungit
618 1165 761 1195 praeterea,
773 1168 867 1195 quem--

71 1201 222 1232 admodum
237 1205 265 1232 in
280 1210 403 1233 ventrem
416 1205 580 1240 demittitur,
594 1207 664 1240 quod
683 1207 766 1234 intrat
781 1207 808 1234 in
824 1215 864 1239 os,

72 1258 108 1278 ac
127 1250 229 1278 deinde
250 1250 360 1290 eiicitur
377 1251 403 1278 in
420 1258 559 1279 secessum
573 1260 580 1284 ;
603 1252 639 1279 ita
654 1260 757 1286 .panem
774 1260 867 1280 conse-

72 1301 195 1330 cratum,
212 1297 361 1325 secundum
376 1297 404 1325 id
417 1298 489 1332 quod
506 1298 619 1326 materia
627 1303 788 1326 concretum
804 1299 866 1327 huic

73 1342 166 1375 inest,
193 1343 219 1370 in
246 1347 371 1371 ventrem
393 1343 512 1376 demitti,
531 1349 558 1372 et
577 1344 636 1378 ejiei
661 1345 688 1372 in
711 1353 865 1378 secessum,

73 1388 124 1416 sed
142 1395 192 1423 per
207 1389 391 1422 precationem
406 1397 466 1424 qum
485 1389 523 1416 illi
549 1389 674 1422 accessit,
686 1390 777 1417 utilem
791 1398 867 1418 com-

72 1434 168 1462 edenti
192 1433 262 1462 ell‘tci
287 1442 335 1470 pro
368 1434 426 1469 ejus
451 1435 513 1463 tidei
540 1436 682 1470 portione;
712 1444 762 1464 nec
789 1437 867 1472 panis

74 1481 234 1514 materiam,
252 1481 299 1509 sed
314 1481 447 1516 prolatum
465 1489 549 1517 super
567 1490 600 1509 eo
617 1490 781 1516 sermonem,
803 1491 866 1511 eum

913 243 989 267 stans
1002 239 1047 266 illa
1068 238 1146 274 panis
1161 247 1234 274 pars,
1254 247 1335 274 quam
1362 239 1389 266 in
1413 246 1551 267 secessum
1573 239 1634 274 ejici
1651 240 1699 274 ait,

912 294 944 314 ea
972 290 1035 313 sunt
1060 285 1212 313 accidentia
1237 285 1360 313 materias
1389 285 1467 320 panis
1488 286 1645 313 inhaerentia
1673 291 1702 313 et

911 332 969 367 ejus
983 333 1106 372 propria,
1123 339 1184 367 qua:
1199 336 1326 366 corrupta
1340 340 1355 360 a
1379 332 1528 365 stomacho,
1549 337 1577 359 et
1601 333 1627 359 in
1649 340 1700 359 no-

912 386 972 406 vam
987 386 1120 406 conversa
1134 378 1327 410 substantiam,
1340 378 1381 406 vel
1397 377 1423 404 in
1438 385 1576 406 secessum
1590 377 1698 409 abeunt.

913 425 956 452 vel
969 425 1081 452 humani
1097 425 1221 460 corporis
1236 424 1352 452 formam
1369 423 1494 452 induunt.
1510 424 1699 452 Precationem

913 478 978 498 vero
993 471 1078 505 illam,
1097 479 1158 506 quae
1183 478 1280 507 panem
1299 470 1504 498 comedentibus
1527 471 1619 498 utilem
1643 470 1699 497 elli-

913 518 960 551 cit,
977 521 1003 546 et
1023 524 1174 546 sermonem
1192 525 1274 552 super
1289 524 1358 552 pane
1382 516 1528 551 prolatum,
1545 517 1609 551 quid
1626 517 1700 544 aliud

912 572 973 592 esse
989 564 1088 597 dicam,
1105 571 1188 599 quam
1203 563 1315 599 mystica
1333 563 1377 590 illa
1395 563 1488 595 verba,
1512 562 1610 597 quibus
1623 563 1701 598 panis

913 614 1108 643 consecratur,
1133 614 1161 637 et
1185 617 1244 644 qnze
1264 609 1347 645 εὐχήν
1374 616 1407 636 ac
1423 609 1566 644 mysticam
1590 617 1700 644 precem

914 656 1037 691 nonnulli
1059 656 1154 684 Patres
1178 655 1332 691 appellant?
1359 655 1422 690 quia
1447 655 1642 690 precationem,
1667 656 1701 684 li-

914 707 957 730 cet
984 709 1037 730 non
1062 710 1234 737 expressam,
1260 703 1411 735 involvunt,
1440 710 1492 737 qna
1521 702 1604 730 Deum
1627 707 1702 736 rogat

914 750 1041 777 sacerdos
1056 754 1087 777 ut
1105 749 1218 784 prolatis
1241 757 1257 776 a
1273 757 1302 777 se
1318 749 1440 784 mysticis
1455 749 1546 776 verbis
1570 749 1641 775 idem
1663 748 1702 776 el-

914 792 998 826 liciat,
1025 793 1096 828 quod
1116 793 1206 821 eﬂ‘ecit
1231 793 1307 826 olim,
1327 801 1388 821 cum
1415 793 1511 821 eadem
1527 794 1585 829 ipse
1598 793 1702 828 profer-

915 843 968 867 ret.
985 839 1074 874 Atque
1099 846 1147 875 per
1170 840 1229 867 hate
1247 847 1308 867 cum
1332 840 1411 875 panis
1432 840 1458 867 in
1485 847 1584 874 corpus
1600 840 1702 868 Christi

917 884 1051 916 elliciatur
1080 886 1232 918 conversio,
1260 886 1447 913 comedentem
1478 885 1627 913 accidentia
1656 886 1701 913 illa

916 930 1028 958 minime
1046 930 1153 966 juvant,
1175 931 1223 958 sed
1244 938 1293 966 per
1312 932 1424 967 mystica
1448 931 1491 958 illa
1513 932 1594 959 verba
1610 932 1650 964 lit,
1674 937 1704 959 ut

916 983 964 1004 esu
988 977 1111 1011 corporis
1129 976 1229 1005 Christi
1248 977 1417 1012 adjuvemur.
1440 976 1572 1012 'l‘ypicum
1588 978 1704 1013 denique

917 1028 943 1051 et
959 1024 1136 1060 symbolicum
1159 1032 1257 1060 corpus
1278 1025 1406 1059 appellat,
1422 1024 1465 1052 vel
1479 1025 1551 1060 quod
1575 1024 1625 1052 sub
1639 1032 1702 1059 spe-

918 1069 960 1097 cie
975 1073 1002 1102 et
1025 1069 1204 1098 similitudine
1227 1071 1305 1106 panis
1322 1070 1487 1103 delitescat;
1507 1075 1535 1098 et
1555 1079 1617 1098 cum
1641 1077 1704 1098 cor-

917 1124 968 1151 pus
987 1116 1087 1144 Christi
1103 1116 1190 1151 reipsa
1207 1117 1254 1149 sit,
1270 1123 1332 1151 typo
1356 1122 1384 1144 et
1406 1117 1528 1152 symbolo
1545 1116 1621 1151 panis
1644 1123 1704 1144 esse

918 1161 1056 1190 videatur:
1083 1162 1155 1198 quod
1182 1163 1252 1190 idem
1277 1167 1318 1190 est
1345 1170 1377 1190 ac
1405 1163 1427 1190 si
1450 1162 1647 1190 sacramentale
1661 1162 1704 1189 di-

916 1208 1014 1241 xissct,
1030 1208 1093 1243 quia
1118 1216 1170 1236 non
1197 1209 1297 1236 nudum
1323 1208 1426 1237 Chrisﬁ
1449 1208 1630 1244 contingimus
1643 1215 1704 1236 cor-

916 1262 979 1290 pus,
1000 1255 1045 1282 sed
1063 1254 1113 1282 sub
1131 1254 1261 1290 symbolis
1278 1255 1441 1282 involutum.
1466 1254 1637 1289 Quapropter
1659 1255 1705 1282 ho-

917 1301 991 1328 milia
1013 1301 1028 1328 7
1045 1301 1072 1328 in
1091 1300 1186 1334 Lavit,
1203 1309 1278 1329 num.
1306 1301 1333 1334 5,
1362 1301 1402 1328 sic
1434 1301 1543 1328 disserit
1569 1301 1705 1327 Adaman-

917 1348 989 1375 tius:
1008 1357 1018 1373 ‹
1042 1347 1088 1375 Est
1101 1351 1127 1375 et
1142 1348 1169 1374 in
1185 1347 1259 1375 Novo
1276 1346 1450 1375 Testamento
1465 1346 1565 1379 littera,
1581 1354 1640 1380 quze
1659 1353 1706 1373 oc-

917 1393 989 1420 cidat
1006 1400 1080 1425 eum,
1097 1393 1141 1428 qui
1171 1400 1225 1420 non
1252 1392 1409 1427 spiritaliter
1432 1400 1492 1427 quae
1514 1393 1642 1420 dicuntur
1656 1392 1705 1419 ad-

917 1440 1041 1467 verterit.
1060 1440 1087 1468 Si
1107 1440 1180 1467 enim
1200 1440 1350 1468 secundum
1376 1439 1494 1466 litteram
1511 1439 1635 1473 sequaris
1652 1438 1706 1466 hoc

918 1487 1006 1521 ipsum
1021 1487 1091 1521 quod
1106 1486 1206 1514 dictum
1221 1490 1262 1514 est
1279 1486 1301 1502 ⁸³
1315 1493 1321 1512 :
1343 1485 1404 1512 Nisi
1412 1485 1632 1512 manducaueritis
1643 1492 1704 1511 car-

69 1527 183 1562 juvare,
201 1527 247 1562 qui
272 1534 325 1554 non
348 1527 459 1562 indigne
481 1528 569 1562 ipsum
594 1528 723 1555 comedit.
744 1529 866 1564 Denique
880 1538 903 1569 ε
919 1541 978 1560 nem
999 1541 1095 1566 meum,
1114 1537 1139 1560 et
1162 1532 1277 1560 biberitis
1299 1532 1452 1567 sanguinem
1476 1539 1584 1564 meum;
1609 1531 1704 1558 occidit

73 1580 175 1609 panem
192 1573 279 1606 illum,
303 1573 422 1608 typieum
447 1578 474 1601 et
498 1573 678 1608 symbolieum
697 1582 795 1609 corpus
819 1582 865 1610 ap-

74 1618 171 1653 pellat.
196 1617 310 1653 Reliqua
333 1618 366 1646 ad
390 1626 467 1646 esum
493 1619 616 1653 corporis
633 1619 735 1648 Christi
755 1620 866 1655 spirita—

74 1665 131 1692 lem
155 1664 308 1699 pertinent,
335 1672 390 1692 non
416 1665 638 1693 sacramentalem
659 1670 689 1693 ut
713 1667 864 1700 superiora,

74 1715 174 1738 contra
200 1717 280 1744 quam
302 1710 429 1744 opinatus
451 1715 493 1738 est
513 1710 672 1738 Vincentius
694 1711 867 1739 Bellovacen-

75 1756 128 1787 eis.
146 1755 252 1790 Specul.
273 1755 429 1788 ίιοσιινὶηαι.⁷
455 1755 504 1783 lib.
526 1763 604 1790 xvtn,
629 1764 687 1791 cap.
706 1757 751 1789 45,
774 1756 868 1792 Orige-

75 1809 141 1829 nem
159 1802 210 1829 hac
231 1802 265 1830 de
289 1809 372 1829 causa
394 1802 530 1829 immerito
547 1802 692 1837 castigans.
713 1802 812 1830 Facilis
826 1807 867 1830 est

75 1848 132 1876 loci
148 1847 228 1882 hujus
238 1848 315 1882 juxta
328 1847 454 1875 Ecclesiae
470 1848 620 1875 doctrinam
635 1848 785 1882 expositio:
804 1857 867 1876 nam

75 1899 111 1922 ut
125 1901 161 1922 ex
178 1894 303 1928 corporis
323 1893 425 1921 Christi
439 1900 488 1921 esu
503 1893 688 1929 adjumentum
703 1895 764 1929 quis
778 1895 867 1929 capiat

76 1949 134 1970 non
148 1948 211 1968 esus
224 1941 282 1975 ipse
295 1939 405 1973 sutlicit,
421 1940 468 1968 sed
484 1940 589 1974 integra
603 1945 733 1976 praeterea
750 1946 777 1969 et
798 1942 868 1970 inta-

77 1987 185 2015 minata
213 1993 291 2014 mens
324 1986 491 2021 requiritur,
514 1986 633 2020 alioquin
655 1986 789 2021 judicium
815 1987 866 2015 sibi

78 2037 230 2064 mandueat
255 2041 283 2063 et
307 2035 388 2067 bibit,
408 2035 454 2070 qni
482 2035 560 2062 noxis
582 2035 699 2070 pollutus
717 2035 750 2063 ad
774 2036 868 2064 altaris

78 2085 283 2109 sacramentum
305 2080 419 2107 accedit.
450 2080 543 2115 Itaque
567 2088 619 2107 non
635 2088 669 2107 ex
691 2087 721 2108 se
736 2080 823 2108 solum
841 2086 869 2108 et

79 2127 245 2162 simpliciter
259 2128 350 2155 edenti
376 2127 548 2154 sanctitatem
566 2127 682 2160 confert,
706 2128 754 2155 sed
771 2128 824 2163 ita,
845 2130 868 2156 si

79 2174 118 2202 ab
133 2173 230 2201 edente
246 2178 321 2200 certa
344 2173 410 2200 ﬁdes
434 2177 461 2200 et
479 2180 563 2208 purus
585 2174 691 2202 animus
719 2174 867 2202 adhibean-

918 1578 975 1605 Ιιιεσ
991 1577 1091 1605 littera.
1110 1587 1119 1604 ι
1137 1577 1302 1613 Spiritaliter
1317 1578 1375 1605 hac
1396 1577 1510 1611 intelligi
1533 1577 1618 1610 jubet,
1642 1577 1706 1611 quia

919 1622 1155 1651 sacramentaliter
1169 1629 1281 1650 carnem
1303 1629 1379 1649 suam
1407 1622 1565 1649 manducari
1591 1626 1620 1649 et
1642 1630 1706 1649 san—

919 1668 1028 1702 guinem
1051 1675 1129 1695 suum
1145 1667 1201 1695 bibi
1215 1667 1303 1695 sancit
1325 1667 1461 1699 Christus,
1483 1674 1537 1694 non
1552 1675 1606 1701 quo
1624 1667 1706 1695 modo

919 1719 1016 1739 carnes
1036 1711 1103 1739 alias
1126 1712 1252 1740 dentibus
1275 1712 1499 1739 comminuimus.
1518 1711 1573 1739 Nec
1590 1719 1705 1746 respon-

920 1757 1005 1785 sionis
1034 1758 1113 1792 hujus
1145 1759 1228 1785 robur
1252 1758 1375 1793 infringit
1407 1758 1563 1785 Edmundus
1588 1757 1707 1785 Alberti-

921 1811 972 1830 nus
997 1803 1066 1839 (40),
1090 1811 1150 1831 cum
1168 1804 1206 1831 ait
1231 1811 1331 1839 negare
1354 1804 1408 1831 illic
1434 1804 1577 1839 Origenem
1599 1803 1706 1831 comedi

922 1857 1030 1876 carnem
1047 1849 1147 1877 Christi
1163 1851 1310 1878 secundum
1324 1850 1459 1883 litteram;
1473 1850 1597 1885 quisquis
1615 1854 1706 1877 autem

922 1896 1039 1924 comedit
1055 1896 1155 1924 Christi
1177 1904 1304 1930 carnem,
1325 1897 1389 1924 licet
1405 1904 1458 1924 non
1474 1897 1502 1924 in
1521 1897 1630 1931 propria
1645 1904 1707 1930 spe-

922 1943 964 1970 cie
978 1947 1006 1970 et
1030 1942 1115 1977 ﬁgura
1136 1943 1270 1974 comedat,
1295 1943 1395 1970 Christi
1423 1948 1512 1970 tamen
1535 1950 1644 1969 carnem
1664 1950 1708 1970 se—

922 1989 1038 2016 cundum
1058 1989 1174 2016 litteram
1195 1989 1348 2017 comedere.
1372 1989 1480 2017 lnticior
1501 1989 1571 2017 enim
1596 1996 1707 2016 carnem

922 2035 1024 2063 Christi
1041 2043 1101 2062 eum
1121 2036 1264 2063 comedere
1290 2036 1437 2063 secundum
1457 2035 1593 2068 litteram,
1614 2036 1660 2069 qui
1676 2035 1708 2061 il-

923 2081 974 2108 lam
992 2088 1045 2108 non
1066 2081 1092 2108 in
1108 2083 1216 2115 propria
1237 2081 1328 2115 specie
1344 2086 1371 2108 et
1387 2083 1472 2116 tigura
1489 2081 1607 2108 comedit
1618 2090 1625 2107 :
1636 2079 1706 2107 'nam

922 2127 1064 2154 comedere
1086 2127 1235 2154 secundant
1251 2126 1389 2159 litteram,
1407 2126 1471 2154 illud
1490 2131 1543 2160 est,
1563 2126 1600 2153 ita
1615 2133 1707 2153 come-

923 2174 997 2206 dere,
1019 2173 1155 2209 quomodo
1175 2173 1313 2201 esculenta
1337 2173 1479 2201 comedere
1504 2173 1706 2205 consuevimus,

80 2224 137 2246 tur.
154 2217 285 2246 Similiter
298 2218 379 2245 homo
395 2218 448 2245 hoc
471 2218 611 2246 abstinens
634 2224 815 2252 sacramento,
829 2219 870 2247 vel
884 2220 909 2250 D
922 2219 1050 2246 nimirum
1073 2220 1113 2247 ori
1142 2220 1246 2247 inserta
1278 2219 1404 2248 dentibus
1425 2219 1592 2254 permolere,
1616 2218 1707 2254 lingua

79 2265 156 2301 quod
178 2264 296 2291 nomium
309 2263 360 2291 sibi
375 2263 412 2296 sit
421 2263 489 2291 satis
501 2264 641 2298 probatus,
658 2264 700 2292 vel
714 2265 785 2299 quod
804 2273 870 2292 non-

80 2312 147 2338 dum
155 2310 257 2346 justam
267 2309 514 2344 attigeritaetatem,
524 2309 566 2337 vel
582 2310 634 2337 alia
645 2311 742 2345 quavis
751 2311 869 2346 legitima

81 2357 116 2384 de
125 2364 218 2389 causa,
230 2355 423 2383 detrimentum
438 2363 471 2382 ex
482 2356 534 2383 hac
550 2356 710 2383 abstinentia
718 2364 770 2384 non
778 2357 868 2392 capit;

81 2403 139 2430 imo
165 2409 215 2430 nec
235 2402 307 2429 bono
331 2401 421 2436 aliquo
449 2401 511 2429 inu‘e
532 2402 634 2437 privari
659 2403 698 2429 ait
721 2402 868 2438 Origenes;

82 2449 156 2484 quod
177 2448 215 2476 ita
241 2448 381 2483 intelligo:
405 2456 467 2476 cum
485 2449 566 2475 homo
589 2448 710 2476 nondum
734 2449 785 2476 sibi
803 2450 871 2477 satis

81 2495 226 2530 probatus,
241 2494 283 2521 vel
300 2494 414 2529 alicujus
429 2494 553 2522 criminis
573 2494 625 2522 sibi
646 2495 784 2528 conscius,
798 2495 822 2522 si
837 2495 871 2522 ad

82 2542 179 2569 altaris
198 2546 401 2569 sacramentum
424 2541 551 2574 accedat,
572 2540 703 2576 judicium
726 2541 777 2569 sibi
795 2549 872 2568 man-

82 2588 166 2615 ducet
187 2592 215 2615 et
235 2587 322 2621 bibat,
345 2592 428 2623 atque
447 2595 481 2615 ex
496 2587 549 2615 hoc
564 2595 613 2615 esu
629 2591 657 2614 et
671 2592 736 2621 potu
756 2592 870 2615 mortem

84 2634 184 2661 animae
209 2641 265 2661 sua:
293 2634 464 2666 consciscat,
489 2634 587 2661 nedum
611 2633 729 2660 fructum
753 2633 870 2669 aliquem

74 2681 150 2710 'inde
173 2682 316 2717 percipiat,
330 2682 454 2717 sequitur
469 2686 498 2708 ut
518 2681 540 2709 si
554 2681 612 2709 haec
632 2680 811 2710 reformidans
829 2689 873 2709 sa—

85 2733 229 2756 cramento
243 2728 388 2761 abstineat,
403 2727 474 2755 bono
488 2727 579 2762 aliquo
595 2735 647 2755 non
664 2727 796 2762 privetur,
810 2728 873 2755 dum

86 2780 140 2800 non
165 2773 247 2801 sumit
274 2781 373 2808 corpus
398 2772 517 2806 Christi;
549 2780 610 2799 cum
641 2772 739 2800 malum
768 2778 871 2800 tantum

122 2818 147 2836 ”
164 2817 245 2846 Joan.
259 2827 298 2852 vr,
315 2819 360 2847 5-4.

924 2273 1044 2298 versare,
1059 2265 1149 2300 palato
1163 2266 1320 2301 degustare,
1341 2266 1402 2301 gula
1418 2266 1538 2299 sorbere,
1558 2265 1585 2292 in
1607 2265 1708 2292 ventri-

923 2310 1013 2338 culum
1024 2310 1143 2338 demissa
1155 2318 1337 2345 concoquere,
1356 2311 1490 2339 intestinis
1504 2314 1618 2346 excepta
1635 2318 1651 2337 a
1668 2309 1711 2337 ia:-

924 2357 1000 2385 cibus
1015 2364 1176 2391 secernere,
1199 2362 1225 2384 et
1245 2357 1272 2384 in
1294 2358 1417 2392 corporis
1437 2358 1594 2385 alimentum
1615 2357 1708 2384 distri--

923 2404 1018 2432 huere.
1037 2403 1093 2431 Hac
1114 2405 1219 2432 ratione
1241 2412 1302 2431 cum
1316 2403 1419 2431 Christi
1442 2411 1507 2431 caro
1523 2404 1678 2439 neutiquam
1694 2411 1709 2430 a

925 2449 1003 2476 nobis
1020 2450 1194 2482 comedatur,
1220 2456 1273 2477 non
1297 2450 1450 2477 comeditur
1471 2450 1592 2484 profecto
1614 2457 1711 2477 secun-

925 2495 988 2522 dum
1009 2495 1138 2529 litteram,
1154 2496 1200 2523 sed
1217 2495 1462 2524 sacramentaliter.
1477 2495 1526 2522 Vel
1545 2495 1711 2523 eucharisti-

925 2549 987 2570 cum
1008 2548 1104 2576 panem
1129 2546 1243 2570 eatenus
1266 2541 1383 2577 appellat
1402 2541 1533 2576 Origenes
1549 2548 1647 2575 corpus
1673 2546 1713 2576 ty-

924 2588 1014 2623 pieum
1032 2591 1059 2614 et
1074 2587 1262 2622 symbolicum,
1284 2595 1336 2615 non
1359 2591 1493 2621 quatenus
1510 2586 1632 2613 absentis
1651 2593 1711 2612 cor-

926 2634 998 2668 poris
1011 2633 1111 2661 Christi
1124 2638 1203 2669 typus
1217 2639 1297 2661 estet
1312 2634 1476 2669 symbolum.
1493 2632 1564 2667 quod
1586 2631 1642 2658 vult
1657 2631 1712 2658 Ed-

927 2681 1041 2708 mundus
1052 2680 1219 2713 Albertinus,
1235 2680 1335 2715 aliique
1346 2687 1408 2707 cum
1423 2686 1455 2706 eo
1471 2678 1645 2706 heterodoxi:
1663 2678 1710 2704 sed

926 2733 1079 2763 quatenus,
1095 2734 1157 2755 cum
1179 2727 1267 2761 reipsa
1289 2726 1325 2754 sit
1347 2734 1445 2761 corpus
1467 2725 1578 2758 Christi,
1595 2718 1716 2751 aliarum

928 2781 1018 2801 rerum
1035 2778 1114 2808 typus
1128 2778 1169 2800 cst
1182 2777 1209 2801 et
1225 2773 1386 2809 symbolum,
1399 2777 1464 2809 puta
1477 2772 1519 2800 sui
1533 2771 1618 2806 ipsius
1632 2775 1710 2798 extra

124 2864 182 2902 (40)
200 2865 315 2901 Albert.,
334 2865 371 2894 De
383 2873 495 2894 sacram.
511 2864 629 2894 Euchar.
645 2865 738 2902 lib._n,
750 2865 777 2894 in
788 2865 880 2895 Exam.
899 2865 1001 2896 testim.
1014 2864 1136 2900 0rigen.,
1152 2872 1210 2900 cap.
1230 2865 1241 2892 ι
