1927 3076
215 128 282 157 1079

843 127 874 154 Ρ.
893 126 1050 155 DANlEle‘
1068 127 1185 158 HUETH

1771 124 1838 162 m-

214 200 434 232 sacramentum,
450 203 479 226 ut
491 198 543 226 fuit
557 198 622 226 olim
638 199 664 225 in
683 206 775 232 cruce,
789 203 818 228 et
829 203 860 227 ut
873 205 993 229 estnunc

1051 192 1122 226 quod
1142 192 1293 222 Jerusalem
1315 195 1436 229 inferior,
1450 188 1559 224 terrena
1578 196 1719 231 nimirum,
1740 198 1835 226 revera

214 244 240 272 in
256 244 344 277 cmlo;
362 244 403 271 vel
416 244 624 272 resurrectionis
638 249 747 279 nostrae,
767 245 846 280 juxta
858 246 995 275 Nlcaenum

213 290 375 322 concilium;
404 288 444 317 vel
463 297 472 315 t
493 288 573 317 unius
592 289 663 317 illius
688 291 820 326 corporis.
847 291 924 326 cujus
940 293 997 328 ipse

213 334 376 369 (Salvator)
397 339 479 369 caput
501 334 627 368 exsistit,
653 335 751 370 cuique
775 344 844 371 nos,
869 341 996 374 tanquam

213 381 343 412 membra,
359 380 510 407 arctissitna
526 380 598 412 fidei,
614 381 670 416 spei
686 386 714 409 et
734 382 876 411 charitatis
896 392 997 412 conne-

212 426 291 453 xionu
311 426 438 453 astrictos
453 433 512 453 esse
537 426 634 459 voluit,
650 436 660 452 ι
671 427 749 462 juxta
761 428 934 458 Tridentinus
946 430 997 458 Pa-

213 476 285 505 tres;
303 471 344 498 vel
369 471 430 499 ildei
457 476 485 499 et
510 473 717 506 promissionis.
741 474 817 508 juxta
831 474 995 504 Clementem

212 515 436 543 Alexandrinum.
468 516 581 544 Penitus
608 518 772 545 contirmaut
800 518 996 553 expositionem

211 561 291 588 istam
318 561 419 589 similes
442 561 592 589 loctttioues
609 561 752 597 Origeuis,
781 563 808 591 in
833 564 931 599 quibus
953 572 997 592 res

211 607 334 642 quaedam
351 607 506 642 symbolica:
527 608 707 643 appellantur,
732 609 775 637 vel
794 610 942 646 symbolice
957 615 997 638 ta-

211 653 250 681 les
281 653 381 680 talesve
399 660 459 681 esse
474 653 619 687 dicuntur;
645 663 697 682 non
712 655 783 690 quod
800 663 892 683 revera
909 655 996 690 tales,

211 699 312 727 talesve
327 707 379 727 non
400 699 472 731 sint;
498 699 543 726 sed
573 700 642 734 quod
660 708 720 728 cttm
746 701 812 728 tales
833 701 933 729 talesve
954 709 997 729 re-

210 753 274 774 vera
293 746 356 779 sint,
373 746 484 774 aliarum
502 751 590 773 tamen
613 755 704 774 rerum
720 747 842 782 symbola
860 748 924 776 siut.
951 747 997 776 Sic

213 797 286 819 tomo
300 800 374 819 xuii
401 793 430 820 t'n
445 792 539 824 Ιοαη..
560 801 634 820 num.
654 793 704 826 t5,
723 792 853 822 Joannem
870 794 908 822 ait
924 802 997 830 sym-

212 839 300 866 bolice
325 839 482 866 recubuisse
501 838 528 866 in
552 839 612 866 sinu
633 839 756 868 Christi:
778 847 832 868 non
857 841 928 875 quod
951 848 997 868 re-

1050 237 1202 267 Jerusalem
1224 249 1276 268 non
1299 247 1391 274 esset;
1415 242 1461 269 sed
1486 242 1557 277 quod
1585 243 1680 270 ttmbra
1709 246 1782 271 esset
1808 249 1834 271 et

1051 287 1201 321 symbolum
1229 295 1352 323 supernae
1366 288 1526 317 Jerusalem.
1551 290 1613 317 Pari
1645 291 1727 318 modo
1744 291 1834 326 igitur.

1050 339 1111 359 cum
1128 340 1226 368 corpus
1247 334 1347 362 Christi
1372 335 1491 370 appellat
1518 337 1695 371 sytnbolieum
1715 342 1743 364 et
1764 338 1835 373 typi-

1049 384 1122 410 cutu,
1141 387 1195 406 non
1212 379 1268 407 illic
1292 388 1384 408 revera
1403 382 1498 408 adesse
1511 387 1593 417 negat
1607 382 1710 410 Christi
1724 389 1836 418 corpus.

1050 425 1097 452 sed
1123 431 1244 460 prmsens
1261 426 1316 453 illic
1332 427 1434 454 Christi
1453 435 1551 461 corpus
1578 428 1728 463 symbolum
1747 433 1775 456 et
1792 433 1835 464 ty-

1049 476 1113 504 pum
1130 476 1190 498 esse
1205 471 1262 498 vult
1278 479 1368 499 rerum
1391 472 1519 505 aliarttttt,
1543 480 1637 501 earum
1656 481 1752 509 nempe
1768 481 1835 510 quas

1051 518 1335 550 commemoravimus,
1351 522 1414 552 puta
1429 519 1471 547 sui
1491 518 1575 552 ipsius
1587 524 1665 546 extra
1681 525 1834 547 sacramen-

1049 564 1116 588 tum.
1137 560 1164 588 id
1181 563 1253 597 qttod
1267 564 1334 590 satis
1353 564 1455 591 indicat
1474 564 1614 598 Origenes,
1631 573 1692 592 cum
1713 565 1835 600 proxime

1049 607 1188 642 subjungit
1208 618 1216 636 ς
1234 607 1324 636 Πολλὰ
1338 608 1359 635 δ’
1374 609 1407 636 ἂν
1421 610 1467 638 καὶ
1482 610 1546 645 περὶ
1561 610 1643 637 αὑτοῦ
1663 611 1769 645 λέγοιτο
1787 611 1835 638 τοῦ

1048 652 1144 687 Λόγου,
1161 653 1190 685 ὃς
1202 653 1296 689 γέγονε
1308 654 1377 690 σὰρξ
1391 655 1438 683 καὶ
1453 655 1566 692 ἀληθινὴ
1586 655 1687 691 βρῶσις
1703 665 1709 672 ·
1727 666 1738 683 ι
1754 656 1834 684 Multa

1049 703 1140 726 autem
1154 700 1188 727 de
1204 700 1263 734 ipso
1278 700 1367 728 Verbo
1381 701 1433 728 dici
1448 702 1562 736 possint,
1575 703 1647 737 quod
1661 711 1724 730 caro
1734 703 1834 737 factum

1049 748 1098 777 est,
1116 753 1239 780 uerusque
1254 746 1326 774 cibus
1340 746 1374 780 ",
1393 756 1403 773 ›
1420 751 1486 780 etc..,
1510 747 1536 774 in
1551 748 1650 782 quibus
1670 749 1780 776 disserit.
1803 749 1835 777 de

1049 789 1150 818 Christi
1179 799 1293 827 corpore
1314 797 1391 820 extra
1418 798 1630 822 sacramentum.
1661 794 1738 822 Nulla
1764 795 1834 828 hac,

1049 843 1129 871 quam
1145 837 1249 869 damus.
1272 839 1362 872 aptior
1383 839 1427 866 vel
1448 839 1558 867 solidior
1574 841 1722 875 excogitari
1746 845 1834 874 potest

212 891 277 911 vera
293 884 319 912 in
333 884 393 912 sinu
411 884 511 912 Christi
532 892 584 912 non
602 885 769 918 recubuerit,
791 886 838 915 sed
859 887 931 921 quod
951 894 996 914 re-
1012 875 1033 903 Β
1048 882 1099 909 loci
1123 882 1200 917 hujus
1227 884 1343 916 solutio,
1376 890 1470 919 utpote
1498 893 1559 920 qua:
1585 893 1618 913 ex
1645 885 1834 913 consimilibus

210 930 318 958 cubitus
339 929 385 958 illc
410 931 562 966 symbolum
587 935 658 959 esset
679 932 807 967 propensi
834 931 946 960 allectus
970 937 997 961 et

210 982 304 1009 prome
317 975 378 1003 fidei
396 983 476 1010 quam
493 983 557 1011 erga
577 976 714 1004 Christum
734 977 845 1013 gerebat
865 977 995 1006 Joannes.

211 1020 347 1049 Similiter
366 1026 438 1049 tomo
458 1023 553 1050 eodem
575 1031 650 1051 num.
669 1024 714 1056 l6,
731 1024 769 1052 ait
784 1025 933 1060 symbolice
949 1033 997 1052 no-

210 1070 281 1094 ctem
302 1067 404 1102 fuisse,
427 1076 488 1096 cum
510 1069 602 1097 .lesum
626 1070 783 1105 proditurus
805 1069 890 1098 ludas
907 1072 994 1106 exiit;

211 1120 264 1140 tton
277 1113 348 1148 quod
365 1122 457 1143 revera
475 1122 527 1143 nox
541 1123 594 1144 non
609 1121 692 1149 esset,
705 1115 824 1145 Joannes
835 1117 933 1152 quippe
948 1125 997 1145 no-

210 1163 283 1187 ctem
300 1160 385 1188 fuisse
401 1161 507 1195 scribit,
526 1170 587 1198 cap.
606 1170 665 1195 xm,
690 1171 762 1191 vers.
786 1163 832 1198 50,
854 1164 900 1192 sed
923 1166 995 1199 quod

209 1212 264 1233 nos
281 1205 324 1233 illa
342 1207 493 1242 symbolum
509 1214 581 1236 esset
601 1209 689 1237 noctis
711 1210 825 1238 alterius
846 1217 905 1244 quae
921 1209 997 1237 ludas

210 1251 302 1280 animo
323 1252 478 1281 incubabat.
493 1253 562 1288 Quin
579 1255 661 1283 etiam
690 1260 756 1283 tom.
772 1263 817 1283 stv
840 1256 868 1284 in
887 1255 994 1290 ΗαιιΙι..

210 1305 285 1326 ιιυιιι.
301 1298 346 1331 22,
364 1307 425 1334 pag.
441 1299 503 1333 646,
520 1301 630 1329 Paulum
643 1301 758 1336 jussisse
775 1302 827 1334 ait,
849 1307 878 1330 ut
891 1302 996 1338 episco-

208 1351 270 1379 pus,
287 1345 427 1380 presbyter
456 1351 484 1373 et
511 1347 651 1381 diaconus,
675 1355 745 1382 quos
768 1347 889 1382 symbola
912 1348 997 1376 fuisse

208 1389 265 1416 vult
287 1397 413 1417 verarum
442 1397 550 1424 rerum,
571 1392 720 1427 symbolice
741 1393 894 1427 monogami
920 1393 993 1426 sint;

208 1442 263 1462 non
279 1436 351 1470 quod
369 1443 465 1464 revera
482 1444 658 1473 monogamos
674 1445 729 1465 non
746 1445 809 1466 esse
828 1437 905 1470 velit,
928 1439 995 1466 tales

208 1480 281 1508 enim
295 1487 357 1508 esse
378 1480 480 1509 debere
494 1481 561 1509 satis
578 1482 629 1509 hoc
651 1482 711 1510 loco
731 1483 829 1515 docet,
852 1483 900 1511 sed
922 1483 994 1519 quod

211 1527 380 1562 monogamia
403 1526 448 1555 illa
473 1528 625 1563 symbolum
649 1529 686 1557 sit
711 1529 854 1558 munditiei
882 1530 1029 1573 anima,c

208 1578 289 1607 quam
305 1573 375 1600 tueri
395 1573 506 1606 debent.
527 1575 572 1609 qui
596 1582 673 1602 sacra
696 1575 900 1604 administrant.
920 1575 993 1604 Idem

209 1621 339 1652 praeterea
360 1622 425 1645 tom.
444 1626 488 1646 xw
509 1620 538 1647 in
562 1617 672 1652 Ηαιιήη
693 1627 768 1647 ιιυιιι.
789 1620 817 1653 5,
843 1627 904 1656 pag.
925 1621 993 1655 'lll,

208 1669 343 1690 summum
364 1662 518 1691 Judaeorum
542 1665 726 1698 sacerdotem,
746 1666 925 1699 symbolicum
946 1675 994 1702 ap-

208 1707 307 1743 peﬂat;
328 1715 381 1736 non
398 1709 470 1743 quod
490 1711 618 1738 sacerdos
634 1718 727 1739 revera
749 1719 802 1739 non
821 1717 913 1741 esset:
932 1713 993 1748 quis

207 1753 280 1781 enim
299 1753 352 1782 hoc
378 1755 483 1789 neget?
508 1757 555 1783 sed
574 1756 646 1791 quod
668 1756 822 1793 symbolum
843 1762 915 1785 esset
935 1757 993 1786 veri

208 1799 358 1827 sacerdotis
379 1799 492 1828 Christi.
523 1799 623 1829 Ibidem
647 1801 782 1829 sacriﬁcia
801 1801 926 1831 Mosaicae
954 1803 994 1830 leo

207 1843 259 1878 gis,
275 1843 427 1879 symbolica
446 1844 584 1880 appellat:
609 1853 662 1874 non
681 1847 754 1881 quod
773 1854 869 1875 revera
888 1847 991 1875 sacriil-

207 1889 249 1919 cia
264 1898 317 1918 non
337 1895 449 1923 essent,
471 1891 520 1919 sed
544 1892 615 1926 quod
634 1893 756 1928 symbola
778 1898 870 1921 essent
891 1893 994 1922 sacriﬁ-

208 1935 311 1963 ciorum
338 1943 399 1970 quae
425 1936 492 1964 iiunt
520 1945 569 1972 pro
599 1938 728 1973 peccatis.
757 1939 840 1967 Addit
866 1939 991 1972 demum,

207 1988 269 2008 cum
291 1981 417 2017 subjugi,
438 1989 554 2018 corpore
578 1991 675 2018 nempe
699 1992 759 2017 suo,
776 1989 882 2012 vectum
899 1985 991 2013 Jesum

207 2027 315 2062 excepit
339 2035 404 2056 vera
431 2027 601 2061 Jerusalem,
627 2037 743 2065 supertta
775 2030 898 2065 scilicet,
928 2036 992 2059 tunc

206 2072 366 2108 dissipatam
380 2073 466 2100 fuisse
484 2072 648 2107 Jerusalem,
663 2081 723 2109 quas
741 2075 835 2102 umbra
858 2079 919 2103 est:
938 2083 993 2103 utn-

207 2117 287 2146 bram
303 2119 408 2152 dicens,
428 2126 478 2154 pro
500 2127 533 2147 eo
548 2120 619 2154 quod
639 2121 788 2156 symbolum
802 2121 924 2150 dixerat:
940 2129 993 2150 non

261 2176 285 2193 ’δ
299 2175 378 2204 Joan.
391 2185 412 2210 t,
433 2176 483 2210 M;
500 2185 539 2211 vt,
553 2177 598 2205 51.
635 2177 658 2194 ⁹¹
680 2177 758 2205 Joau.
778 2185 814 2211 vt,
835 2178 879 2205 its.

1047 929 1188 963 scriptoris
1202 929 1322 964 ejusdem
1338 931 1501 958 testimoniis
1514 932 1597 966 petita
1612 932 1657 964 sit,
1671 937 1700 959 ct
1713 937 1832 960 mentem

1048 975 1131 1010 ipsius
1143 976 1292 1003 manilesto
1313 977 1441 1004 declaret.
1466 976 1578 1005 Frustra
1599 978 1681 1012 igitur
1697 985 1731 1006 ex
1753 985 1832 1013 supe-

1048 1021 1164 1049 rioribus
1186 1022 1338 1050 Adamantii
1360 1023 1393 1050 de
1421 1023 1590 1062 Eucharistia
1619 1024 1710 1051 verbis
1734 1024 1832 1059 prmio

1047 1066 1120 1094 dium
1138 1075 1229 1095 cauam
1244 1075 1300 1094 suae
1317 1076 1456 1097 arcessere
1476 1070 1564 1096 conati
1585 1075 1650 1097 sunt
1669 1071 1746 1097 ntttlti
1768 1075 1833 1097 tem-

1047 1120 1142 1147 porum
1160 1113 1274 1141 istorum
1294 1115 1463 1142 heterodoai.
1482 1116 1593 1143 Frustra
1615 1124 1723 1151 quoque
1743 1116 1833 1144 locum

1046 1159 1080 1187 ab
1094 1159 1230 1188 haereticis
1244 1161 1421 1195 depravatum
1441 1161 1595 1194 suspicatus
1613 1166 1655 1190 est
1676 1162 1768 1190 Sixtus
1783 1162 1833 1190 Se-

1046 1206 1136 1233 nensis
1146 1205 1271 1233 Bibliolh.
1284 1206 1331 1233 lib.
1344 1214 1381 1239 vt,
1398 1212 1491 1234 annot.
1501 1207 1545 1234 66.
1556 1207 1665 1235 Frustra
1675 1208 1709 1236 ab
1718 1208 1833 1235 Erasmo

1046 1250 1193 1286 iuterprele
1216 1257 1373 1287 corruptum
1389 1251 1535 1286 conjectati
1557 1259 1620 1280 sunt
1641 1253 1834 1282 Genebrardus

1047 1302 1075 1325 et
1089 1297 1254 1331 Perronius;
1271 1305 1331 1325 cum
1348 1298 1528 1333 integritatem
1549 1298 1600 1326 loci
1616 1307 1696 1326 tuantt
1715 1300 1833 1335 scripto-

1047 1351 1106 1371 rum
1122 1344 1244 1371 codicutu
1266 1344 1426 1372 Graecorum
1445 1352 1593 1372 consensus
1608 1351 1703 1380 aperte
1724 1346 1831 1381 probet.

1080 1389 1183 1418 Praeter
1201 1391 1254 1418 duo
1274 1390 1319 1418 illa
1342 1390 1467 1427 Origeuis
1491 1392 1646 1419 testimonia
1659 1413 1666 1424 ,
1687 1393 1786 1427 quibus
1799 1392 1833 1421 de

1046 1437 1226 1465 Eucharistiaa
1251 1442 1424 1464 sacramento
1448 1445 1588 1473 perperam
1613 1439 1733 1466 sensisse
1757 1438 1832 1465 visus

1044 1487 1104 1514 est,
1135 1482 1186 1509 alia
1217 1486 1334 1518 quatuor
1359 1483 1466 1518 generis
1490 1484 1612 1518 ejusdem
1637 1483 1716 1511 aliert
1736 1483 1832 1512 Petrus

1045 1527 1147 1563 Martyr
1164 1527 1189 1554 itt
1208 1527 1278 1554 libro
1297 1532 1386 1555 contra
1409 1527 1598 1562 Gardinerum,
1627 1529 1698 1556 unde
1717 1537 1831 1557 causam

1047 1580 1122 1600 suain
1148 1580 1203 1601 non
1235 1580 1330 1608 parum
1358 1573 1513 1600 conﬁrmari
1539 1579 1626 1609 putat.
1652 1574 1731 1602 Prior
1756 1574 1833 1602 locus

1046 1620 1220 1654 deprotnptus
1238 1624 1280 1647 est
1302 1627 1335 1647 ex
1360 1619 1454 1648 homil.
1471 1620 1505 1648 16
1524 1620 1552 1647 in
1576 1620 1670 1653 Νκιιι..
1691 1629 1768 1649 num.
1787 1620 1806 1650 9
1822 1630 1830 1649 :

1049 1672 1059 1690 ‹
1078 1663 1176 1692 Bibere
1199 1664 1318 1691 dicimur
1339 1664 1501 1699 sanguinem
1522 1664 1640 1697 Christi,
1669 1673 1721 1692 non
1742 1665 1831 1693 solum

1046 1714 1279 1738 sacramentorum
1300 1709 1364 1743 ritu,
1382 1710 1428 1737 sed
1440 1713 1468 1737 et
1482 1716 1544 1736 cum
1559 1717 1700 1737 sermones
1712 1710 1774 1746 ejus
1787 1719 1832 1738 re-

1045 1754 1170 1790 cipimus,
1189 1754 1215 1782 in
1231 1754 1330 1789 quibus
1353 1755 1407 1782 vita
1424 1754 1562 1786 consistit.
1577 1755 1648 1782 sicut
1668 1760 1696 1783 et
1713 1755 1773 1790 ipse
1790 1756 1832 1784 di-

1044 1799 1099 1828 cit:
1119 1799 1204 1827 Verba
1217 1808 1275 1835 quc:
1286 1799 1388 1827 locutus
1403 1808 1473 1834 sunt,
1490 1800 1598 1834 spiritus
1605 1805 1628 1828 et
1641 1801 1696 1828 vita
1709 1807 1749 1829 est
1761 1802 1796 1829 ’⁵.
1816 1811 1826 1828 ι

1044 1846 1081 1874 At.
1096 1845 1240 1873 manifeste
1263 1845 1330 1873 facit
1350 1846 1416 1873 illud
1432 1853 1481 1880 pro
1494 1846 1629 1874 catholica
1645 1854 1740 1880 causa,
1766 1855 1829 1875 nam

1045 1891 1270 1919 sacramentalem
1285 1891 1426 1926 sanguinis
1438 1890 1539 1920 Christi
1553 1892 1717 1927 potationem
1731 1893 1767 1921 ab
1778 1893 1830 1921 alia

1044 1938 1172 1971 secernit,
1189 1945 1245 1973 qua
1266 1938 1378 1965 verbum
1402 1937 1502 1964 Christi
1534 1939 1646 1965 auribus
1672 1942 1700 1966 et
1717 1944 1830 1971 mente,

1045 1983 1158 2019 spiritali
1170 1984 1287 2019 quodam
1305 1983 1385 2011 modo
1400 1983 1510 2011 bibitur.
1536 1984 1593 2020 (M)
1608 1983 1663 2012 Nec
1680 1984 1742 2020 plus
1759 1985 1832 2012 valet

1045 2036 1094 2064 pro
1109 2029 1328 2057 adversariorum
1348 2030 1470 2064 prtibtts
1485 2029 1599 2057 alterum
1615 2030 1667 2057 hoc
1683 2037 1700 2058 e
1715 2035 1829 2059 tractat.

1045 2075 1081 2103 '55
1094 2075 1123 2102 in
1138 2075 1245 2108 Manli"
1258 2082 1333 2103 num.
1347 2075 1393 2108 85,
1405 2082 1466 2110 pag.
1481 2075 1542 2103 898.
1565 2084 1574 2101 ι
1590 2076 1670 2104 Panis
1681 2076 1733 2104 iste
1750 2084 1831 2112 quem

1045 2120 1117 2149 Deus
1139 2120 1251 2149 verbum
1273 2128 1371 2156 corpus
1391 2129 1468 2149 suum
1497 2129 1557 2149 esse
1583 2121 1693 2155 fatetur,
1714 2122 1830 2150 verbum

243 2236 299 2274 (41)
325 2236 379 2264 Nec
402 2236 460 2271 plus
479 2236 561 2274 uaie_t__
573 2236 854 2274 proudversarjorunt
872 2236 992 2271 partibus
1006 2238 1029 2266 ι)
1044 2235 1183 2274 cum_ait:_
1198 2244 1208 2261 ι
1219 2234 1278 2263 Non
1290 2234 1376 2274 “enim
1391 2242 1484 2270 panem
1498 2234 1572 2262 illum
1594 2234 1727 2274 visibilem
1747 2242 1829 2271 quem

206 2271 319 2300 alterum
327 2273 375 2298 hac
386 2280 399 2300 ε
410 2277 515 2300 tractat.
527 2271 563 2299 55
586 2272 613 2299 in
629 2271 724 2299 Matth.
740 2271 835 2298 «Panis
848 2272 899 2299 iste
911 2279 991 2305 quem

207 2308 279 2335 Deus
298 2307 424 2339 Verbttm,
439 2316 448 2332 ι
471 2311 523 2335 etc.
539 2306 596 2334 Non
612 2307 698 2341 magis
714 2307 804 2334 favent
817 2307 992 2334 heterodosis

207 2350 269 2381 quae
299 2347 360 2381 post
389 2343 445 2381 haec
478 2342 560 2369 verba
586 2342 851 2381 manuscriptorunt__
867 2342 991 2381 codicum

208 2376 368 2405 auctoritate
395 2377 420 2403 ιιι
445 2381 546 2404 textum
576 2377 744 2404 restituimus
768 2385 775 2403 :
800 2386 809 2402 ι
824 2376 887 2404 'Non
919 2377 991 2403 enim

208 2420 304 2447 panem
329 2411 402 2438 illum
424 2411 564 2447 visibilem,
580 2419 660 2446 quem
685 2412 793 2439 tenebat
819 2412 845 2438 iu
866 2411 992 2447 manibus

207 2445 306 2482 corpus
329 2454 406 2473 suum
425 2446 531 2474 dicebat
553 2445 624 2473 Deus
647 2447 784 2479 Verbum,
806 2447 852 2474 sed
875 2445 990 2482 Verbum

208 2483 234 2510 in
248 2481 327 2518 cujus
335 2481 569 2518 rtnysleriol‘uerat
584 2482 662 2518 panis
680 2481 724 2509 ille
739 2482 914 2518 frangendus.
937 2481 992 2509 Nec

244 2523 298 2544 tum
313 2517 386 2543 illttttt
400 2516 531 2551 visibilem
547 2516 705 2551 sanguinem
721 2524 798 2544 suum
814 2517 929 2547 dicebat,
943 2518 991 2544 sed

223 2552 325 2580 v’erbum
339 2552 365 2578 in
384 2547 612 2586 cttjus‘tuysterio'
627 2557 705 2585 potus
727 2552 771 2579 ille
795 2551 882 2579 fuerat
903 2551 991 2579 ell'uu-

208 2588 319 2614 dendus.
340 2586 405 2613 Nam
423 2594 521 2621 corpus
537 2586 582 2613 Dei
602 2586 693 2620 Verbi,
714 2591 760 2614 aut
781 2587 910 2620 sanguis,
926 2586 991 2621 quid

208 2623 279 2650 aliud
296 2630 355 2649 esse
369 2619 534 2656 potestfuisi
550 2622 661 2656 verbum
678 2623 749 2656 quod
764 2619 874 2656 nutrit,
888 2627 916 2648 et
931 2619 991 2649 ver-

206 2657 269 2685 bunt
283 2657 356 2692 quod
368 2655 486 2684 laetiﬁcat
504 2656 571 2685 cor?
586 2666 595 2682 ι
608 2655 774 2692 νΤιῇειβιιίιιι
797 2657 841 2684 hic
861 2655 991 2692 Origenes

207 2699 268 2719 cum
285 2691 420 2720 veteribus
430 2692 590 2726 quibusdam
606 2691 632 2717 iu
647 2691 815 2718 Eucharistia
832 2691 988 2726 distinguit:

208 2734 305 2760 nempe
315 2728 433 2761 speciem
452 2731 590 2753 externam
608 2726 731 2753 sensibus
748 2726 897 2759 subiectam
909 2735 917 2759 ;
930 2726 991 2753 sub-

209 2762 335 2788 stantiam
366 2763 437 2789 intus
463 2761 610 2792 latentem,
639 2766 667 2787 et
699 2761 756 2789 solo
782 2761 842 2790 lidei
869 2761 990 2788 contuitu

207 2796 414 2831 aspectabilem;
438 2801 465 2823 et
494 2796 634 2831 mysticam
659 2796 802 2830 quamdam
831 2795 992 2823 saeramenti

207 2830 444 2864 signiﬁcationem.
466 2831 506 2858 Ad
523 2830 628 2864 partem
654 2835 791 2858 externam
809 2831 895 2858 oculis
909 2838 991 2865 appa-

208 2869 310 2893 rentem
341 2870 368 2892 et
388 2864 488 2893 Christi
508 2865 632 2892 manibus
652 2869 847 2892 contrectatam
872 2864 992 2901 respicit,

1044 2272 1153 2298 tenebat
1177 2271 1205 2298 in
1225 2270 1358 2303 manibus,
1391 2278 1490 2303 corpus
1517 2277 1595 2296 suum
1621 2271 1729 2298 dicebat
1758 2270 1831 2299 Deus

1046 2306 1172 2333 Verbum.
1184 2325 1192 2332 .
1206 2324 1213 2333 .
1222 2323 1230 2332 .
1243 2304 1299 2332 Nec
1314 2310 1404 2340 potum
1418 2304 1491 2332 illum
1505 2305 1647 2338 visibilem,
1667 2307 1828 2340 sanguinem

1043 2349 1122 2369 suutn
1143 2340 1283 2368 dicebat»
1312 2340 1496 2368 Substantiatn
1524 2340 1574 2375 sub
1601 2345 1714 2367 externa
1737 2342 1829 2375 sperie

1044 2376 1170 2403 latentem
1197 2381 1290 2410 aperte
1316 2375 1439 2409 designat
1466 2379 1520 2402 tum
1544 2374 1829 2410 hisﬁprtecedentihus

1043 2411 1154 2438 verbis:
1171 2420 1180 2436 ι
1195 2409 1274 2445 Panis
1297 2410 1350 2438 iste
1373 2417 1453 2445 quem
1483 2410 1554 2437 Deus
1584 2409 1701 2437 Verbum
1727 2417 1828 2444 corpus

1044 2453 1121 2473 suum
1136 2453 1196 2472 esse
1209 2444 1353 2472 fatetur....
1370 2444 1397 2472 et
1410 2449 1488 2479 potus
1505 2445 1554 2472 iste
1574 2451 1653 2479 quem
1672 2445 1745 2472 Deus
1762 2445 1830 2473 Ver-

1041 2481 1105 2508 bum
1136 2480 1293 2515 sangttinem
1319 2487 1397 2508 suum
1420 2479 1518 2507 fatetur
1534 2488 1567 2515 ε)
1587 2485 1643 2507 ιυιιι
1668 2480 1712 2507 bis
1733 2481 1829 2508 subse-

1041 2516 1148 2550 quentis
1173 2513 1278 2542 articuli
1295 2523 1302 2543 :
1320 2525 1329 2541 ι
1343 2515 1375 2541 Ει
1389 2515 1506 2542 ostendit
1522 2513 1633 2550 (Jesus)
1649 2515 1760 2549 quando
1781 2523 1829 2544 eos

1042 2551 1118 2613 Sigei
1124 2550 1209 2585 pulos)
1223 2550 1273 2576 hoc
1283 2557 1351 2590 pane
1363 2550 1457 2582 nutrit,
1470 2550 1607 2590 proprium
1617 2557 1678 2577 esse
1692 2557 1826 2585 corpus...

1082 2586 1142 2612 inde
1156 2585 1270 2612 docebat
1286 2585 1432 2613 dtscmulos
1444 2603 1452 2613 .
1475 2593 1568 2613 (Iun...
1592 2585 1826 2613 manducaveranl

1082 2586 1142 2612 inde
1156 2585 1270 2612 docebat
1286 2585 1432 2618 discipulos
1444 2603 1452 2616 .
1475 2585 1568 2619 qui....
1592 2585 1829 2613 manducaverant

1043 2628 1141 2655 corpus
1166 2619 1255 2655 Verbi,
1270 2628 1280 2646 ι
1311 2625 1366 2646 etc.
1391 2620 1510 2654 Denique
1535 2620 1568 2646 de
1591 2620 1706 2654 mystica
1731 2628 1826 2648 sacra-

1042 2655 1126 2682 menti
1144 2654 1350 2689 signiticatioue,
1364 2662 1412 2689 per
1434 2659 1518 2681 totutn
1540 2654 1684 2681 articulum
1705 2655 1826 2687 disserit,

1041 2691 1123 2717 verba
1143 2688 1510 2725 institutionisEucharistite
1531 2689 1676 2723 allegorice
1689 2689 1826 2725 interpre-

1041 2725 1123 2752 tantlo
1135 2725 1168 2751 de
1184 2724 1270 2751 Verbo
1282 2724 1328 2751 Dei
1340 2745 1346 2756 ,
1358 2725 1435 2759 Aquod
1451 2724 1539 2751 instar
1553 2725 1692 2757 cujusdam
1707 2724 1788 2759 panis
1800 2730 1827 2753 et

1042 2765 1122 2794 potus
1137 2759 1256 2786 ctelestis
1271 2768 1281 2786 ‹
1294 2757 1380 2787 nutrit
1394 2764 1421 2787 et
1433 2759 1561 2794 laetiﬁcat,
1578 2764 1652 2794 potat
1664 2764 1692 2786 et
1708 2757 1826 2788 inebriat

1043 2793 1171 2828 praeclare
1196 2794 1276 2821 corda
1303 2794 1483 2828 bibentium.»
1517 2793 1631 2821 Sanctus
1656 2795 1825 2828 Augustinus

1043 2827 1168 2856 sermone
1179 2828 1241 2859 272,
1261 2829 1294 2856 ad
1313 2827 1443 2860 Infantes.
1464 2829 1557 2857 eodem
1580 2829 1635 2856 fere
1657 2827 1748 2860 modo,
1772 2838 1826 2864 quo

1044 2864 1089 2892 hic
1104 2864 1244 2899 Origenes,
1254 2864 1402 2892 disseritde
1412 2864 1504 2892 altaris
1518 2869 1687 2892 sacramento
1702 2873 1710 2891 ε
1724 2872 1734 2890 ι
1746 2864 1824 2899 Quod
