1927 3076
95 130 164 159 1081

519 134 804 164 οιιιςεΝιΑΝοιιυΜ
824 136 889 166 LIB.
909 136 942 170 ll,
964 137 1040 165 CAP.
1062 138 1095 170 ll,
1117 137 1256 171 QUEST.
1274 137 1344 165 XIV.

1650 140 1718 167 loss
1742 167 1754 180 λ

94 191 139 214 est
162 187 335 240 otttrltorit'tm
351 188 514 240 anima-rum,
531 190 648 219 Verbum
662 191 697 219 de
718 191 774 220 Deo
788 193 877 220 Verbo
891 196 916 224 Α
927 193 1037 221 edocuit
1051 203 1057 221 :
1071 193 1119 221 sed
1137 199 1165 222 tu
1182 193 1227 228 qui
1238 193 1272 221 ad
1291 193 1427 222 Christum
1445 194 1553 230 venisti,
1565 196 1730 240 pontiﬁcem;

93 233 262 268 procedens,
281 239 310 261 et
326 234 405 269 panis
425 235 458 262 de
486 242 557 270 pane
583 236 703 269 ctelesti,
721 245 732 262 ο
747 242 815 270 etc.,
839 237 884 265 cui

92 278 246 306 consimilia
264 280 384 314 reperire
399 284 441 307 est
455 280 548 308 homil.
565 280 581 307 7
602 281 630 308 in
646 280 741 314 Levia,
764 290 839 311 nunt.
853 283 882 316 5,

93 325 129 352 ab
154 324 311 352 Hermanno
331 325 416 354 Bodio
441 326 469 353 in
492 326 666 355 Callectotteis
688 328 820 357 adversus
837 337 884 357 ca-

93 369 225 396 tholicam
243 370 396 397 doctrinam
417 376 563 406 usurpata:
589 379 650 399 natu
669 373 692 400 si
710 373 787 408 juxta
811 373 884 402 litto-

94 423 153 442 ram
184 415 211 443 id
231 416 395 443 sumendum
421 422 565 452 putamus,
591 424 622 446 ut
644 421 805 447 sumendum
827 421 884 449 vult

94 464 210 495 martyr,
230 460 366 493 quomodo
386 461 464 496 panis
489 461 534 489 ille
558 463 604 497 qui
627 465 747 491 cenanti
771 465 882 493 Christo

88 504 200 531 oblatus
228 509 289 536 est,
323 504 423 533 fractus
459 511 488 533 et
519 507 659 541 discipulis
702 509 880 542 distributus,

87 555 230 584 quemque
252 557 331 577 suum
355 557 415 578 esse
436 559 535 587 corpus
552 553 622 580 dixit
650 554 786 587 Christus,
815 555 881 583 nihil

88 594 164 622 aliud
191 599 234 622 est
260 603 362 630 quam,
388 597 491 624 rubum
514 599 661 625 (mimarum
688 600 881 634 nutritorittm~,

87 640 161 672 quod
175 641 312 668 contendit
326 641 444 669 Badius?
458 643 599 676 Quomodo
612 644 689 678 pattis
711 644 766 677 ille,
784 653 881 673 secun-

87 685 154 712 dum
174 686 201 712 id
212 687 283 721 quod
299 693 332 713 ex
348 688 461 715 materia
480 693 638 716 concretum
661 689 751 722 habet,
770 691 795 718 in
814 698 880 720 ven-

88 735 160 758 trem
179 731 245 765 abit,
263 737 291 758 et
311 732 337 759 iu
363 739 500 761 secessum
520 733 637 767 cjicitur,
660 740 689 762 ut
705 743 738 764 ex
755 735 879 770 Origenis

88 780 165 803 torno
191 784 220 803 ιι
243 777 270 804 in
291 777 401 811 Matth"
425 785 500 806 ttum.
525 778 570 811 14,
588 779 720 813 objecisse
734 779 878 816 Martyrem

86 830 173 858 supra
186 823 350 857 notavimus,
368 824 390 851 si
405 824 481 860 panis
494 825 538 853 ille
552 834 563 851 ι
577 825 695 853 Verbum
717 831 759 854 est
773 827 876 855 anima-

934 246 1042 271 verum,
1059 238 1105 273 qui
1119 239 1251 273 sanguine
1263 246 1313 266 suo
1326 238 1409 270 Deum
1422 239 1470 267 tibi
1487 241 1632 276 propitium
1643 241 1716 275 fecit,

932 289 960 312 et
986 283 1172 312 reconciliavit
1195 288 1221 311 te
1246 284 1333 317 Patri,
1357 293 1410 313 non
1428 286 1531 317 lmreas
1547 286 1574 314 in
1588 287 1718 322 sanguine

923 330 1035 361 .carnis.
1049 331 1095 357 sed
1106 330 1181 357 disce
1194 330 1287 365 potius
1308 331 1470 366 sanguinem
1489 331 1581 365 Verbi,
1604 337 1631 360 et
1654 326 1716 361 audi

931 374 1018 410 ipsum
1031 375 1079 402 tibi
1098 375 1242 409 dicentem,
1264 376 1326 411 quia
1341 376 1382 403 hic
1401 377 1508 411 sanguis
1523 385 1596 404 metu
1606 382 1654 411 est,
1670 378 1716 413 qui

929 428 977 454 pro
1000 421 1069 448 vobis
1089 421 1237 456 effundatur
1254 421 1283 448 its
1293 421 1467 449 remissionem
1477 423 1684 455 peccatorum".
1699 431 1711 457 Is

933 465 1030 500 Agitur
1049 465 1101 494 hoc
1120 466 1179 495 loco
1196 466 1229 494 de
1247 466 1388 494 sacriﬁciis
1402 466 1535 502 Mosaicis,
1554 475 1615 503 qua
1630 467 1715 503 ﬁgura

930 515 1009 540 erant
1024 511 1121 539 mortis
1134 511 1234 542 Christi
1252 512 1378 545 :idcirco
1402 520 1454 540 non
1475 513 1628 542 haerendum
1646 515 1715 542 scri-

929 555 971 584 bit
989 556 1122 592 Origenes
1135 558 1161 586 in
1175 558 1303 593 sanguine
1316 558 1416 591 carnis,
1434 558 1485 585 hoc
1507 563 1547 585 est
1562 559 1587 587 in
1606 559 1714 587 sacriﬁ-

930 603 981 630 ciis
991 603 1156 632 Testantenti
1176 603 1290 637 Veteris,
1302 604 1347 631 sed
1365 609 1481 633 mentem
1501 605 1534 632 ad
1557 605 1713 640 sanguinem

920 648 1043 682 .Christi,
1064 654 1092 677 et
1108 649 1274 678 sacriﬁcium
1293 657 1369 678 novre
1391 650 1456 686 legis
1469 657 1530 678 esse
1549 651 1713 686 erigendum.

930 694 997 728 Quis
1010 695 1053 722 ltic
1070 696 1232 723 cavillationi
1253 696 1348 725 locus?

964 740 1106 776 Sumptqu
1118 749 1133 768 e
1145 741 1213 768 libro
1223 750 1272 770 vut
1283 747 1373 770 contra
1384 742 1453 770 Cels.
1469 750 1543 770 num.
1557 743 1602 774 35,
1611 747 1715 778 postre-

921 796 1001 819 ,mum
1015 787 1141 822 Origeuis
1159 789 1345 819 testimonium
1364 789 1404 821 sie
1418 797 1448 817 se
1467 789 1565 817 habet:
1580 789 1673 824 Ἡμεῖς
1686 789 1714 817 δὲ

928 832 966 867 τῷ
981 832 1026 859 τοῦ
1042 833 1142 865 παντὸς
1156 833 1318 869 Δημιουργῷ
1335 833 1566 870 εὐχαριστοῦντες,
1582 834 1629 861 καὶ
1652 834 1714 866 τοὺς

87 877 150 896 rum
168 870 341 897 nutritorium
352 870 383 898 2»
395 869 475 898 Certe
489 875 544 899 tota
553 871 610 900 hac
624 871 748 907 Origeuis
762 873 795 902 de
806 882 870 910 pane

929 879 988 914 μετ’
1013 879 1188 914 εὐχαριστίας
1214 880 1261 907 καὶ
1283 880 1365 916 εὐχῆς
1394 869 1514 918 σέῆςηὲπὶ
1534 881 1591 912 τοῖς
1614 879 1714 909 δοθεῖσι

85 915 135 942 illo
167 915 320 943 dissertatio
352 920 460 945 tractat.
483 916 518 945 55
550 918 578 944 in
606 917 704 947 Matth.
729 919 873 954 allegorica

84 965 140 990 est.
167 960 223 988 Nec
247 961 360 989 validius
390 967 441 995 est,
458 963 530 998 quod
550 962 614 991 hinc
635 964 734 999 colligit
760 970 872 1000 martyr,

84 1014 189 1040 corpus
197 1007 298 1034 Christi
307 1015 366 1035 esse
381 1015 487 1042 panem,
501 1017 562 1036 curn
572 1010 711 1044 scripserit
721 1009 850 1045 Origenes
863 1019 871 1038 :

86 1062 98 1078 ι
117 1052 198 1081 Panis
215 1054 276 1084 iste,
289 1062 369 1088 quem
386 1054 455 1082 Deus
471 1053 589 1082 Verbum
604 1063 702 1090 corpus
716 1064 794 1084 suum
813 1063 873 1087 esse

87 1098 202 1126 fatetur.
219 1108 228 1125 ι
242 1099 324 1127 Panis
350 1100 422 1127 enim
448 1099 546 1128 dicitur
564 1107 662 1135 corpus
678 1100 790 1135 Christi,
809 1103 873 1137 quia

83 1145 167 1180 panis
182 1145 250 1178 fuit,
266 1151 294 1173 et
305 1153 377 1173 nunc
399 1153 508 1181 quoque
521 1153 581 1174 cttm
595 1154 694 1182 corpus
707 1146 808 1175 Christi
819 1152 870 1182 est,

84 1191 166 1225 panis
189 1191 305 1226 speciem
325 1192 404 1228 gerit.
427 1191 496 1220 llinc
515 1193 666 1228 appellatur
690 1194 772 1222 etiam
791 1195 873 1232 ἄρτος

83 1237 277 1272 ἀγιαξόμινος,
310 1243 337 1265 et
363 1243 534 1267 consecratus
549 1239 650 1273 panis,
676 1239 729 1267 hoc
759 1244 818 1273 est,
844 1244 873 1268 ιιι

84 1283 127 1310 sic
155 1282 260 1318 loquar,
292 1284 370 1318 panis
401 1283 671 1312 transsubstaotiatus
714 1285 741 1313 in
773 1292 872 1320 corpus

82 1328 198 1359 Christi.

120 1375 299 1410 Apertissinta
320 1384 384 1404 vero
399 1376 451 1404 loci
473 1376 545 1404 tertii
560 1377 706 1410 sententia,
722 1382 751 1405 ut
766 1377 868 1405 frustra

81 1428 146 1448 eam
163 1429 290 1456 perversa
302 1422 482 1456 explicatione
494 1430 670 1457 corrumpere
686 1422 790 1458 Martyr
804 1430 871 1450 con-

83 1468 187 1496 tendat.
203 1467 276 1495 Talis
292 1468 336 1496 ille
349 1474 390 1496 est
406 1468 496 1496 homil.
510 1469 527 1497 9
549 1469 577 1496 in
603 1468 697 1500 Leuit..
713 1477 789 1497 num.
806 1469 840 1497 10
861 1478 869 1496 :

86 1522 96 1538 ι
113 1513 190 1541 ltilus
206 1514 314 1548 quidem
326 1515 395 1549 apud
404 1519 507 1542 veteres
515 1515 712 1550 propitiationis
726 1523 774 1550 pro
789 1516 871 1544 homi-

927 925 1148 960 προσαγομένους
1172 925 1271 960 ἄρτους
1285 926 1421 962 ἐσθίομεν,
1449 927 1530 962 σῶμα
1551 926 1714 961 γενομένους

926 969 970 996 διὰ
981 969 1030 1006 τὴν
1045 970 1216 1006 εὐχὴν,ἆγιόν
1232 980 1267 1004 τι,
1281 973 1327 1000 καὶ
1341 971 1453 1007 ἁγιάζον
1468 973 1530 1004 τοὺς
1549 972 1608 1008 μεθ’
1621 971 1713 1006 ὑγιοῦς

927 1016 1082 1052 προθέσεως
1101 1017 1175 1052 αὐτῷ
1196 1017 1362 1053 χρωμένους.
1382 1028 1392 1045 ‹
1411 1018 1465 1046 Nos
1482 1026 1546 1046 vero
1563 1019 1608 1054 qui
1627 1019 1713 1052 .hujua

919 1061 1116 1091 universitatis
1129 1061 1270 1089 Couditori
1286 1063 1387 1098 gratias
1402 1063 1518 1098 agimus,
1543 1070 1604 1090 cum
1626 1063 1713 1099 preci-

925 1106 977 1134 bus
995 1110 1023 1134 et
1040 1106 1190 1141 gratiarum
1205 1107 1314 1135 actione
1329 1107 1436 1138 oblatos
1449 1108 1554 1136 edimus
1572 1116 1655 1143 panes
1665 1109 1712 1144 qui

927 1156 1037 1188 propter
1053 1152 1204 1180 orationem
1224 1152 1292 1181 ﬁunt
1312 1160 1411 1188 corpus
1429 1153 1564 1188 quoddam
1588 1159 1711 1181 sanctum

924 1198 998 1233 quod
1022 1205 1089 1226 sano
1117 1199 1258 1232 proposito
1285 1196 1513 1226 manducantibus
1540 1199 1710 1226 sanctitatem

924 1244 1050 1280 largitur.
1063 1254 1074 1272 s
1090 1244 1197 1272 Celsum
1213 1244 1310 1272 refellit
1329 1244 1474 1280 Origenes,
1489 1244 1534 1280 qui
1555 1244 1636 1283 rebus
1650 1244 1711 1271 uni-

924 1290 1013 1318 versis
1029 1289 1172 1325 praelectos
1188 1297 1247 1317 esse
1272 1291 1407 1318 daemones
1430 1283 1555 1322 ccusens,
1582 1296 1711 1325 qutecun-

923 1343 979 1371 que
992 1336 1026 1363 ad
1042 1335 1142 1362 victum
1154 1327 1319 1370 comparant
1338 1335 1474 1366 homines,
1490 1340 1656 1368 quacunque
1667 1332 1710 1361 vel

923 1382 1028 1409 edendo
1049 1381 1090 1409 vel
1114 1381 1230 1409 bibendo
1255 1385 1433 1414 consumunt,
1467 1380 1575 1415 fruges,
1599 1380 1708 1412 vinum,

924 1427 1023 1455 baccas
1039 1427 1180 1460 arborum,
1197 1435 1295 1462 aquam
1311 1447 1319 1459 ,
1337 1432 1365 1454 et
1379 1426 1465 1461 ipsum
1481 1432 1589 1460 quoque
1606 1432 1708 1457 aerem,

924 1480 940 1500 a
954 1472 1120 1511 daemonibus
1142 1473 1267 1506 accipere
1280 1472 1486 1504 arbitrabatur;
1511 1470 1659 1511 multisque
1682 1470 1708 1497 itt

924 1518 1092 1545 contrariam
1111 1518 1236 1551 adductis
1251 1518 1413 1554 sententiam
1420 1537 1441 1550 ν..
1450 1517 1588 1547 concludit
1601 1517 1707 1552 tandem

82 1559 164 1587 uibus
185 1559 231 1595 qui
261 1560 341 1588 ﬁebat
362 1561 395 1588 ad
422 1560 524 1595 Deum,
543 1560 661 1597 qualiter
686 1553 906 1590 celebrareturc
924 1561 1101 1590 Adamantius
1122 1570 1206 1598 panes
1224 1553 1270 1597 qui
1294 1563 1371 1591 nobis
1393 1563 1427 1590 ad
1448 1564 1524 1590 e'sum
1545 1562 1706 1595 oﬁ‘eruutur,

119 1630 144 1648 "
161 1630 255 1659 Matth.
270 1638 344 1664 ηπ,
360 1630 406 1659 28.

83 1701 193 1732 videtis,
209 1700 307 1737 inquit,
327 1701 404 1734 panis
417 1705 457 1729 est
469 1706 496 1729 et
511 1702 593 1735 calix,
610 1702 681 1737 qttod
700 1702 777 1730 vobis
787 1703 869 1731 etiam

82 1736 262 1772 oculirvesll'i
292 1737 465 1765 renuntiant:
481 1738 553 1772 quod
577 1736 666 1765 autem
689 1738 755 1765 lides
778 1742 868 1765 vestra

81 1771 202 1807 postulat
214 1772 379 1807 nisti-uetula,
396 1772 473 1805 panis
492 1771 533 1799 est
548 1779 646 1807 corpus
668 1772 782 1802 Christi.
796 1772 867 1800 calix

82 1805 194 1841 sanguis
210 1805 322 1835 Christi.
343 1805 465 1834 Breviter
486 1805 602 1841 quidem'
619 1807 670 1835 ltoc
693 1807 794 1834 diclttm
815 1812 867 1840 est,

82 1842 157 1874 quod
176 1842 237 1868 tldei
258 1841 326 1868 forte
349 1841 463 1869 suﬁiciat
480 1851 487 1869 :
502 1842 550 1869 sed
571 1842 639 1869 ﬁdes
663 1842 867 1870 instructionem

82 1876 232 1903 desiderat.
257 1875 327 1903 Dicit
340 1875 411 1903 enim
431 1876 564 1911 Propheta
581 1885 589 1905 :
606 1875 669 1904 Nisi
686 1877 866 1910 credideritis,

83 1919 142 1947 non,
153 1910 347 1947 illul/lydia...
362 1910 453 1947 Potest
465 1910 537 1939 enim
552 1911 587 1947 in,
600 1913 692 1939 animo
705 1912 864 1947 cujusquam

82 1946 212 1982 cogitatio
226 1946 285 1982 talis
303 1946 454 1982 suboriri...
472 1946 606 1980 quomodo
618 1952 659 1974 est
673 1947 749 1982 panis
769 1955 868 1982 corpus

81 1981 162 2014 eius!
173 1985 201 2016 et
215 1980 296 2016 calix,
306 1981 357 2016 ivel
375 1982 445 2015 quod
467 1982 548 2008 habet
567 1981 648 2014 calix,
669 1980 805 2016 quomodo
819 1980 864 2010 est

80 2015 195 2051 sanguis
210 2014 286 2050 eius?
306 2014 506 2048 lsta,'i'ratres.
533 2016 595 2044 ideo
621 2014 748 2045 dicuntur
770 2019 864 2044 sac‘ra-

83 2057 187 2081 menta,
207 2051 268 2084 quia
290 2052 314 2078 itt
329 2051 370 2078 eis
383 2051 454 2078 aliud
473 2052 588 2084 videtur,
604 2051 674 2079 aliud
697 2051 863 2086 intelligitur.

82 2086 161 2120 Quod
182 2085 298 2116 videtur.
326 2085 443 2120 speciem
473 2086 554 2114 habet
587 2086 753 2120 corporalem
771 2095 778 2114 :
793 2087 864 2120 quod

108 2093 161 2113 υοα
182 2093 298 2116 Vltlellll'.
326 2093 443 2116 SDCCICIII
473 2093 554 2114 navet
587 2093 753 2116 corporalem
771 2095 778 2114 ε
793 2094 828 2116 (ΙΙΙ

84 2093 161 2120 Quod
182 2093 298 2116 vntetur.
326 2093 443 2120 spectem
473 2093 554 2114 nauet
587 2093 753 2121 corporalem
771 2095 778 2114 :
793 2093 864 2121 quod

84 2120 385 2157 intelligitur,fructum
402 2121 485 2148 habet
500 2122 661 2157 spiritalem.
676 2122 780 2157 Corpus
800 2129 865 2157 ergo

80 2155 184 2184 Christi
203 2155 226 2182 si
242 2155 280 2190 vis
302 2155 460 2189 intelligere,
481 2156 636 2190 Apostolum
650 2157 712 2184 audi
731 2155 864 2184 dicente—ut

82 2190 208 2218 ﬁdelibus
224 2198 232 2218 :
251 2189 303 2217 Vos
320 2195 407 2217 autem
419 2192 479 2218 estis
493 2189 587 2225 corpus
601 2191 698 2218 Christi
712 2196 736 2218 et
750 2192 865 2218 membra

82 2217 110 2261 (1
124 2225 187 2253 Cor.
204 2233 254 2258 xu,
270 2224 333 2260 27).
348 2224 377 2253 Si
391 2233 455 2259 ergo
469 2217 518 2253 vos
528 2217 593 2253 e'stis
605 2217 703 2261 corpus
715 2217 821 2261 Christi
841 2217 869 2253 et
883 2217 905 2245 υ

82 2261 217 2292 membra,
245 2260 402 2295 mysterium
427 2266 545 2288 vestrum
566 2261 592 2288 in
617 2260 709 2289 mensa
729 2260 869 2288 Dominica

82 2296 286 2331 positumrest:
305 2296 471 2331 mysterium
483 2300 601 2322 vestrum
627 2296 763 2331 accipitis.
780 2296 821 2323 Ad
843 2297 869 2323 id

81 2330 154 2365 quod
165 2330 242 2362 estis,
258 2331 342 2357 Amen
357 2330 540 2365 reapondetis.
556 2335 583 2357 et
598 2330 784 2364 respondendo
800 2333 866 2358 sub¢

81 2364 214 2392 scribitis.
232 2365 316 2392 Audis
341 2364 428 2400 enim),
453 2372 551 2399 corpus
573 2365 690 2399 Christi;
710 2370 737 2392 et
757 2373 868 2400 respon-

81 2401 142 2432 des,
157 2400 254 2428 Amen.
282 2400 517 2435 listoimembrum
541 2401 664 2435 corporis
693 2400 807 2431 Cltristi,
840 2405 869 2428 ut

82 2442 179 2461 verum
191 2434 230 2470 sit
242 2443 330 2462 amen.
347 2434 436 2467 Quare
452 2443 517 2470 ergo
531 2435 558 2462 in
575 2434 664 2470 pane?
686 2435 758 2462 Nihil
777 2436 821 2463 hic
834 2435 869 2463 de

83 2475 179 2497 nostro
193 2469 338 2496 alleramus
353 2479 360 2497 :
377 2469 462 2504 ipsum
486 2469 644 2505 Apostolum
659 2470 805 2497 identidem
819 2478 868 2497 au-

82 2505 203 2539 diamus,
225 2505 269 2539 qui
295 2512 356 2531 cum
383 2506 415 2530 de
439 2505 489 2531 isto
508 2510 679 2532 sacramento
702 2505 866 2539 loqueretur,

81 2540 121 2565 ait
134 2545 143 2566 τ
161 2538 240 2566 Unus
254 2540 343 2573 panis,
355 2547 436 2565 unum
449 2547 542 2572 corpus
564 2539 639 2566 multi
653 2538 744 2566 sumus
758 2539 784 2573 tl
804 2540 865 2568 Cor.

83 2581 112 2605 x,
137 2574 208 2609 l7);
233 2574 387 2609 intelligitei
405 2579 433 2601 et
454 2576 584 2608 gaudete;
615 2576 722 2608 unitas,
751 2575 866 2609 veritas,

83 2610 188 2644 pietas,
202 2608 337 2644 icltaritas’.
367 2608 441 2636 Unus
456 2610 532 2644 panis
550 2619 556 2637 :
574 2609 634 2643 quis
659 2614 701 2638 est
726 2610 776 2637 iste
798 2617 866 2637 unus

83 2643 186 2678 panis?
201 2643 288 2671 Unum
301 2651 398 2678 curptts
414 2643 500 2670 tttulti.
516 2644 636 2672 Becohte
649 2645 710 2679 quia
726 2644 802 2679 panis
813 2652 866 2672 non

85 2679 121 2706 sit
135 2679 168 2706 de
186 2686 240 2705 uno
253 2685 347 2712 grano,
364 2679 411 2705 sed
426 2679 459 2705 de
482 2680 582 2708 multis.
597 2679 710 2712 Quando
727 2679 866 2707 exorciza-

84 2713 196 2746 bumini,
210 2714 286 2747 quasi
311 2713 491 2742 molebamini.
514 2714 626 2747 Quando
648 2715 773 2748 baptizati
788 2715 865 2745 estis.

84 2748 163 2782 quasi
171 2749 311 2790 conspersi
323 2748 660 2790 estis._Qua.ttdo‘Spit-itus
675 2749 763 2790 sancti
777 2749 864 2790 ignem

84 2783 240 2817 accepistis,
253 2783 330 2817 quasi
347 2783 506 2818 coclireslis.
522 2783 615 2810 Estotc
627 2785 699 2818 quod
717 2783 824 2817 videtis,
838 2788 866 2811 et

84 2818 201 2853 accipite
217 2818 287 2852 quod
307 2818 382 2845 estis.
404 2817 458 2845 lloc
471 2818 614 2852 Apostolus
635 2817 669 2846 de
685 2826 754 2853 pane
776 2819 863 2847 dixit:

84 2851 152 2881 Jam‘
165 2854 200 2881 de
212 2851 296 2880 calice
312 2853 376 2887 quid
393 2851 618 2888 intelligeremus,
633 2851 713 2882 etiam
736 2862 788 2882 non
821 2854 864 2881 di-

909 1876 966 1907 .lite
975 1885 1009 1903 un

922 1707 1007 1735 ctum,
1020 1702 1087 1730 satis
1099 1701 1225 1729 ostendit.
1241 1698 1315 1729 Sicut
1327 1698 1404 1729 'enim
1420 1704 1449 1729 ut
1466 1698 1501 1729 sit
1518 1699 1623 1736 species
1639 1698 1706 1729 visi-

922 1737 983 1764 bilis
1010 1737 1097 1772 panis,
1124 1737 1207 1772 multa
1228 1736 1354 1772 granario
1379 1745 1459 1763 unum
1480 1742 1706 1771 consperguntur,

923 1771 1050 1806 tanquam
1065 1771 1128 1806 illud
1146 1771 1204 1801 ﬁat.
1219 1771 1289 1806 quod
1313 1771 1346 1799 de
1366 1771 1489 1798 ﬁdelibus
1506 1772 1543 1798 ait
1563 1772 1705 1806 Scriptura

921 1805 1014 1835 sancta
1039 1814 1048 1833 :
1072 1805 1138 1833 Erat
1164 1805 1218 1832 illis
1241 1806 1330 1833 anima
1357 1814 1420 1838 una,
1449 1811 1475 1833 st
1496 1814 1542 1833 cor
1572 1805 1653 1833 unum
1675 1807 1705 1834 ia

920 1841 1004 1883 {hum
1013 1842 1097 1903 ἁΑςι.
1113 1847 1151 1882 tv,
1167 1840 1239 1874 52):
1262 1841 1302 1868 sic
1320 1841 1391 1868 etde
1405 1841 1478 1868 vino.
1494 1841 1613 1872 Fratres,
1629 1848 1705 1873 reco-

920 1876 966 1903 ltte
975 1885 1009 1903 un
1031 1884 1046 1903 e
1056 1877 1085 1903 ltt
1100 1883 1201 1902 Vinum.
1211 1874 1300 1903 Grana
1312 1875 1395 1902 multa
1408 1876 1526 1903 pendent
1535 1877 1569 1903 ad
1584 1877 1702 1903 botrum.

1031 1884 1046 1903 e
1056 1877 1085 1903 lit
1100 1876 1201 1902 vinum.
1211 1874 1300 1903 Grana
1312 1875 1395 1902 multa
1408 1876 1526 1910 pendent
1535 1877 1569 1903 ad
1584 1877 1702 1908 botrum.

918 1911 965 1938 sed
978 1910 1066 1946 liquor
1077 1918 1229 1946 granorum
1249 1910 1275 1937 itt
1291 1911 1395 1937 unitate
1416 1911 1601 1938 confunditur.
1624 1910 1661 1937 lta
1675 1916 1703 1939 et

918 1945 1050 1973 Dominus
1066 1945 1188 1973 Christus
1205 1952 1254 1972 nos
1267 1945 1446 1980 signiﬁcavit,
1470 1953 1519 1972 nos
1538 1948 1572 1972 ad
1592 1953 1621 1973 se
1641 1952 1703 1979 per-

919 1981 1006 2017 tinere
1027 1981 1132 2014 voluit;
1155 1980 1312 2017 mysterium
1335 1981 1410 2017 potis
1424 1986 1451 2008 et
1469 1981 1582 2007 unitatis
1595 1985 1703 2017 nostra

919 2016 946 2044 in
963 2024 1012 2043 sua
1034 2024 1127 2044 mensa
1151 2014 1349 2043 consecravit.)
1375 2014 1432 2043 Hoc
1454 2021 1556 2042 tantum
1575 2015 1704 2043 diil'erunt

917 2051 1085 2086 Augustinus
1113 2055 1140 2078 et
1163 2050 1306 2085 Origenes,
1333 2051 1404 2085 quod
1434 2050 1503 2077 alter
1523 2051 1701 2086 symbolicant

919 2085 1039 2122 mysterii
1063 2086 1242 2114 Eucharistici
1265 2085 1490 2122 signiﬁcationem
1509 2085 1542 2112 ad
1569 2085 1700 2112 unitatem

920 2121 1037 2148 ﬁdelium
1050 2122 1076 2149 in
1090 2128 1144 2149 uno
1159 2121 1308 2156 eodemque
1322 2121 1422 2149 Christi
1439 2127 1552 2156 corpore
1573 2122 1701 2156 mystico.

920 2128 1037 2148 uuettutn
1050 2129 1076 2149 tn
1090 2128 1144 2149 uno
1159 2128 1308 2154 eodemque
1322 2128 1422 2149 ωπιειι
1439 2128 1552 2182 cuipam
1573 2128 1700 2156 tuysttco.

919 2156 989 2183 alter
1001 2164 1064 2183 vero
1074 2156 1110 2195 ad
1120 2156 1230 2183 verbum
1245 2155 1292 2195 [lci
1307 2155 1446 2195 deﬂectat.
1500 2161 1593 2190 terque
1616 2155 1700 2195 ipsam

919 2192 1080 2218 Sacratnenti
1106 2197 1230 2217 naturqu
1253 2190 1374 2218 lidelibus
1393 2191 1460 2218 satis
1482 2189 1572 2217 notam
1590 2189 1698 2217 nonnisi

920 2225 1015 2253 leviter
1025 2231 1053 2253 et
1069 2226 1145 2261 quasi
1162 2227 1187 2253 itt
1209 2225 1321 2252 transitu
1345 2225 1559 2261 attittgit,_unice
1580 2228 1700 2261 attentus

920 2261 962 2297 ad,
977 2259 1107 2297 mysticas
1128 2261 1248 2288 rationes
1273 2261 1442 2297 aperiendas.
1469 2259 1516 2288 llis
1540 2259 1698 2297 pmutissis,

919 2296 984 2330 qttid
995 2294 1028 2323 ad
1040 2303 1150 2323 causam
1163 2303 1240 2322 suam
1255 2295 1470 2323 cuniirmundam
1485 2303 1518 2323 ex
1537 2294 1587 2323 hac
1600 2294 1699 2330 Orige-

919 2331 962 2366 ttis
978 2330 1104 2366 allegoria
1125 2337 1220 2366 eruere
1240 2335 1340 2364 queatut
1362 2331 1517 2358 hcterodoxi
1534 2338 1586 2358 nott
1611 2331 1698 2366 video.

919 2364 949 2392 Si
959 2364 1090 2393 enim‘hic
1104 2365 1265 2393 excludatur
1286 2365 1399 2399 quilibet
1414 2373 1510 2393 sensus
1523 2370 1621 2400 praeter
1637 2364 1701 2391 alle-

918 2400 1051 2435 goricum,
1068 2400 1220 2435 excluditur
1231 2400 1353 2434 profecto
1373 2400 1698 2435 Calviniauusdeiﬁgura,

919 2434 992 2472 typo,
1018 2435 1120 2472 virtute
1131 2439 1159 2462 et
1173 2434 1291 2462 elllcncia
1307 2436 1429 2472 corporis
1447 2435 1560 2463 Christi.
1575 2434 1699 2472 __Si’ve_ro

918 2468 987 2497 alius
1008 2469 1169 2504 supponitur
1192 2477 1306 2503 sensus,
1331 2468 1423 2505 utique
1455 2477 1551 2497 sensus
1575 2468 1699 2497 litteralis

918 2505 1127 2536 Catltolicorum,
1144 2511 1223 2539 quem
1245 2505 1313 2532 satis
1324 2504 1397 2533 clare
1412 2505 1538 2539 exprimit
1561 2504 1698 2531 Adaman-

918 2540 972 2566 tius
994 2539 1084 2567 verbis
1101 2542 1181 2566 modo
1205 2539 1313 2572 citatis;
1340 2548 1394 2567 uou
1410 2547 1505 2567 sensus
1526 2539 1697 2565 Calviniano—

918 2581 991 2608 rum,
1019 2573 1097 2608 cujus
1122 2574 1158 2601 ibi
1180 2581 1213 2601 ne
1238 2575 1379 2602 minimum
1404 2575 1513 2609 quidem
1544 2573 1696 2608 vestigium.

916 2609 1004 2637 Alium
1020 2617 1100 2644 porro
1113 2616 1220 2636 sensum
1244 2613 1341 2644 pra-ter
1362 2608 1533 2644 :tllegoricutn
1549 2609 1583 2644 de
1607 2608 1697 2644 Verbo

918 2645 965 2679 Dei
991 2643 1133 2679 agnovisse
1162 2643 1304 2679 Origcitem
1327 2643 1466 2678 liquet’ex
1490 2643 1647 2679 homiltrlﬁ
1669 2643 1696 2679 in

917 2677 1029 2706 Νωηά
1039 2679 1134 2706 Bibere
1148 2677 1274 2711 dicimur,
1291 2677 1395 2713 inquit,
1411 2679 1567 2712 sanguinem
1584 2677 1696 2710 Christi,

917 2721 969 2742 non
987 2714 1073 2742 solum
1088 2719 1320 2742 sacramentorum
1345 2714 1409 2746 ritu,
1423 2714 1469 2742 sed
1483 2719 1511 2740 et
1523 2721 1585 2741 cutn
1597 2721 1698 2740 sermu-

916 2756 965 2776 nes
981 2749 1040 2783 ejus
1056 2749 1211 2784 recipimus,
1225 2749 1250 2776 itt
1261 2749 1360 2784 quibus
1378 2749 1432 2776 vita
1445 2749 1569 2775 consistit
1586 2748 1698 2784 sicutret

917 2784 974 2818 ipse
989 2785 1054 2818 dicit
1071 2794 1077 2811 :
1099 2783 1184 2810 Verba
1197 2792 1256 2818 qutz
1271 2783 1372 2812 locutus
1391 2792 1459 2816 sum,
1474 2784 1583 2818 spiritus
1600 2788 1626 2812 et
1646 2783 1698 2811 sita

915 2817 975 2847 sunt
989 2817 1085 2854 (lauri.
1100 2827 1137 2853 vt,
1150 2817 1207 2854 64).
1223 2828 1232 2845 t
