1927 3076
263 133 276 160 i
281 128 333 162 083

895 131 927 160 Ρ.
947 130 1106 159 DANIELlS
1125 128 1243 158 HUETll

1806 127 1860 153 ωδ*

255 190 434 218 Christianos
452 189 619 217 daemonibus
641 193 766 224 acceptos
789 197 840 217 non
866 190 987 222 referre,
1007 190 1052 216 sed
1068 191 1090 220 Α
1105 188 1145 214 da:
1159 195 1222 214 vero
1242 188 1275 214 ad
1296 185 1562 218 condemnationem;
1590 184 1623 212 ita
1642 187 1673 211 ut
1692 188 1751 218 post
1769 183 1859 212 nii‘ulam

255 236 318 263 -Deo
332 243 419 263 rerum
426 235 576 268 conditori,
590 243 690 270 eosque
703 243 764 263 cum
779 237 926 271 gratiarqu
942 237 1048 264 actione

262 282 398 315 recipere;
430 288 462 307 ac
489 288 538 314 per
565 281 746 315 precationem
783 289 881 317 corpus
914 283 1047 317 quoddam

261 318 390 353 lsanr-tumv
403 327 477 361 ipsos
492 326 571 358 ciiici,
589 333 698 355 sanctos
713 327 831 359 eiliciens
847 329 1000 363 quicunque
1015 337 1048 356 eo

261 380 321 398 cum
334 378 402 398 sano
416 373 554 406 proposito
571 378 694 401 utuntur.
719 374 758 401 Ad
776 375 973 402 Eucharistiam
995 374 1046 402 mi-

255 419 332 444 ‘nime
346 417 402 444 lucc
420 417 546 445 videntur
562 419 708 453 pertinere.
722 419 798 453 Quod
820 425 847 447 et
870 420 927 454 ipse
946 421 1046 448 fatetur

252 462 425 491 ‘Albcrtiuus.
448 463 526 497 Quod
549 465 571 492 si
596 465 658 499 quis
673 469 765 493 tatnen
790 467 966 500 contradicat,
993 474 1046 494 non

251 507 394 534 assentiar
418 509 507 540 modo,
528 509 574 535 sed
595 508 720 537 Ecclesiae
736 510 817 537 etiam
833 511 982 538 doctrinam
1004 509 1046 539 his

259 552 415 579 conﬁrmari
429 554 588 588 pertendam
600 563 606 585 ;
622 562 707 588 panes
719 556 819 591 quippe
835 556 873 583 ait
887 564 935 591 per
950 565 1046 590 preca-

251 598 371 631 ‘tionem,
397 607 447 634 per
458 601 574 636 mystica
594 601 720 629 nimirum
745 603 843 636 verba,
859 611 956 638 corpus
977 603 1044 632 elliei

255 650 394 678 sanctum,
414 650 441 672 et
453 651 563 674 sanctos
578 647 705 680 eﬂiciens,
721 649 766 683 qui
783 657 844 676 cum
867 657 933 678 sano
948 658 1046 685 propo-

258 690 310 717 sito
326 698 359 717 eo
376 696 508 725 utuntur;
521 699 618 727 corpus
631 693 754 721 videlicet
771 694 883 722 Christi.

255 734 258 774 ς
295 735 407 772 Martyri
421 738 639 766 succenturiatus
654 741 743 774 prodit
761 741 787 767 in
808 749 925 776 pugnam
948 742 1045 769 Alher-

249 781 330 809 “tinus
361 782 397 810 De
422 789 581 814 sacrament.
612 785 728 813 Euclmr.
758 787 805 814 lib.
835 794 867 819 ll,
898 787 924 814 in
947 788 1042 816 Exam.

249 828 359 855 t'estim.
381 828 491 863 Origen.
516 831 687 867 recoctisque
709 832 812 866 aliquot
836 834 996 861 testimoniis
1011 842 1043 861 ex

247 872 373 907 ~0rigene
394 874 450 906 jam
472 880 536 902 ante
560 883 574 902 a
597 876 715 912 Martyre
733 877 908 913 depromptis,
926 884 1044 913 quatuor

249 918 375 945 «indidem
398 920 480 953 petita
499 921 532 948 de
545 929 594 948 suo
609 923 695 953 addit,
720 923 750 949 ad
773 924 902 950 trutinam
924 929 1043 952 nostram

248 965 420 991 revocanda.
454 965 532 992 Prius
558 967 675 994 habetur
705 972 769 995 tom.
797 975 869 995 χχχιι
898 969 925 996 in
949 969 1042 1003 1mm,

246 1016 332 1037 'uum.
348 1010 389 1042 l6,
406 1011 451 1037 ubi
470 1010 503 1037 de
522 1011 603 1039 olTula
617 1011 692 1040 Judac
711 1021 726 1040 a
740 1013 804 1041 Jesu
821 1019 944 1049 porrecta
959 1017 1044 1044 disse-

246 1062 330 1087 ‘rens,
345 1055 398 1082 vim
416 1057 438 1082 ei
453 1058 597 1091 quamdam
619 1067 651 1086 ac
669 1060 795 1087 virtutem
815 1068 829 1087 a
846 1060 955 1088 Christo
973 1063 1043 1089 indi-

248 1104 309 1127 ‘tam
332 1100 414 1128 fuisse
432 1103 499 1135 vult,
527 1110 587 1138 qua:
614 1103 690 1132 Iudae
715 1107 788 1133 utilis
815 1114 875 1134 esse
900 1109 1040 1142 potuisset,

253 1147 306 1174 nisi
320 1147 410 1175 oﬁ‘ulae
424 1150 607 1183 praevertisset
619 1149 745 1184 Satanas,
758 1157 785 1179 et
799 1160 832 1179 ne
851 1153 968 1181 beneﬁca
984 1154 1042 1188 ejus

247 1192 280 1219 vi
299 1192 435 1221 frueretur
450 1195 583 1229 proditor,
600 1201 733 1231 Occupato
756 1198 842 1233 ipsius
860 1200 942 1227 corde
957 1200 1041 1235 impc-

246 1239 375 1267 'divisset.
395 1240 463 1267 Tum
484 1241 511 1268 id
525 1242 632 1276 gemino
650 1243 767 1271 illustrat
788 1245 930 1280 exemplo,
951 1247 1041 1281 priore

251 1286 374 1320 corporis
387 1291 413 1312 ct
427 1288 568 1321 sanguinis
581 1288 693 1322 Christi,
715 1298 775 1325 qua:
795 1298 843 1325 pro
861 1291 919 1325 ejus
942 1293 1041 1327 pietate

252 1330 295 1357 vel
314 1331 433 1365 nequitia
460 1335 506 1367 qui
533 1334 664 1369 suscipit,
691 1336 765 1363 utilia
792 1342 856 1364 sunt
878 1338 920 1365 vel
945 1340 1039 1372 noxia;

247 1375 340 1404 altero
366 1378 443 1412 panis
468 1379 540 1406 illius
563 1381 717 1409 communis
734 1390 786 1416 quo
808 1383 916 1416 alimur,
942 1386 1041 1419 quique

247 1429 301 1456 pro
314 1423 482 1451 comedenlis
493 1425 585 1452 habitu
600 1427 640 1453 vel
653 1427 798 1455 sanitatem
814 1428 917 1457 confert
930 1438 962 1457 ac
971 1431 1042 1465 vigo-

253 1475 321 1501 rem,
343 1469 365 1496 si
382 1470 479 1497 valenti
500 1478 632 1505 corpore;
652 1473 692 1500 vel
715 1473 855 1507 morbum,
876 1476 897 1502 si
921 1475 1040 1504 febricu-

248 1513 309 1540 ‘loso
331 1521 362 1541 ac
380 1515 487 1541 inﬁrmo
509 1522 638 1551 exceptus
656 1519 701 1545 sit.
725 1519 813 1546 Locus
837 1521 871 1547 ita
891 1528 1038 1557 conceptus
1054 1540 1075 1570 ο

253 1559 381 1570 -..μνηι
412 1560 434 1570 ν.
501 1562 558 1570 ....
623 1565 629 1570 .
683 1565 689 1570 .
731 1565 758 1570 -,
852 1568 858 1570 ,
908 1567 913 1570 ,
983 1569 988 1570 ,

251 1563 292 1585 est
309 1559 384 1586 ιΚαὶ
405 1560 477 1588 οὕτω
500 1562 522 1588 δ’
545 1563 577 1590 ἂν
603 1565 653 1591 οὐκ
678 1565 816 1598 ἀπιθάνως
835 1568 874 1599 είς
889 1567 935 1594 τὸν
959 1569 1041 1597 τόπον

250 1604 364 1639 λέγοιτο,
376 1606 470 1640 ὥσπερ
480 1610 496 1634 ό
507 1608 635 1643 ἀναξίως
646 1610 756 1638 ἐσθίων
763 1611 815 1638 τὸν
823 1611 913 1645 ἄρτον
923 1614 975 1641 τοῦ
986 1617 1042 1642 Κυ-

246 1649 326 1684 ρίου,
337 1650 356 1684 ἣ
367 1652 462 1678 πίνων
475 1653 567 1680 αὑτοῦ
579 1653 612 1680 τὸ
629 1654 783 1689 ποτήριον,
795 1657 838 1689 εις
850 1657 938 1691 κρῖμα
949 1657 1043 1684 ἐσθίει

246 1695 299 1722 ’καὶ
310 1696 399 1727 πίνειζ
411 1696 463 1732 τῆς
480 1699 544 1733 μιᾶς
556 1699 584 1725 ὲν
593 1699 631 1734 τῷ
643 1700 717 1736 ἄρτῳ
727 1701 879 1737 κρείττονος
890 1696 1040 1738 δυνάμείυς,

249 1743 297 1772 καὶ
317 1744 347 1770 ὲν
360 1743 399 1778 τῷ
414 1745 547 1781 ποτηρίῳ,
564 1746 731 1784 ὑποκειμένῃ
748 1748 797 1783 μὲν
818 1749 935 1776 διαθέσει
951 1751 1042 1786 κρείτ-

248 1797 316 1821 τονι,
329 1791 545 1830 ὲνεργαζομένης
554 1792 585 1819 τὸ
596 1793 698 1828 βέλτιον
708 1802 714 1808 ·
725 1795 824 1830 χείρονι
836 1796 865 1822 δὲ
877 1797 1042 1833 ἐμποιούσης

248 1834 280 1860 τὺ
292 1837 378 1871 κρῖμα
389 1845 396 1851 ·
414 1837 484 1863 οὕτω
499 1837 529 1864 τὸ
545 1838 599 1864 ἀπὸ
612 1839 658 1865 τοῦ
677 1840 765 1875 Ἰησοῦ
782 1841 888 1876 ψωμίον
911 1842 1042 1877 ὁμογενὲς

247 1878 283 1916 ἦν
305 1881 344 1916 τῷ
365 1882 467 1910 δοθέντι
489 1884 535 1910 καὶ
557 1885 613 1916 τοῖς
637 1885 740 1918 λοιποῖς
765 1887 925 1919 ἀποστόλοις
940 1889 968 1914 ὲν
983 1887 1039 1924 τῷ·

249 1924 370 1958 Λάϐετε,
387 1927 505 1962 φάγετε,
517 1928 574 1955 ἀλλ’
586 1930 700 1960 ἐκείνοις
718 1931 767 1966 μὲν
783 1933 824 1964 είς
841 1933 988 1968 σωτηρίαν,
1002 1933 1042 1969 τῷ

248 1970 278 1996 δὲ
300 1971 386 2007 Ἰούδᾳ
407 1973 447 2004 εις
466 1975 563 2009 κρῖμα,
581 1975 619 2006 ὼς
638 1976 708 2002 κατὰ
728 1977 758 2003 τὸ
774 1977 881 2013 ψωμίον
901 1979 1041 2016 εἰσεληλυ-

248 2016 324 2044 θέναι
341 2019 381 2051 είς
397 2019 477 2046 αὑτὸν
495 2020 539 2050 τὸν
554 2021 685 2049 Σατανᾶν.
702 2023 824 2051 Νοείσθω
834 2024 884 2051 δὲὸ
898 2025 979 2061 ἄρτος
995 2027 1042 2054 καὶ

246 2064 279 2091 τὸ
296 2067 424 2101 ποτήριον
441 2068 496 2098 τοῖς
519 2067 568 2102 μὲν
585 2069 779 2105 ἁπλουστέροις
800 2071 870 2098 κατὰ
891 2071 940 2107 τὴν
955 2081 1041 2099 κοινο-

246 2110 331 2145 τέραν
349 2112 413 2148 περὶ
424 2113 473 2149 τῆς
488 2114 669 2150 Εὐχαριστίας
687 2116 817 2152 ἐκδοχὴν·
834 2118 890 2148 τοῖς
909 2117 937 2144 δὲ
957 2118 1040 2153 βαθύ-

247 2163 327 2191 τερον
341 2157 450 2184 ἀκούειν
466 2159 648 2195 μεμαθηκόσι,
671 2161 740 2187 xerit
758 2161 806 2197 τὴν
823 2161 970 2198 θειοτέραν,
994 2164 1040 2190 καὶ

1099 232 1286 267 ingrederetur
1301 232 1327 260 in
1341 232 1414 259 illum
1429 231 1551 260 Satanas.
1574 230 1707 257 Cazterum
1726 230 1860 258 considere-

1089 282 1143 306 .tur
1158 278 1202 305 hic
1213 278 1289 312 panis
1305 283 1332 306 et
1346 279 1397 305 hoc
1410 279 1533 313 poculum
1550 285 1564 304 a
1578 275 1784 310 simplicioribus
1799 275 1858 311 juxta

1086 325 1311 351 communionem
1339 323 1544 358 intelligentiam
1573 323 1605 349 de
1632 322 1818 353 Eucharistia,
1841 323 1860 350 id

1085 375 1150 402 -est,
1163 370 1196 396 de
1209 370 1356 405 gratiarum
1373 369 1479 396 actione
1497 378 1503 396 :
1521 374 1550 395 at
1565 368 1610 403 qui
1627 367 1709 395 altius
1723 367 1778 395 haec
1795 367 1859 395 intel-

1097 414 1181 449 ligere
1204 414 1358 447 didicerint,
1386 414 1557 442 considerent
1588 413 1640 441 hoc
1672 413 1772 440 dictum
1795 413 1860 441 fuisse

1086 461 1169 495 -.juxta
1192 461 1352 489 diviniorem
1370 461 1579 495 promissionem
1596 461 1678 487 etiam
1699 459 1732 487 de
1747 459 1827 495 Λόγῳ,
1841 466 1861 488 et

1088 506 1188 535 ,Verbo
1212 508 1336 535 veritatis
1353 507 1510 534 alimentum
1528 506 1638 534 uberius
1652 510 1802 540 praestante,
1816 512 1861 532 tan-

1086 561 1177 588 -qnam
1194 554 1217 581 si
1230 553 1352 588 exemplo
1371 553 1488 581 dicerem
1503 559 1611 587 panem,
1635 552 1708 586 quod
1730 552 1762 578 ad
1782 559 1861 586 corpus

1086 599 1203 632 .attinct,
1227 598 1383 626 alimentum
1399 599 1564 626 uberrimum
1579 603 1768 633 prastaotem,
1783 597 1860 627 febrim

1095 646 1244 679 subjectum
1270 652 1386 681 augere,
1413 653 1472 672 cum
1504 650 1598 672 contra
1625 645 1726 671 bonam
1759 648 1860 680 corporis

1095 692 1281 724 habitudinem
1306 692 1339 719 ad
1369 693 1512 719 sanitatem
1541 691 1686 719 reducatn
1715 691 1753 717 Ex
1773 691 1811 718 his
1831 693 1861 719 sic

1095 738 1272 766 ratiocinator
1308 738 1465 765 Alhertinus
1496 748 1502 766 :
1532 736 1617 765 Ot'fula
1647 736 1725 764 ludas
1756 743 1860 770 porrecta

1093 784 1213 818 ejusdem
1229 789 1286 811 erat
1299 785 1404 819 generis
1424 791 1456 811 ac
1477 784 1676 811 eucharisticus
1705 784 1788 818 panis,
1800 784 1860 818 juxta

1095 831 1236 864 Origeuem
1248 840 1255 858 :
1266 831 1380 866 Ψωμίον
1394 830 1523 866 ὁμογενὲς
1539 828 1572 866 ἦν
1588 830 1628 865 τῷ
1640 830 1745 856 δοθέντι
1764 830 1805 856 καὶ
1818 831 1860 862 τοίς

1096 877 1271 908 ἀποστόλοις·
1300 877 1374 911 alqui
1401 875 1481 904 oﬂula
1508 876 1553 903 illa
1584 884 1677 904 merus
1706 876 1754 902 fuit
1781 877 1859 910 panis:

1095 931 1185 950 merus
1216 923 1297 958 igitur
1316 928 1342 950 et
1361 922 1415 950 ille.
1437 922 1604 949 Attendisset
1627 930 1694 950 vero
1715 923 1813 950 subtilis
1827 922 1861 949 ille

1089 970 1245 1004 rdisputator
1265 977 1324 1003 quae
1351 970 1377 996 in
1403 969 1554 1003 exemplum
1581 973 1767 1000 assumuntur,
1794 969 1816 996 in
1836 976 1860 996 eo

1095 1015 1192 1042 debere
1211 1015 1356 1042 convenire
1380 1014 1456 1048 cujus
1478 1023 1558 1042 causa
1576 1015 1730 1042 instituitur
1744 1022 1860 1050 compan-

1088 1061 1142 1092 ‘tio,
1159 1061 1313 1095 discrepare
1327 1068 1407 1095 posse
1427 1062 1454 1087 in
1474 1061 1535 1087 aliis
1546 1081 1553 1092 ,
1580 1061 1633 1088 hoc
1645 1066 1690 1088 est
1706 1061 1799 1095 partim
1814 1067 1859 1087 esse

1089 1106 1222 1141 ὒμογενῆ,
1242 1106 1340 1140 partim
1365 1106 1529 1141 ἑτερογενῆ·
1544 1105 1588 1132 hic
1610 1111 1701 1133 autem
1721 1105 1816 1132 institui
1835 1106 1859 1131 ah

1088 1151 1212 1187 Origene
1235 1152 1465 1186 comparationem
1488 1151 1577 1179 oti‘ula:
1597 1151 1676 1179 Iuda:
1702 1151 1793 1179 oblata:
1812 1159 1858 1177 cum

1087 1200 1162 1234 'pane
1174 1199 1366 1231 encharistico,
1384 1206 1436 1226 non
1456 1199 1489 1226 ad
1509 1198 1700 1233 explicandam
1720 1198 1792 1233 panis
1801 1197 1859 1224 lurlz

1093 1245 1209 1280 porrecti
1233 1249 1369 1277 naturam,
1387 1245 1434 1272 sed
1459 1245 1491 1272 ad
1515 1244 1710 1272 declarandum
1730 1244 1785 1279 ejus
1809 1244 1859 1272 elle-

1094 1296 1178 1323 ctum,
1198 1299 1230 1318 ac
1244 1291 1296 1318 vim
1309 1291 1419 1326 juvandi
1438 1290 1480 1317 vel
1493 1290 1605 1318 nocendi
1629 1298 1680 1326 pro
1691 1291 1813 1318 sumentis
1824 1291 1859 1317 ha-

1093 1337 1149 1364 hitu
1165 1347 1172 1364 :
1191 1342 1270 1372 atque
1286 1337 1321 1364 ita
1341 1344 1401 1364 esse
1424 1337 1553 1372 ὁμογενῆ,
1568 1337 1656 1371 quoad
1677 1337 1749 1363 illam
1763 1336 1859 1363 etliciea-

1090 1385 1169 1417 tiam,
1193 1385 1226 1412 de
1252 1392 1304 1419 qua
1326 1384 1375 1410 hoc
1391 1383 1449 1410 loco
1470 1384 1618 1418 quaeritur;
1644 1383 1787 1418 ἑτερογενῆ
1811 1390 1859 1408 vero

1092 1431 1178 1465 quoad
1200 1434 1340 1461 naturam,
1365 1429 1397 1456 de
1416 1436 1467 1463 qua
1496 1429 1566 1455 trulla
1593 1429 1702 1463 penitus
1727 1429 1768 1455 hic
1789 1428 1858 1454 habita

1092 1480 1134 1503 est
1142 1476 1294 1509 disputatio.
1306 1474 1424 1501 Fimbria
1434 1475 1517 1501 vestis
1527 1473 1628 1501 Christi
1640 1481 1704 1508 qua:
1716 1473 1858 1510 αιμοῤῥοοῦ-

1093 1529 1142 1548 σαν
1167 1520 1284 1552 sanavit,
1311 1527 1345 1547 ex
1371 1524 1496 1547 contactu
1526 1519 1596 1546 sacri
1624 1520 1749 1554 corporis
1775 1519 1857 1546 Christi

1093 1567 1220 1594 virtutem
1233 1569 1416 1598 contraxerat,
1435 1565 1528 1592 itidem
1546 1569 1575 1592 ut
1590 1564 1672 1592 ollula
1693 1573 1708 1592 ο
1722 1564 1781 1592 Jesu
1799 1564 1858 1592 inda

1092 1616 1227 1647 porrecta.
1247 1610 1373 1638 Fimbriae
1383 1615 1534 1642 contactus,
1556 1618 1606 1646 pro
1627 1611 1762 1646 tangentis
1779 1610 1858 1646 pietate

1092 1658 1134 1685 vel
1156 1657 1291 1692 nequitia,
1310 1657 1382 1684 utilis
1399 1664 1460 1684 esse
1476 1660 1598 1692 poterat,
1622 1658 1667 1684 vel
1689 1657 1789 1683 noxius.
1811 1655 1857 1682 Pari

1083 1708 1157 1739 'ergo
1174 1703 1234 1737 jure
1246 1703 1359 1730 ﬁmbriae
1374 1706 1526 1730 contactum
1537 1710 1597 1729 cum
1613 1703 1694 1737 panis
1707 1699 1856 1730 eucluristici

1092 1759 1139 1778 esu
1154 1757 1311 1785 comparare
1324 1749 1456 1785 Origenes
1469 1749 1556 1784 potuit
1568 1757 1575 1781 ;
1589 1752 1705 1783 utraque
1719 1748 1786 1775 enim
1800 1747 1821 1773 in
1833 1753 1858 1772 eo

1092 1797 1301 1828 conveniebant,
1316 1795 1386 1831 quod
1402 1803 1451 1830 pro
1467 1795 1602 1829 tangentis
1618 1799 1645 1821 et
1660 1794 1765 1821 edentis
1783 1792 1856 1820 hahita

1092 1843 1208 1871 salubris
1222 1842 1262 1869 vel
1278 1843 1406 1869 damnosa
1422 1848 1483 1868 esse
1497 1845 1639 1876 poterant;
1662 1840 1690 1867 in
1703 1840 1762 1867 aliis
1773 1839 1857 1865 discre-

1093 1886 1202 1921 pabant.
1218 1885 1247 1912 id
1263 1885 1285 1912 si
1299 1885 1418 1917 fecisset,
1433 1890 1549 1919 utraque
1560 1892 1625 1912 sane
1642 1885 1734 1911 dicere
1750 1883 1858 1918 potuisset

1092 1925 1223 1968 ὁμογενῆ,
1248 1939 1344 1966 nempe
1366 1931 1453 1966 quoad
1477 1930 1548 1958 illam
1569 1931 1623 1958 vim
1643 1936 1672 1958 et
1692 1929 1855 1958 edicientiam;

1093 1986 1147 2005 non
1166 1978 1254 2013 quoad
1280 1982 1415 2006 naturam.
1440 1977 1512 2004 idem
1536 1977 1611 2004 dicas
1629 1977 1662 2003 de
1680 1975 1757 2003 oll‘ula
1775 1974 1856 2002 eucha-

1093 2024 1185 2052 ristico
1199 2024 1260 2058 pani
1280 2023 1440 2051 assimilata.
1462 2023 1569 2056 Alioqui
1591 2030 1652 2050 cum
1677 2022 1781 2050 ollulam
1797 2019 1856 2048 lude

1091 2075 1243 2106 porrectam
1262 2070 1323 2105 pani
1340 2070 1377 2097 illi
1396 2078 1449 2105 quo
1468 2070 1551 2097 vitam
1568 2069 1749 2101 sustinemus,
1762 2067 1855 2095 similem

1092 2125 1152 2145 esse
1168 2117 1238 2144 dixit
1258 2116 1400 2151 Origenes,
1416 2117 1468 2143 hoc
1485 2121 1527 2143 est
1540 2115 1669 2151 ὁμογενῆ,
1695 2116 1722 2142 in
1737 2122 1766 2142 eo
1780 2118 1856 2146 nempe

1092 2163 1162 2198 quod
1176 2168 1205 2190 ut
1217 2162 1260 2189 illa
1273 2163 1386 2194 animae,
1402 2162 1441 2189 sic
1457 2162 1500 2189 ille
1521 2161 1627 2196 corpori
1643 2169 1693 2196 pro
1715 2158 1855 2188 comedentis

244 2204 313 2239 περὶ
327 2204 373 2230 τοῦ
391 2205 526 2241 τροφίμου
546 2207 595 2242 τῆς
615 2207 744 2242 ἀληθείας
758 2208 843 2242 Λόγου
855 2209 1021 2244 ἐπαγγελίαν
1031 2220 1037 2226 ·

1093 2209 1187 2236 habitu
1208 2208 1291 2235 robur
1307 2207 1452 2235 conciliare
1468 2212 1567 2242 potest,
1584 2207 1624 2234 vel
1648 2207 1786 2238 morbum;
1805 2210 1855 2230 con-

246 2248 286 2279 ὠς
302 2249 326 2274 εἰ
338 2250 367 2276 ὲν
380 2251 580 2287 παραδείγματι
594 2252 697 2286 ἔλεγον,
712 2253 750 2280 ὅτι
767 2254 814 2280 καὶ
828 2255 841 2280 ὁ
852 2254 922 2281 κατὰ
938 2254 967 2281 τὺ
984 2264 1037 2282 σω-

249 2289 363 2329 ματικὸν
384 2297 590 2333 τροφιμώτατος
610 2299 692 2334 ἄρτος
714 2300 830 2336 πυρετὸν
855 2301 904 2336 μὲν
927 2301 1037 2327 ὑποκεί-

243 2349 328 2376 μενον
355 2341 450 2374 αὔξει,
480 2345 519 2376 εἰς
544 2345 636 2378 ὑγείαν
667 2345 695 2375 δὲ
725 2346 772 2382 τὴν
799 2346 904 2380 εὐεξίαν
930 2347 1035 2382 ἀνάγει.

250 2395 260 2412 ε
273 2386 389 2415 Proinde
401 2388 472 2415 haud
496 2389 641 2417 absurdqu
659 2391 684 2418 iu
703 2393 828 2425 praesenti
855 2393 914 2420 loco
932 2393 1036 2421 dicere-

248 2436 302 2465 tur,
326 2434 397 2468 quod
422 2436 518 2471 ut.qui
535 2436 643 2471 indigne
661 2446 754 2472 panem
776 2437 882 2465 Domini
909 2439 1035 2473 cantedit,

247 2479 287 2505 rel
315 2480 423 2506 calicem
453 2481 511 2516 ejus
536 2481 616 2515 bibit,
644 2483 672 2510 in
690 2484 824 2519 judicium
848 2486 989 2513 manduca!
1012 2491 1038 2514 et

243 2524 310 2551 bibit
325 2525 366 2558 '7;
383 2526 408 2553 in
422 2533 493 2561 pane
509 2532 537 2554 et
560 2528 646 2556 calice
668 2537 719 2556 una
738 2531 837 2557 virtute
857 2531 1036 2565 praestantiori

247 2575 377 2604 operante
390 2571 490 2599 bonum
504 2573 529 2600 iu
542 2573 612 2601 bono
623 2574 892 2607 aﬂectu'constituto,
901 2576 928 2603 in
940 2575 1034 2603 affectu

247 2623 313 2643 vero
335 2617 406 2645 malo
422 2623 552 2652 operante
573 2621 843 2655 condemnationem;
869 2622 908 2650 sic
925 2621 1034 2650 oll‘ulam

247 2669 262 2688 a
275 2661 338 2690 Jesu
351 2664 441 2691 datam
457 2665 580 2700 ejusdem
594 2667 701 2701 generis
713 2666 797 2695 luisse
810 2675 872 2695 cum
885 2675 916 2696 ea
925 2688 933 2701 ,
953 2676 1034 2703 quam

246 2707 324 2736 Iesus
347 2709 420 2737 dedit
435 2711 540 2740 caeteris
563 2713 704 2748 apostolis,
732 2713 794 2740 dum
819 2714 943 2742 diceret:
959 2715 1035 2741 Acci-

247 2754 310 2787 pite,
328 2755 454 2783 comedite
471 2757 513 2790 ";
530 2758 575 2787 sed
595 2756 649 2786 illis
664 2759 772 2794 quidem
794 2759 828 2787 ad
846 2760 970 2796 salutem,
987 2760 1034 2789 Ju-

283 2854 306 2871 "
327 2853 413 2882 lCur.
430 2864 467 2889 xl,
481 2856 526 2884 29.
564 2857 586 2873 νδ
603 2857 697 2886 Matth.
714 2867 787 2892 .\x\t,
805 2859 849 2887 26.

1092 2256 1198 2282 cludam
1211 2255 1305 2290 utique
1317 2255 1411 2282 eadem
1423 2255 1524 2282 virtute
1536 2253 1636 2289 poilere
1651 2260 1747 2288 panem
1755 2255 1853 2278 nostrum

1092 2309 1146 2336 quo
1164 2301 1310 2334 vescimur,
1326 2309 1358 2328 ac
1371 2301 1480 2328 oliulam
1497 2300 1580 2332 illam,
1595 2299 1637 2326 cui
1649 2298 1801 2334 peculiarem
1812 2295 1852 2321 vim

1092 2352 1217 2375 contactu
1236 2355 1285 2375 suo
1298 2347 1424 2381 Christus
1442 2346 1539 2374 indidit
1555 2354 1561 2372 :
1578 2346 1648 2380 quod
1667 2349 1709 2372 est
1721 2341 1852 2371 absurdum.

1092 2393 1161 2426 Quid
1182 2393 1204 2420 si
1222 2398 1350 2428 prmterea
1367 2392 1475 2419 oﬂ‘ulam
1489 2392 1561 2419 illam
1581 2391 1664 2418 fuisse
1680 2397 1770 2425 panem
1785 2387 1850 2434 ipsum

1091 2438 1301 2465 eucharisticum
1333 2436 1409 2464 Judaa
1431 2442 1587 2471 porrectum
1615 2435 1756 2470 Origenem
1777 2432 1852 2460 existi-

1091 2492 1179 2511 masse
1205 2484 1344 2511 dicamus?
1371 2483 1495 2511 Profecto
1524 2484 1598 2525 |oc_us
1628 2483 1678 2510 iste
1711 2478 1850 2508 contrarium

1090 2532 1155 2559 nihii
1189 2531 1269 2559 habet
1296 2531 1359 2558 huic
1389 2524 1661 2565 sententizemquam
1693 2533 1719 2556 et
1755 2524 1850 2572 Cyrillus

1089 2577 1116 2603 in
1129 2577 1209 2604 Joan.
1231 2584 1269 2608 vr,
1284 2581 1310 2603 et
1327 2575 1488 2603 Anastasius
1502 2575 1606 2603 Siuaita
1624 2574 1700 2602 Orat.
1723 2573 1756 2600 De
1772 2576 1848 2606 Ignari

1089 2621 1205 2656 amplexi
1237 2626 1310 2648 sunt.
1333 2621 1359 2648 ld
1378 2621 1399 2648 si
1431 2621 1484 2654 sit,
1507 2621 1587 2656 plane
1609 2620 1748 2656 ὁμογενεῖς
1769 2614 1848 2643 iuerint

1072 2667 1289 2695 ,eucharisticus
1325 2667 1403 2703 panis
1430 2672 1458 2695 et
1484 2666 1565 2695 oll‘ula
1588 2665 1663 2694 Iudae
1687 2667 1809 2701 porrecta,
1827 2663 1846 2686 el

1088 2713 1176 2748 quoad
1194 2712 1383 2746 ellicientiam,
1400 2718 1426 2741 et
1441 2712 1529 2748 quoad
1546 2716 1681 2739 naturam.
1739 2738 1740 2741 η

1124 2759 1218 2789 Parem
1240 2760 1434 2796 propemodum
1459 2758 1646 2787 adhibebimus
1665 2753 1844 2791 explicationem
