1927 3076
75 133 146 163 1085

500 134 785 164 ORIGENlANORUM
805 134 869 162 LIB.
890 135 923 167 ll,
943 134 1019 163 CAP.
1040 134 1071 167 ll,
1091 134 1231 168 QUz‘EST.
1253 134 1323 162 XIV.

1630 131 1698 160 £086

74 191 130 219 loci
143 191 297 220 alterittsex
312 191 405 220 homil.
417 192 470 220 'lin
485 191 578 226 Levi!”
591 201 664 220 num.
676 193 764 228 ‘l.quo
777 194 864 226 agitur
878 195 899 224 Α
918 193 1001 220 fuisse
1022 194 1112 220 vinum
1137 201 1191 228 quo
1215 192 1338 220 Christus
1360 191 1490 219 abstinuit
1514 199 1539 218 .n
1563 196 1700 226 postrema

71 236 108 263 de
129 242 265 272 prmcepto
277 239 389 272 Aaroni,
402 243 430 266 et
447 239 634 266 sacerdotibus
655 239 764 270 tradito,
781 246 815 265 ne
829 239 862 265 ad

72 282 164 309 altare
182 284 319 310 acceSsuri
342 284 433 311 vinum
457 283 589 312 biberent.
614 285 747 317 Quoniam
773 289 863 311 autem

70 327 120 355 lex
133 333 175 355 cst
189 330 284 356 umhra
309 330 458 357 futurorum
478 330 652 363 honorum",
663 330 726 364 quid
743 330 793 356 hac
807 330 865 363 lege

71 375 247 410 signiﬁcetur
272 381 451 410 perscrutans
478 375 611 411 Origenes
632 369 768 403 Christum
794 375 865 402 hunc

71 428 138 447 esse
161 421 319 448 Pontillccut
335 421 442 450 censuit
458 441 466 454 ,
487 423 642 448 sacerdotes
662 421 815 456 apostolos,
838 425 865 448 ct

71 467 216 498 Christum
236 468 344 501 quidem
362 475 423 494 cum
448 467 480 494 ad
507 467 606 499 altare,
632 475 742 494 crucem
769 474 864 502 nempe

72 518 150 539 esset
167 519 341 544 accessurus,
363 513 389 539 in
406 519 530 546 Suprema
548 519 625 539 ctena
640 513 732 540 vinum
756 513 863 547 quidem

74 566 132 585 non
155 557 258 585 bibisse
272 558 390 592 putavit,
406 557 447 584 his
462 558 586 585 inducttts
603 558 692 585 verbis
708 558 790 585 Marci
807 566 862 590 xtv,

72 603 113 631 25
129 613 135 630 :
150 605 231 630 Amen
247 605 304 630 dico
318 603 399 636 vobis,
425 604 486 640 quia
500 604 556 639 jam
582 613 633 631 non
658 605 744 631 bibam
769 605 800 631 de
815 596 863 631 Itoc

73 651 206 685 genimine
222 651 293 682 vitis,
310 658 389 684 usque
400 651 426 676 in
438 651 505 676 diem
521 651 607 682 illum,
620 659 679 677 cum
694 651 760 678 illud
777 652 863 678 bibam

73 704 173 723 novum
194 696 219 723 in
236 704 313 730 regno
326 695 416 723 Patris
430 696 479 722 mei
498 705 507 723 :
523 697 659 730 apostolos
682 705 744 724 vero
757 697 860 726 bibisse

67 743 183 775 ‘vinum,
192 743 254 776 quia
265 743 382 769 nondum
392 743 424 768 ad
436 742 520 769 altare
531 743 620 770 crucis
628 747 705 770 erant
715 744 861 771 acccssuri.

74 789 116 816 En
131 790 179 816 tibi
191 790 249 824 ipsa
258 790 339 816 verba
353 798 359 816 :
372 788 531 817 «Videamus
542 790 676 824 quomodo
686 790 711 817 id
723 798 785 817 vero
796 790 861 817 Pon-

74 835 144 862 tilici
158 835 266 862 Christo
281 835 394 862 Domino
405 841 498 862 nosuo
507 856 515 868 ,
526 840 553 863 et
564 835 749 863 sacerdotibtts
760 836 819 870 ejus
832 842 863 863 ac

915 247 1002 272 caena,
1024 240 1087 266 vino
1108 239 1180 274 qttod
1201 246 1262 266 cum
1285 238 1435 273 publicanis
1462 242 1489 264 et
1512 237 1699 272 peccatoribus

915 285 992 312 bibit.
1009 285 1171 320 ﬁespondeo
1185 285 1251 311 satis
1266 284 1348 311 fuisse
1370 283 1491 319 Origeni,
1508 289 1580 311 recte
1595 283 1699 310 institui

915 338 993 364 posse
1008 331 1237 365 comparationem
1246 329 1337 356 vinum
1348 330 1418 359 inter
1429 331 1556 362 Aaronis,
1568 334 1595 357 et
1607 330 1700 357 vinum

915 383 929 402 a
946 376 1055 404 Christo
1068 378 1124 404 sive
1139 380 1247 412 epotum
1264 377 1290 403 in
1303 377 1364 403 vitae
1379 377 1493 404 decursu
1506 384 1567 404 eum
1581 377 1702 411 publica-

915 422 957 449 nis
976 427 1004 448 ct
1018 423 1219 457 peccatoribus,
1236 423 1294 450 sive
1311 430 1362 450 non
1378 429 1483 458 potum,
1500 423 1546 449 sed
1562 422 1701 457 discipulis

917 467 1045 494 traditum
1061 468 1087 494 in
1104 467 1198 494 ultima
1213 475 1300 495 ctena.
1321 467 1387 494 Nam
1405 468 1528 503 quamvis
1546 468 1597 495 hoc
1610 468 1701 502 specie

916 516 1020 540 tantum
1038 517 1109 541 esset
1132 514 1236 546 vinum,
1255 521 1349 541 revera
1365 518 1438 541 esset
1451 514 1552 541 Christi
1571 514 1700 548 sanguis;

916 558 982 585 illud
995 566 1061 586 vero
1075 564 1102 586 et
1115 559 1207 594 specie
1222 563 1250 586 et
1262 567 1292 587 re
1309 560 1399 586 vinum
1414 564 1495 592 esset,
1512 566 1564 586 non
1577 559 1603 586 in
1619 566 1651 586 eo
1664 560 1702 587 sio

915 604 1095 631 militudinem
1109 605 1244 640 quaesivit,
1259 605 1301 633 vel
1316 613 1437 640 qua-rere
1454 605 1546 632 debuit
1559 605 1699 640 Origenes,

915 650 985 685 quod
1001 655 1157 686 utrumque,
1172 652 1264 678 vinum
1278 655 1350 678 esset
1364 651 1406 678 vel
1423 658 1461 683 re,
1479 651 1519 677 vel
1536 652 1636 685 specie,
1652 651 1700 678 sed

915 695 942 723 in
957 704 989 724 eo
1007 699 1077 732 quod
1094 697 1139 724 illo
1155 705 1315 724 accessurus
1329 697 1361 723 ad
1376 696 1460 724 altare
1473 696 1598 723 Christus
1617 697 1702 724 absti-

915 742 1015 775 nuerit,
1028 742 1092 769 illttd
1105 750 1156 769 non
1169 750 1328 770 accessurus
1341 743 1374 770 ad
1386 743 1470 770 altare
1484 742 1598 769 biberit:
1610 750 1703 778 quent-

914 789 1056 816 admodum
1071 788 1176 815 Veteris
1185 788 1351 815 Testamenti
1365 788 1428 815 vino
1445 789 1619 815 abstinebant
1634 797 1703 824 pun-

915 834 1003 862 tiﬁces
1020 839 1048 861 et
1062 835 1215 861 sacerdotes
1229 834 1365 861 accessuri
1382 834 1415 860 ad
1432 833 1528 865 altare,
1552 834 1622 862 idem
1638 842 1703 862 vero

74 881 151 913 ﬁliis,
162 881 261 910 nostris
271 889 335 909 vero
344 882 471 916 apostolis
482 882 613 916 possimus
621 882 863 915 aptare,etc.Quze-
916 889 968 908 non
984 881 1118 908 accessuri
1135 881 1168 907 ad
1186 880 1271 907 altare
1286 880 1424 908 bibebant.

69 929 163 955 ’rimus
179 936 243 963 ergo
262 929 396 963 quomodo
414 929 542 957 Dominus
564 933 591 956 et
613 929 736 956 Salvator
759 935 861 963 noster,

74 977 122 1010 qui
135 980 175 1002 est
187 982 266 1002 verus
282 974 416 1008 Pontifex,
429 983 490 1002 cum
504 975 644 1010 discipulis
659 975 724 1007 suis,
741 975 785 1009 qui
802 980 865 1002 sttnt

73 1021 134 1048 veri
156 1021 308 1047 sacerdotes
323 1041 330 1052 ,
351 1025 496 1055 antequam
513 1021 622 1047 accedat
647 1021 679 1047 ad
695 1021 781 1047 altare
797 1021 863 1056 iDei,

74 1065 153 1092 bibat
163 1066 253 1092 vinum
265 1073 272 1097 ;
288 1073 348 1092 cum
360 1072 424 1092 vero
435 1065 565 1092 accedere
576 1065 698 1099 cmperit,
714 1072 767 1092 non
781 1065 863 1092 bibat.

76 1113 197 1140 Venerat
211 1113 236 1139 in
251 1113 323 1140 hunc
340 1114 467 1140 mundutn
486 1112 621 1145 Salvator,
639 1117 666 1138 ut
682 1120 729 1146 pro
745 1112 865 1144 peccatis

75 1160 179 1186 nostris
198 1166 308 1186 carnem
332 1166 407 1186 suam
425 1159 535 1186 oll'crret
562 1158 679 1185 hostiam
704 1158 767 1185 Deo.
790 1157 864 1185 Hanc

75 1204 233 1239 priusquam
248 1203 367 1236 oll'erret,
384 1204 454 1231 inter
470 1204 701 1238 dispensationum
719 1211 808 1231 moras
823 1204 865 1231 vi-

74 1258 143 1278 num
162 1251 268 1278 bibebat
290 1259 296 1277 :
317 1251 435 1285 denique
457 1251 600 1278 dicebatur
617 1250 696 1277 homo
721 1257 814 1282 vorax,
838 1255 865 1277 et

76 1297 134 1323 vini
149 1301 267 1331 potator,
281 1296 385 1324 amicus
400 1296 604 1331 publicanorum
618 1300 644 1322 et
656 1300 829 1331 peccatorum
843 1295 862 1323 ί.

76 1340 128 1369 Ubi
146 1349 210 1372 vero
226 1347 331 1376 tempus
349 1342 456 1369 advenit
477 1342 566 1369 crucis
582 1349 648 1375 suat,
662 1346 690 1369 et
705 1349 865 1369 accessurus

75 1391 136 1413 erat
156 1387 189 1413 ad
209 1386 296 1414 altare
316 1387 360 1413 ubi
380 1385 533 1413 immolaret
552 1386 666 1412 hostiam
690 1386 780 1413 carnis
800 1392 865 1418 sum,

75 1432 226 1466 Accipiens,
243 1432 340 1466 inquit,
364 1432 482 1464 calicem,
498 1431 627 1458 benedixit
647 1435 671 1457 et
695 1431 765 1457 dedit
782 1431 864 1458 disci-

75 1478 147 1510 pulis
172 1479 237 1510 suis,
257 1478 345 1505 dicen:
363 1485 371 1503 :
389 1477 504 1511 Accipite
519 1482 543 1503 et
563 1477 641 1503 bibite
657 1484 688 1503 ea:
699 1477 747 1503 ltoc
757 1478 779 1505 ².
798 1476 863 1510 Vos,

76 1524 175 1558 inquit,
195 1524 288 1556 bibite,
306 1524 351 1558 qui
367 1523 447 1550 modo
465 1524 600 1551 accessuri
622 1531 674 1550 non
689 1523 754 1551 estis
771 1523 804 1550 ad
822 1525 861 1550 al-
880 1538 900 1566 Ε

76 1576 144 1598 tare.
165 1570 224 1604 Ipse
238 1573 325 1596 autem
341 1575 468 1604 tanquam
485 1577 646 1597 accessurus
661 1570 694 1596 ad
711 1569 806 1602 altare,
823 1569 864 1596 di-

77 1617 114 1643 cit
128 1616 161 1642 de
173 1622 202 1642 se
216 1624 223 1642 :
239 1615 318 1642 Amen
333 1615 392 1642 dico
407 1615 488 1648 vobis,
505 1616 567 1650 quia
581 1623 632 1641 non
643 1614 729 1641 bibam
744 1614 775 1641 de
788 1622 864 1649 gene-

77 1663 179 1688 ratione
201 1662 260 1688 vilis
283 1662 373 1696 hujus,
391 1669 523 1696 usquequo
546 1661 632 1687 bibam
648 1660 714 1687 illud
733 1661 864 1688 vobiscum

78 1715 171 1735 novum
188 1708 215 1734 in
226 1715 304 1742 regno
316 1707 403 1734 Putris
422 1707 518 1734 mei’.)
540 1707 607 1734 Hinc
625 1708 780 1735 Albertinus
796 1707 864 1734 elﬁci

79 1758 155 1788 putat
175 1753 275 1780 Christi
303 1753 449 1787 discipulos
472 1760 576 1779 merum
599 1753 691 1779 vinum
717 1753 744 1780 in
772 1752 866 1779 ultima

66 1807 156 1827 'ccena
182 1799 293 1831 bibisse,
311 1799 535 1834 quemadmodum
561 1799 652 1826 Aaron
669 1803 696 1826 et
711 1799 866 1826 sacerdotes

79 1846 113 1872 ad
129 1845 214 1872 altare
227 1853 278 1872 non
292 1845 427 1873 accessuri
441 1852 542 1871 merum
553 1845 644 1871 vinum
657 1844 799 1877 bibebant;
817 1852 865 1871 nec

79 1899 178 1926 capere
194 1900 222 1919 se
239 1891 303 1918 dicit
320 1892 383 1925 quid
396 1896 490 1918 contra
504 1898 639 1925 opponere
652 1891 797 1925 possimus.
813 1884 866 1918 Re-

77 1938 199 1972 spondeo
212 1946 278 1965 vero
289 1938 445 1972 Origenem,
458 1945 518 1964 cum
532 1936 697 1964 existimavit
709 1941 786 1963 vetus
800 1936 865 1963 illud

77 1983 194 2011 Levitici
213 1988 386 2018 praeceptum,
408 1989 461 2017 quo
483 1982 602 2017 pontiﬁci
627 1987 655 2009 et
679 1981 865 2009 sacerdotibus

63 2029 115 2056 'ad
133 2029 219 2057 altare
240 2030 389 2056 accessuris
414 2029 477 2056 vino
498 2028 721 2059 interdicebatur,
742 2027 866 2054 umbram

77 2081 175 2103 eorum
194 2074 277 2102 fuisse
296 2083 355 2109 qua:
369 2075 477 2102 Christo
497 2079 524 2101 et
540 2073 668 2109 apostolis
681 2073 863 2108 contigerunt,

78 2121 190 2157 quando
212 2121 256 2149 ille
273 2122 305 2148 ad
324 2121 408 2147 altare
422 2120 511 2148 crucis
527 2127 688 2147 accessurus
702 2119 766 2146 vino
782 2115 865 2145 absti-

77 2168 152 2200 nuit,
168 2167 196 2194 hi
211 2174 275 2194 vero
292 2167 410 2194 nondum
426 2166 458 2193 ad
473 2165 563 2193 crucis
577 2164 661 2191 altare
675 2163 808 2191 accessuri
827 2163 866 2190 vi—

915 940 917 943 ι
951 927 1042 953 Tenue
1065 933 1130 953 vero
1152 930 1179 953 et
1201 925 1337 952 inﬁrmum
1356 926 1428 953 tertii
1447 925 1498 954 loci
1512 926 1605 959 robur,
1621 934 1703 961 quem

913 980 930 1000 ε
950 972 1064 1008 Prologo
1089 974 1116 999 in
1143 972 1280 999 Canticum
1303 971 1404 1006 profert
1430 972 1596 999 Albertinus.
1621 971 1650 999 lu
1672 980 1704 1000 eo

914 1020 1033 1047 hominis
1062 1019 1218 1051 exterioris,
1247 1018 1371 1053 corporis
1402 1018 1530 1046 nimirum
1565 1019 1710 1054 proprium'

916 1065 1058 1101 quemdam
1078 1072 1139 1092 esse
1155 1065 1244 1092 cibum
1263 1063 1359 1091 scribit
1375 1063 1516 1100 Origenes,
1542 1072 1703 1100 corporeum

913 1111 1019 1138 scilicet
1044 1115 1071 1138 et
1093 1116 1229 1138 terrenum
1253 1119 1260 1137 :
1286 1111 1426 1138 ittterioris
1447 1119 1511 1139 vero
1536 1111 1652 1139 hominis
1675 1117 1703 1139 et

916 1156 1064 1190 spiritualis
1088 1157 1225 1195 proprium
1251 1164 1358 1191 quoque
1386 1164 1446 1184 esse
1469 1157 1578 1187 cibum;
1606 1165 1703 1192 panem

911 1209 1015 1236 nempe
1030 1202 1117 1228 vivum
1134 1202 1178 1236 qui
1202 1202 1234 1228 de
1251 1201 1320 1228 cutio
1337 1201 1487 1228 descendit.
1510 1202 1562 1229 Sed
1583 1203 1639 1237 ipsa
1658 1211 1703 1230 re-

916 1252 1038 1282 petamus
1051 1249 1132 1274 verba
1149 1255 1208 1282 qum
1219 1251 1326 1274 exstant
1339 1254 1398 1282 pag.
1417 1247 1469 1274 98:
1485 1256 1495 1273 t
1513 1248 1558 1275 Est
1576 1250 1706 1275 materia.

917 1293 949 1320 lis
964 1293 1042 1327 hujus
1059 1294 1188 1325 hominis,
1205 1293 1251 1328 qui
1265 1297 1293 1319 et
1305 1294 1424 1320 exterior
1440 1293 1601 1328 appellatur,
1613 1294 1702 1326 cibus,

916 1344 1048 1374 pmusque
1062 1344 1166 1366 natura:
1177 1346 1231 1366 sua:
1243 1343 1373 1373 cognatus
1381 1346 1528 1374 corporeus
1538 1339 1588 1366 iste
1599 1339 1704 1367 scilicet

916 1390 943 1412 et
967 1390 1102 1412 terrenus.
1129 1385 1259 1412 Similiter
1279 1390 1367 1412 autent
1389 1390 1416 1412 et
1436 1385 1566 1420 spiritalis
1587 1386 1704 1414 hominis

918 1430 1012 1465 ipsius,
1032 1430 1077 1464 qui
1102 1436 1129 1457 et
1152 1431 1266 1458 interior
1286 1431 1396 1463 dicitur,
1415 1435 1456 1458 est
1473 1432 1598 1466 proprius
1616 1431 1704 1465 cibus,

917 1477 945 1499 ut
961 1473 1037 1506 panis
1054 1472 1096 1499 ille
1115 1473 1191 1500 vivus
1209 1473 1254 1507 qui
1271 1473 1305 1501 de
1324 1473 1394 1501 cwlo
1411 1472 1584 1501 descendit‘.
1609 1473 1661 1501 Sed
1679 1479 1706 1502 et

917 1524 997 1552 potus
1022 1518 1066 1545 ille
1084 1523 1124 1545 est
1146 1525 1180 1545 ex
1205 1519 1249 1546 illa
1264 1527 1334 1554 aqua
1356 1526 1437 1554 quam
1464 1519 1597 1554 promittit
1614 1519 1704 1552 Iesus,

918 1564 1030 1592 dicens:
1051 1565 1209 1598 Quicunque
1230 1566 1324 1592 biberit
1346 1574 1378 1592 ex.
1399 1567 1448 1592 hac
1469 1573 1538 1600 aqua
1561 1575 1640 1601 quam
1658 1575 1705 1601 ego

917 1611 951 1637 do
967 1611 1000 1643 ci,
1019 1619 1070 1637 non
1089 1611 1158 1637 sitiet
1171 1611 1197 1637 in
1214 1618 1340 1637 retentum
1354 1611 1375 1638 '.
1399 1612 1444 1638 Sic
1459 1619 1524 1646 ergo
1547 1620 1595 1647 per
1614 1614 1705 1640 omnia

918 1656 1065 1683 similitudo
1077 1656 1185 1690 quidem
1198 1655 1388 1684 vocabulorum
1402 1658 1548 1684 secundum
1561 1663 1706 1694 utrumque

917 1701 1051 1728 hominem
1069 1702 1193 1736 ponitur;
1207 1708 1296 1728 rerum
1313 1709 1377 1728 vero
1392 1703 1543 1739 proprietas
1559 1703 1704 1737 unicuique

906 1746 1031 1773 discreta
1046 1752 1182 1779 versatur,
1199 1751 1226 1773 et
1247 1747 1414 1781 corruptibili
1429 1748 1617 1782 corruptibilis
1634 1756 1704 1783 prae-

917 1792 1034 1826 bentur;
1059 1792 1258 1828 incorruptibili
1281 1801 1346 1820 vero
1368 1794 1584 1828 ineorruptibilia
1606 1802 1705 1828 propo—

917 1842 1026 1865 nuntur.
1040 1838 1115 1866 Unde
1128 1840 1263 1867 acciditut
1273 1840 1451 1875 simpliciores
1461 1840 1569 1874 quidatn
1582 1840 1705 1867 nescien—

918 1887 957 1910 tes
971 1883 1135 1919 distinguere
1148 1892 1180 1911 ac
1191 1891 1332 1912 secernere
1343 1892 1404 1919 quas
1416 1885 1472 1912 sint
1491 1892 1551 1919 quae
1580 1885 1606 1912 in
1628 1885 1704 1912 Scri-

919 1929 1005 1965 pturis
1032 1929 1130 1957 divinis
1148 1930 1271 1958 interiori
1287 1931 1399 1963 homini,
1417 1938 1476 1965 qute
1493 1938 1557 1958 vero
1577 1931 1704 1958 exteriori

903 1977 1066 2011 deputanda
1091 1977 1155 2009 sint,
1183 1976 1373 2004 vocabulorum
1396 1976 1617 2004 similitudinibus
1642 1977 1704 2004 falsi

916 2022 949 2049 ad
973 2022 1075 2057 ineptas
1097 2023 1226 2057 quasdam
1243 2022 1345 2049 fabulas
1369 2028 1396 2049 et
1412 2023 1538 2057 ﬁgmenta
1563 2023 1652 2049 inania
1675 2030 1705 2050 se

917 2069 1092 2101 contulerint,
1109 2075 1137 2096 ut
1151 2069 1232 2096 etiam
1247 2074 1306 2103 post
1320 2070 1545 2096 resurrectionem
1562 2070 1630 2097 cibis
1643 2077 1704 2096 cor-

917 2115 1053 2150 poralibus
1070 2115 1196 2143 utendum
1213 2115 1364 2148 crederent,
1380 2119 1525 2149 potumque
1542 2115 1702 2143 sumendum

918 2168 970 2187 non
993 2161 1078 2187 solum
1095 2168 1128 2188 ex
1145 2160 1189 2187 illa
1205 2161 1258 2187 vite
1277 2168 1339 2188 vera
1365 2166 1392 2188 et
1417 2161 1523 2188 vivente
1543 2161 1570 2188 in
1594 2161 1703 2193 sazcula,

77 2222 145 2242 num
161 2214 296 2246 biberunt,
310 2213 335 2240 id
347 2213 397 2240 sibi
409 2212 534 2243 voluisse,
548 2211 637 2237 vinum
649 2210 765 2237 Aaronis
782 2214 809 2237 et
824 2216 867 2237 sa-
881 2208 904 2235 ι)
920 2214 1012 2233 verum
1029 2209 1056 2233 et
1070 2213 1104 2233 ex
1120 2206 1160 2233 his
1176 2206 1273 2233 vitibus
1281 2211 1307 2233 et
1318 2205 1449 2233 fructibus
1465 2205 1540 2239 ligni.
1560 2215 1569 2232 t
1585 2206 1703 2233 Tantum

78 2262 221 2290 cerdotum
244 2261 270 2288 in
296 2267 329 2287 eo
348 2259 465 2295 ὁμογενῆ
489 2258 571 2285 fuisse
596 2257 780 2284 eucharistico
802 2255 866 2282 vino

78 2308 182 2337 Christi
209 2312 236 2335 et
256 2307 450 2342 apostolorum,
472 2305 545 2339 quod
567 2308 681 2338 utroque
697 2302 868 2330 abstinerent

77 2355 127 2390 qui
152 2353 290 2381 accessuri
310 2357 387 2380 erant
402 2352 436 2378 ad
453 2351 550 2381 altare,
571 2350 606 2377 ab
622 2350 655 2377 iis
671 2357 736 2376 vero
751 2349 795 2384 qui
814 2356 867 2376 non

78 2405 172 2428 essent
186 2399 322 2427 accessuri
337 2398 371 2425 ad
384 2398 468 2425 altare
483 2403 627 2431 utrumque
642 2397 779 2423 biberetur
789 2403 796 2428 ;
808 2402 867 2429 _qua

79 2448 114 2474 de
135 2454 164 2473 re
184 2445 288 2472 scilicet
308 2445 360 2472 hoc
382 2444 440 2471 loco
462 2443 617 2478 agebatur:
644 2442 671 2468 in
697 2441 759 2468 aliis
777 2445 866 2467 autem

80 2493 166 2519 fuisse
179 2491 334 2526 ἑτερογενῆ,
345 2498 376 2517 ac
392 2490 419 2516 in
435 2497 467 2516 eo
483 2489 616 2523 prtecipue
627 2487 698 2522 quod
713 2485 827 2514 Aaronis
840 2488 867 2511 et

80 2539 254 2566 sacerdotum
285 2537 388 2569 vinum,
413 2542 514 2562 ntermn
535 2539 606 2562 esset
629 2533 742 2565 vinum;
767 2531 866 2558 Christi

80 2592 148 2612 vero
162 2589 193 2612 et
203 2583 407 2617 discipulorum,
423 2581 511 2616 specie
524 2581 664 2607 duntaxat.
681 2577 791 2612 Urgebit
804 2584 868 2603 vero

80 2630 180 2664 aliquis
197 2629 290 2656 dicens
312 2627 385 2654 nulla
404 2626 446 2655 hic
467 2631 529 2653 nota
547 2624 674 2659 distingui
694 2624 784 2650 vinum
801 2617 891 2649 illud“

79 2677 154 2712 quod
171 2683 230 2702 cum
246 2673 396 2709 publicanis
410 2678 437 2700 et
451 2671 638 2706 peccatoribus
663 2669 772 2697 bibebat
788 2668 869 2695 Chri-

79 2727 153 2754 stus,
169 2721 203 2751 ab
218 2728 251 2748 eo
267 2720 329 2746 vino
345 2725 399 2753 quo
419 2717 549 2744 iuultitua
569 2722 646 2743 cmna
663 2713 803 2746 abstinuit,
821 2712 868 2739 sed

79 2774 228 2802 utrumque
243 2765 342 2801 opponi
364 2765 429 2792 vino
452 2762 579 2795 Aaronis,
595 2769 627 2789 ac
647 2760 762 2796 proinde
780 2758 868 2786 simite

115 2829 138 2844 "'
153 2828 236 2855 llebr.
251 2836 277 2860 x,
296 2829 319 2855 l.
375 2828 381 2843 ’
403 2826 495 2854 Matth.
516 2832 554 2857 xi,
572 2824 614 2853 l9.

81 2883 121 2913 tv.
148 2875 190 2908 ίέ·

655 2823 662 2838 ³
677 2822 770 2855 Matth.
787 2829 859 2854 xxvi,
873 2820 918 2852 2’3:
941 2819 951 2835 ³
965 2819 1049 2852 Marc.
1068 2827 1124 2853 xiv,
1143 2818 1188 2850 25.

921 2252 996 2279 abest
1013 2257 1041 2279 ut
1060 2253 1123 2280 hinc
1141 2252 1240 2287 aliquid
1254 2260 1302 2287 pro
1317 2260 1365 2280 sua
1382 2260 1462 2280 causa
1479 2253 1606 2288 colligere
1620 2255 1705 2288 possit

919 2297 1087 2330 Albcrtinus,
1102 2303 1132 2325 ut
1145 2298 1187 2325 vel
1203 2299 1285 2333 ipsius
1299 2298 1418 2333 opinioni
1433 2299 1600 2326 contrarium
1614 2299 1639 2326 id
1658 2307 1704 2333 po-

921 2343 974 2369 tius
989 2347 1016 2369 et
1030 2343 1214 2370 adversarium
1235 2344 1287 2377 sit;
1304 2343 1344 2371 vel
1360 2349 1433 2371 certe
1454 2352 1502 2379 pro
1518 2350 1611 2372 neutra
1630 2350 1706 2380 parte

920 2393 1028 2424 pugnet.
1048 2389 1149 2424 Duplex
1161 2389 1292 2424 siquidem
1306 2391 1392 2423 cibus,
1408 2391 1505 2426 duplex
1517 2398 1581 2418 esus
1594 2391 1718 2419 interio-‘

920 2437 958 2463 ris
973 2435 1090 2464 hominis
1105 2436 1213 2471 intelligi
1229 2442 1316 2470 potest
1332 2446 1339 2464 :
1355 2437 1396 2465 vel
1411 2445 1473 2465 esus
1488 2437 1704 2469 sacramentalis,

920 2491 982 2510 cum
997 2482 1097 2510 Christi
1116 2490 1213 2516 corpus
1229 2490 1277 2509 ore
1299 2483 1460 2518 recipimus;
1476 2483 1517 2511 vel
1541 2483 1619 2515 alter,
1643 2490 1703 2509 cum

905 2544 907 2546 -
921 2528 1038 2555 Verbum
1054 2535 1163 2555 carnem
1173 2527 1273 2554 factum
1288 2528 1340 2555 ﬁde
1349 2529 1573 2563 apprehendimus
1587 2532 1614 2555 et
1629 2535 1705 2555 com-

919 2575 1035 2606 edimus.
1057 2581 1171 2608 quorum
1193 2578 1305 2607 uterque
1329 2574 1416 2608 capite
1441 2573 1552 2601 Joannis
1569 2579 1645 2602 sexto
1658 2581 1704 2601 ex-

921 2622 1045 2658 ponitur;
1062 2621 1105 2648 bic
1119 2620 1226 2655 quidem
1246 2628 1260 2646 a
1275 2628 1353 2647 versu
1371 2621 1402 2648 5i
1426 2622 1458 2648 ad
1475 2623 1531 2649 lucc
1547 2623 1626 2649 verba
1642 2629 1704 2648 ver-

923 2675 968 2695 sus
982 2666 1036 2693 52:
1054 2666 1087 2692 Et
1098 2667 1174 2700 panis
1193 2673 1268 2699 quem
1283 2672 1329 2698 ego
1350 2665 1436 2698 dabo;
1459 2666 1503 2692 ille
1523 2673 1586 2693 vero
1608 2667 1641 2694 ab
1664 2666 1705 2693 Itis

902 2730 905 2733 -
922 2711 1011 2739 verbis
1031 2711 1064 2739 ad
1084 2718 1193 2738 versum
1214 2709 1259 2737 59.
1282 2709 1311 2737 Si
1325 2716 1387 2736 esus
1399 2709 1444 2736 ille
1467 2710 1636 2744 intelligitur,
1651 2718 1705 2745 quo

922 2756 1039 2785 Verbum
1054 2764 1163 2785 carnem
1183 2757 1283 2784 factum
1299 2756 1352 2783 ﬁde
1366 2755 1542 2789 comedimus,
1563 2756 1625 2790 quid
1644 2756 1707 2784 inde

1251 2817 1260 2834 ⁸
1280 2817 1357 2849 Joan.
1382 2825 1421 2851 vt,
1435 2815 1532 2849 41,5].
1594 2815 1606 2831 '
1625 2814 1704 2845 Joan.
