1927 3076
218 123 226 126 ⁴
265 125 335 154 103⁷

903 123 933 152 Ρ.
953 120 1113 149 DANIELIS
1130 119 1246 148 HUETII

263 183 373 212 ellieere
387 183 473 218 possit
485 181 654 214 Albertintts,
670 188 722 208 non
737 181 825 210 video.
843 181 972 209 Fntemur
981 182 1051 209 enitlt
1067 182 1090 210 A
1105 185 1146 208 est
1163 180 1286 215 corporis
1300 183 1392 215 typum
1406 185 1438 205 ac
1452 177 1616 213 symbolum.
1628 177 1694 211 Quis
1712 181 1799 206 autem
1815 186 1860 207 eum

264 229 382 258 Verbum
399 236 509 257 carnem
524 227 637 261 factum,
652 232 786 263 quatenus
801 228 854 256 ﬁde
877 229 1055 264 apprehendi-

263 281 309 303 tur
322 280 349 303 et
364 274 526 307 comeditur,
544 274 642 301 anima:
657 275 795 310 proprium
807 282 870 302 esse
884 275 984 306 cibum,
1001 282 1053 302 non

263 322 396 355 corporis.
420 319 453 347 Et
478 327 511 347 ne
533 319 597 354 quid
622 319 803 352 dissimulem,
828 320 902 347 hunc
926 326 987 348 ease
1002 319 1054 347 loci

262 365 428 394 intellectum
443 372 551 392 censeo.
569 365 616 392 Sin
631 372 696 392 vero
712 372 777 393 esns
794 365 998 393 sacramentalis
1010 365 1055 394 hic

262 410 440 445 signiﬁcatur,
461 417 511 437 suo
533 409 586 437 sibi
608 409 700 445 gladio
712 410 855 446 iugulatur
878 410 1053 444 Albertinus;

262 463 324 484 nam
339 454 429 482 cibum
444 454 519 482 illum
532 454 664 483 vocabulo
676 459 778 483 tantum
790 463 851 483 cuin
864 455 933 483 cibis
944 455 1055 490 reliquis

261 501 407 529 convenire
429 501 468 528 ait
487 493 629 535 Origenes.
649 509 725 533 suam
745 509 810 529 vero
836 508 1055 536 unumquemque

262 545 456 581 proprietatem
479 553 608 579 servare;
631 545 694 574 illos
717 547 866 582 corrumpi,
892 547 965 575 hunc
986 547 1055 576 inte-

262 599 340 627 grum
358 598 489 620 manere:
512 591 551 619 sic
570 599 620 620 nos
641 599 738 627 panem
763 592 970 621 eucharisticum
992 600 1053 620 cum

261 637 325 666 aliis
348 638 463 671 panibus
485 638 617 666 vocabulo
640 638 788 666 convenire
811 638 937 672 dicimus,
964 639 1054 674 reipsa

263 684 436 719 discrepare;
451 684 500 712 hos
514 684 663 720 corrumpi,
677 692 778 720 corpus
790 692 856 713 vero
866 685 980 719 Christi,
993 693 1054 713 cor-

263 731 352 766 ruptis
365 730 562 765 accidentibus,
575 731 762 766 incorruptum
778 739 889 760 manere
901 742 908 761 :
921 737 949 760 et
959 740 1055 768 quam-

262 776 305 804 vis
322 783 449 811 corpore,
467 776 560 804 itidem
584 781 614 804 ut
634 776 680 804 alii
700 784 784 811 panes
805 778 969 813 excipiatur,
992 779 1053 808 illos

265 827 355 850 tamen
372 823 399 850 in
420 822 578 849 alimentum
599 823 722 858 corporis
737 823 855 857 mutari;
873 824 924 852 hoc
944 825 1052 858 anima,

264 866 387 894 interiori
399 866 503 893 scilicet
516 866 620 894 homini
632 874 665 894 ac
678 866 805 902 spiritali,
819 867 976 896 alimoniam
989 871 1054 897 sub-

264 911 432 944 ministrare,
448 911 635 939 accidentibus
651 912 782 939 duntaxat
796 919 894 947 corpus
907 913 1053 948 alentibus,

263 963 408 993 postquam
422 957 448 985 in
465 965 561 985 novam
577 958 756 986 substantiam
768 966 899 987 conversa
914 964 985 988 sunt.
1001 960 1053 994 Qui

255 1011 330 1032 vero
341 1005 400 1033 hate
412 1005 553 1033 sentential
563 1012 619 1033 suae
629 1005 873 1033 accommodabunt
883 1007 1053 1040 belerodoxi,

264 1057 327 1078 eum
343 1050 664 1086 panemeucharisticum
680 1051 791 1079 nomine
809 1055 914 1079 tantum
929 1060 989 1080 cum
1003 1060 1053 1088 pa-

267 1095 347 1123 nibus
367 1095 478 1131 reliquis
491 1098 637 1125 convenire
652 1101 758 1125 asserat
774 1097 924 1132 Origenes;
939 1097 976 1125 illi
997 1106 1053 1127 non

265 1142 375 1170 nomine
388 1143 487 1174 solum.
499 1143 547 1171 sed
560 1144 648 1179 reipsa
661 1143 770 1179 penitus
781 1144 928 1172 convenire
941 1144 1031 1172 dicant
1044 1154 1052 1173 :

261 1188 338 1219 hunc
354 1188 461 1222 animae,
475 1188 594 1217 hominis
608 1196 706 1224 nempe
719 1189 850 1225 spiritalis
863 1195 890 1218 et
905 1190 1053 1225 interioris,

258 1234 394 1269 .pabulum
417 1241 477 1266 esse
494 1234 592 1267 tradat
617 1235 768 1271 Origenes;
791 1236 851 1264 illos
868 1244 967 1272 corpus
981 1237 1055 1265 alere

265 1280 425 1311 heterodoxi
445 1285 562 1315 putent:
581 1281 632 1309 bos
646 1288 792 1316 corporeus
810 1286 838 1310 et
860 1286 987 1314 terrenos.
1004 1290 1054 1318 ap-

265 1325 347 1360 pellet
364 1325 506 1360 Origenes,
527 1330 557 1353 ut
572 1326 606 1354 ab
623 1325 668 1354 illo
685 1327 835 1361 distinguat
858 1327 904 1362 qui
924 1328 1054 1362 spiritalis

265 1375 319 1403 est,
342 1371 516 1413 mysticuset
533 1372 758 1407 saeramentalis;
775 1373 935 1405 lieterodoxi
949 1382 1014 1402 vero
1027 1379 1055 1403 et

261 1416 339 1453 hunc
353 1421 382 1443 et
399 1416 459 1445 illos
472 1416 552 1453 plane
571 1425 719 1453 corporeus
741 1424 769 1449 et
783 1423 906 1448 terrenos
922 1427 983 1448 esse
1006 1421 1054 1449 de-

266 1467 381 1492 cernant
388 1463 400 1489 2

303 1507 432 1535 Ultimum
441 1507 546 1540 locum,
554 1508 683 1543 quoniam
693 1516 726 1537 ex
742 1508 854 1546 Dialogo
864 1511 896 1538 dc
907 1512 1054 1540 orthodoxa

266 1552 329 1587 fide,
352 1553 447 1587 spurio
461 1553 562 1588 quippe
577 1553 663 1588 libro,
682 1559 710 1582 et
724 1554 848 1590 Origenis
869 1563 967 1584 nomen
987 1558 1056 1586 falso

267 1606 323 1632 praI
341 1606 370 1626 se
383 1598 487 1626 ferente
506 1598 607 1634 petitus
619 1605 673 1634 est,
686 1608 737 1630 nec
752 1602 786 1629 ad
801 1601 854 1630 hoc
876 1603 993 1639 pertinet
1012 1605 1055 1632 in-

266 1643 400 1678 stitutum,
416 1645 607 1680 prmtertnitto.
732 1671 734 1673 .

301 1689 420 1725 Lepidus
442 1697 508 1719 vero
522 1695 564 1719 est
589 1691 758 1727 Albertinus,
769 1701 837 1725 ,cum
853 1694 986 1724 adversus
1000 1695 1056 1723 Bu-

1108 226 1258 253 creditlerit
1280 229 1333 252 tam
1356 223 1502 259 pugnantia
1526 222 1689 257 scripsisse?
1710 222 1783 249 Absit
1801 223 1862 259 igitur

1105 277 1121 297 a
1143 269 1222 298 nobis
1239 273 1314 297 tanta
1328 268 1473 304 supinitas,
1496 271 1526 295 ut
1540 267 1623 294 verba
1641 267 1699 295 haec
1714 267 1799 295 nescio
1812 269 1862 298 uado

1105 322 1225 352 sumpta,
1248 320 1378 350 tanquam
1397 314 1523 349 Origenis
1538 314 1653 350 genuina
1676 314 1860 349 suscipiamus.»

1104 362 1175 390 Alibi
1201 366 1291 390 tamen
1312 361 1468 389 Albertinus
1490 361 1573 389 citata
1592 360 1714 395 quaedam
1741 360 1773 388 ab
1791 361 1862 389 eodem

1103 407 1257 443 Bnlengero
1281 408 1340 435 loca
1360 407 1496 442 Origenis,
1516 413 1578 442 qua:
1598 412 1687 433 causa:
1701 413 1754 433 sua
1772 407 1863 435 credidit

1103 459 1268 489 opportuna,
1291 461 1342 489 pro
1364 452 1501 488 germanis
1524 451 1653 479 admisit:
1678 459 1690 477 ι
1717 451 1760 479 Sic
1773 452 1863 481 enimet

1104 499 1248 535 Origenes.
1266 509 1276 526 ι
1302 499 1391 534 inquit
1411 498 1459 527 lib.
1483 505 1515 531 tt,
1534 505 1596 533 cap.
1617 497 1645 531 5,
1673 506 1684 524 ‹
1703 504 1719 524 a
1740 496 1864 533 Bulengero

1105 545 1206 574 relatus
1220 544 1259 573 ait
1278 549 1369 572 contra
1382 543 1568 572 Casaubomtm
1582 543 1650 571 Diat.
1672 543 1699 575 3.
1719 551 1745 578 p.
1761 543 1805 571 166
1818 553 1823 570 :
1835 545 1864 571 Ti

1104 592 1151 619 ἐπὶ
1174 591 1222 619 τοῦ
1243 590 1353 626 λογικοῦ
1375 590 1454 626 ἡμῶν
1473 589 1666 626 θυσιαστηρίου
1699 589 1864 625 ἐπιτελούμενα

1104 637 1214 672 ἁγιάζει
1225 637 1274 673 τὴν
1285 636 1436 673 τράπεζαν,
1451 636 1543 664 καὶτὰ
1558 637 1587 663 ὲν
1601 636 1670 672 αὗτῇ
1690 636 1780 673 σκεύη.
1799 637 1864 664 Ἀντί-

1103 694 1178 715 sum
1187 686 1242 722 γάρ
1254 686 1307 712 stet
1321 684 1369 712 τοῦ
1384 684 1549 721 Δεσποκικοῦ
1561 683 1697 719 σώματος.
1713 693 1723 710 ι
1736 684 1795 718 Qua:
1805 691 1865 719 super

1105 731 1229 759 rationali
1263 731 1342 759 altari
1377 735 1474 758 nostro
1505 729 1697 766 perﬁciuntur,
1723 729 1865 757 sanctiﬁcant

1104 785 1239 812 mensam,
1259 783 1286 805 et
1302 784 1365 805 vasa
1381 778 1448 812 qua!
1460 776 1488 804 in
1502 776 1561 811 ipsa
1576 779 1652 803 sunt.
1674 775 1796 811 Antitypa
1812 776 1865 802 enim

1106 829 1170 852 sunt
1184 824 1317 851 Dominici
1336 823 1471 858 corporis.
1487 831 1497 848 ι
1512 822 1662 850 Commoda
1679 829 1745 849 sane
1764 826 1788 848 et
1800 820 1865 849 facilis

1107 870 1263 905 disputandi
1281 870 1364 903 ratio;
1381 870 1404 897 si
1418 876 1480 904 qua:
1493 862 1658 896 catholicam
1674 875 1779 896 causam
1792 867 1865 902 juvant

1108 914 1274 947 testimonia,
1285 921 1336 949 pro
1348 913 1425 941 falsis
1435 921 1479 947 ea,
1491 913 1589 948 spuriis
1607 920 1640 940 ac
1662 911 1764 940 ﬁctitiis
1773 912 1864 940 habere:

1106 960 1130 988 si
1153 967 1213 995 qua:
1235 959 1363 987 videntur
1384 958 1472 986 eidem
1492 958 1643 991 contraria,
1668 957 1711 986 his
1725 957 1791 986 haud
1807 965 1865 986 secus

1107 1006 1281 1043 aciegitimis
1291 1011 1319 1034 et
1333 1006 1458 1042 genuinis
1472 1005 1522 1033 uti.
1542 1005 1591 1033 Vel
1607 1005 1684 1046 prior
1696 1012 1761 1033 sane
1772 1004 1866 1032 solvatur

1106 1053 1194 1086 locus,
1206 1052 1249 1081 vel
1263 1057 1415 1088 postremus
1428 1059 1482 1080 non
1507 1052 1676 1085 intentetur;
1694 1058 1772 1087 quem
1785 1058 1826 1078 nos
1835 1055 1865 1078 ts-

1107 1106 1169 1127 men
1183 1099 1276 1127 itidem
1288 1098 1440 1134 excipimus
1450 1102 1479 1126 ut
1490 1098 1585 1131 alium,
1596 1097 1623 1125 in
1631 1105 1689 1133 quo
1700 1096 1866 1125 eucharistiam

1109 1144 1188 1181 panis
1206 1151 1307 1181 corpus
1327 1143 1447 1181 typicum
1463 1148 1491 1171 et
1512 1143 1696 1181 symbolicum
1716 1141 1866 1179 appellatur:

1107 1199 1169 1220 nam
1180 1191 1326 1219 ἀντίτυπον
1346 1189 1513 1218 Δεσπιπικοῢ
1530 1189 1668 1226 σώματος,
1683 1189 1753 1216 idem
1767 1192 1804 1216 est
1817 1195 1841 1215 ac
1850 1187 1866 1215 si

1107 1243 1308 1266 sacramentum
1330 1238 1454 1273 corporis
1478 1236 1582 1265 Christi
1605 1236 1737 1273 appellet.
1759 1234 1865 1263 Przterea

1108 1292 1162 1313 non
1175 1284 1241 1313 satis
1254 1288 1367 1320 apparet
1380 1291 1416 1312 an
1439 1284 1473 1312 de
1494 1289 1564 1319 pane
1582 1287 1611 1311 et
1628 1283 1697 1310 vino
1717 1281 1866 1310 euehat-isnon

1108 1331 1164 1359 illic
1175 1336 1238 1367 agat
1252 1330 1393 1367 Origenes,
1404 1334 1436 1358 ut
1448 1329 1505 1358 vult
1517 1329 1687 1358 Albertinus.
1698 1329 1742 1357 Ait
1752 1327 1814 1356 enim
1823 1333 1866 1362 qua

1110 1385 1122 1404 ι
1137 1377 1316 1413 perﬁciuntur
1337 1383 1421 1412 super
1440 1376 1520 1404 altari
1541 1380 1637 1404 nostro
1659 1375 1790 1409 rationali,
1803 1383 1812 1401 ι
1831 1373 1866 1401 hoc

1107 1426 1151 1453 est
1176 1421 1204 1449 in
1218 1421 1309 1450 animo
1321 1426 1426 1454 nostro,
1444 1429 1455 1448 ι
1471 1427 1593 1460 mensam
1608 1425 1635 1448 et
1647 1427 1716 1448 vasa
1728 1426 1783 1455 quat
1794 1419 1815 1447 in
1826 1419 1865 1454 ipa

1107 1472 1171 1498 sunt
1182 1467 1364 1501 sanctiﬁcare,
1382 1476 1392 1493 ι
1407 1467 1458 1495 hoc
1469 1471 1512 1494 est
1524 1466 1644 1494 animum
1662 1470 1692 1494 et
1717 1464 1793 1493 animi
1806 1463 1866 1492 iacul-

1110 1518 1187 1541 tates.
1202 1512 1262 1541 Non
1274 1513 1354 1541 video
1367 1520 1416 1540 cur
1432 1512 1491 1540 hsce
1502 1512 1536 1540 ad
1550 1519 1626 1540 esum
1639 1511 1730 1547 potius
1742 1517 1866 1539 sacramen-

1110 1558 1190 1587 talem
1214 1558 1355 1586 referenda
1378 1558 1445 1592 sint,
1468 1565 1550 1594 quam
1568 1559 1601 1586 ad
1625 1565 1689 1585 eum
1705 1564 1757 1593 quo
1776 1555 1866 1584 Verbum

1107 1612 1219 1633 carnem
1236 1605 1338 1633 factum
1355 1604 1407 1633 ﬁde
1429 1604 1604 1632 comedimus.
1622 1603 1714 1638 Atque
1732 1607 1760 1630 ut
1772 1601 1812 1630 bic
1822 1607 1867 1628 esus

1107 1655 1150 1679 est
1162 1650 1310 1679 ἀντίτυπον
1329 1650 1535 1680 sacramentalis
1548 1657 1621 1684 esus,
1643 1650 1682 1678 ita
1706 1649 1812 1678 Verbum
1830 1648 1866 1675 ﬁdo

1108 1697 1318 1732 apprehensum,
1336 1701 1364 1725 et
1377 1701 1407 1725 ut
1419 1697 1456 1725 ita
1471 1697 1559 1725 dicam
1576 1695 1866 1729 manducatum,&wlw

266 1735 405 1772 lengerum
430 1736 571 1772 disputat,
598 1738 645 1774 qni
670 1744 754 1768 contr.
781 1739 896 1769 Cesset.
924 1745 994 1776 part.
1023 1749 1056 1775 tt,
1102 1749 1160 1770 suos
1178 1747 1222 1773 est
1243 1742 1374 1771 Dominici
1396 1742 1530 1778 corporis.
1549 1740 1645 1770 Priore
1666 1750 1731 1770 vero
1754 1742 1806 1770 loco
1821 1747 1865 1768 cum

265 1780 347 1810 diatr.
359 1782 385 1814 ὃ,
401 1789 462 1817 pag.
479 1782 541 1817 167,
557 1784 719 1814 catholicum
733 1785 766 1813 de
776 1785 946 1814 Eucharistia
959 1787 1055 1822 dogma

267 1826 429 1856 defendebat
440 1829 491 1857 hoc
503 1828 629 1865 Origenis
644 1831 800 1860 testimonio
815 1841 822 1859 :
843 1832 900 1860 Kal
910 1832 966 1870 γὰρ
979 1835 994 1861 ὁ
1005 1834 1055 1870 ἄρ-

266 1881 313 1900 του
333 1874 465 1910 μετέχων,
478 1875 526 1902 τοῦ
542 1875 666 1913 σώματος
679 1877 783 1913 Κυρίου
797 1879 1010 1915 μταλαμὸάνει·
1024 1880 1055 1907 οὺ

266 1919 322 1955 γὰρ
339 1920 510 1956 προσέχομεν
524 1922 556 1958 τῇ
575 1921 654 1957 φύσει
670 1931 725 1950 των
747 1924 884 1960 αἰσθητῶς
909 1925 1058 1962 προκειμέ-

267 1973 331 1997 νων,
359 1964 416 1992 ἁλλ¹
441 1966 578 2002 ἀνάγομεν
602 1968 652 2004 τὴν
673 1968 763 2005 ψυχὴν
789 1969 834 1997 διὰ
858 1971 976 2003 πίστεως
1009 1971 1057 1999 ἐπὶ

266 2009 355 2037 τὸτοῦ
366 2010 453 2046 Λόγου
473 2011 562 2047 σῶμα.
587 2013 623 2039 UO
645 2012 697 2047 γὰρ
720 2011 790 2040 εἷπε·
810 2014 894 2042 Τοῦτό
906 2016 965 2043 ἔστι
985 2015 1056 2051 σύμ-

267 2055 352 2083 6ολον·
368 2057 447 2091 ἀλλὰ,
464 2058 555 2085 Τοῦτό
563 2058 629 2086 ἐστι
640 2059 675 2086 τὸ
690 2059 787 2095 σῶμα,
799 2060 950 2094 δεικτικιῖις,
966 2062 1009 2090 ενι
1018 2062 1056 2099 μὴ

266 2102 367 2138 νομίσῃ
375 2111 418 2134 τις
426 2102 511 2130 τύπον
524 2102 604 2131 εἶναι.
619 2113 629 2131 ι
644 2104 711 2132 Nam
724 2106 770 2140 qui
782 2106 812 2133 ﬁt
821 2107 899 2142 panis
911 2107 1055 2143 particeps,

266 2154 364 2183 corpus
378 2148 477 2177 Christi
497 2150 663 2186 participat:
683 2158 732 2179 nec
747 2152 821 2180 enim
838 2154 1006 2182 attendimus
1021 2154 1056 2183 ad

1107 1797 1207 1825 corpus
1218 1788 1321 1818 Christi
1334 1790 1436 1818 sitnon
1449 1796 1510 1817 esse
1525 1792 1629 1824 typum,
1643 1789 1686 1817 sic
1700 1788 1817 1824 intellige,
1829 1793 1865 1814 non

1107 1843 1168 1864 esse
1183 1842 1287 1863 merum
1301 1839 1394 1871 typum
1408 1840 1436 1863 et
1456 1835 1563 1872 signum
1580 1835 1640 1863 sine
1657 1843 1688 1863 re
1706 1835 1812 1871 signata,
1823 1839 1866 1868 qua

1108 1881 1227 1917 vulgaris
1246 1884 1290 1909 est
1306 1881 1362 1917 typi
1379 1881 1473 1915 notio;
1494 1881 1542 1910 sed
1557 1888 1610 1909 non
1633 1886 1715 1917 negat
1730 1887 1786 1908 esse
1799 1884 1866 1915 typum

1107 1934 1140 1955 ac
1163 1927 1271 1963 signum
1295 1926 1407 1955 alterius
1430 1927 1548 1962 generis,
1574 1934 1672 1963 nempe
1694 1933 1723 1954 re
1746 1925 1866 1962 signiﬁcata

1107 1973 1293 2008 coniunctum.
1308 1973 1397 2009 Atque
1411 1973 1471 2002 haec
1485 1973 1511 2001 in
1525 1973 1671 2009 praesentia
1685 1971 1819 2001 suﬂiciant.
1830 1969 1866 2003 Qui

1107 2019 1185 2055 plura
1218 2019 1299 2054 volet,
1317 2019 1510 2047 Bellarminum
1540 2019 1663 2048 consulat
1681 2020 1727 2047 lib.
1746 2026 1766 2047 tt
1780 2018 1811 2045 Ds
1825 2016 1865 2043 EI-

1107 2066 1217 2093 cltarist.
1231 2073 1292 2102 cap.
1307 2065 1335 2098 8,
1351 2065 1396 2093 ubi
1411 2073 1466 2093 non
1480 2065 1560 2094 allata
1575 2065 1664 2094 solum
1677 2074 1692 2093 a
1705 2065 1812 2101 Martyre
1822 2062 1866 2090 Ori-

1107 2111 1185 2147 genis
1198 2112 1309 2147 exponit
1326 2112 1492 2145 testimonia,
1509 2112 1556 2141 sed
1572 2112 1689 2148 plurima
1702 2118 1801 2148 quoque
1813 2109 1866 2144 ejus-

1107 2159 1169 2186 dem
1184 2159 1291 2192 recitat,
1308 2159 1407 2194 quibus
1422 2163 1497 2187 recte
1512 2159 1546 2187 de
1572 2163 1742 2188 sacramento
1763 2154 1866 2184 Eucharb

267 2197 394 2225 naturam
415 2201 505 2225 rerum
524 2194 690 2223 sensibiliter
710 2197 922 2232 propositarum,
938 2199 985 2227 sed
1000 2200 1052 2227 eri-
1069 2206 1092 2235 ι)
1106 2204 1166 2233 alia;
1181 2205 1302 2234 sensisse
1324 2205 1444 2233 creditus
1459 2209 1501 2233 est
1519 2213 1526 2233 :
1542 2209 1570 2233 et
1583 2212 1632 2233 nos
1648 2211 1754 2240 quoque
1768 2199 1866 2230 nonnulla

266 2239 355 2273 gimus
365 2240 484 2269 animam
497 2249 546 2276 per
559 2241 640 2270 ﬁdem
655 2242 690 2270 ad
702 2250 800 2278 corpus
815 2243 907 2272 Verbi.
921 2244 988 2273 Nam
1002 2253 1055 2274 non

267 2285 362 2313 dixit:
379 2285 436 2314 lloc
461 2292 503 2315 est
527 2287 698 2324 Symbolum,
724 2290 781 2324 sed,
805 2289 863 2318 Hoc
883 2296 922 2319 ut
942 2284 1072 2330 corpus,‘

266 2330 493 2364 ostensive,utne
506 2334 567 2369 quis
585 2339 660 2369 putet
671 2340 762 2372 typum
781 2343 868 2364 esse.»
882 2335 941 2364 Non
957 2337 1055 2365 nodum

265 2376 347 2405 solvit
359 2378 518 2407 Albertinus
540 2380 610 2416 (42),
629 2381 676 2409 sed
690 2387 765 2410 secat
780 2382 832 2410 hac
853 2383 1050 2418 responsione:

269 2433 279 2449 ι
296 2423 422 2453 Fictitlus
438 2425 513 2454 locus
531 2432 584 2460 est,
607 2435 641 2455 ac
661 2428 777 2456 Graeculi
796 2429 866 2457 forte
881 2429 996 2465 alicujus
1011 2437 1054 2457 re-

265 2471 406 2505 centioris,
429 2471 538 2508 Origeni
559 2473 627 2501 falso
640 2473 746 2502 aﬁlctus
767 2483 775 2502 :
797 2473 963 2510 Bulengerus
981 2475 1054 2502 enim

266 2517 379 2552 ipsemet
403 2518 488 2546 alium
513 2519 626 2548 adduxit
647 2527 679 2548 ex
701 2520 796 2548 eodem
813 2520 929 2555 Origene
952 2520 1054 2554 locum,

266 2564 312 2591 ubi
327 2565 407 2599 plane
421 2564 447 2592 in
463 2567 629 2594 contrarium
645 2567 683 2594 ait
699 2567 732 2595 de
747 2574 818 2602 pane
830 2571 859 2594 et
873 2567 937 2595 vino
950 2567 1054 2595 Eucha-

267 2609 362 2640 ristico
371 2609 415 2638 illa
428 2611 549 2647 antitypa
563 2619 623 2640 esse
636 2611 909 2648 Dominicilcorporis,
920 2612 1055 2640 ἀντίτυπά

267 2656 321 2683 εἰσι
336 2657 383 2684 τοῦ
404 2657 569 2685 Δεσποτικοῦ
586 2658 721 2694 σώματος.
740 2657 973 2692 Quemadmodum
987 2665 1015 2687 et
1029 2660 1054 2687 in

253 2701 327 2730 .loco
350 2711 384 2731 ex
409 2703 606 2732 Commentario
629 2706 655 2732 in
681 2705 838 2733 Muttltmtm
860 2713 940 2741 supra
961 2706 1056 2741 citato,

267 2755 365 2782 panem
381 2755 461 2777 vocat
475 2757 573 2784 corpus
598 2750 717 2786 typicum
741 2756 769 2780 et
790 2752 981 2787 symbolicum,
1006 2752 1056 2782 hoc

304 2795 315 2810 ‘
331 2795 502 2832 Matthxxw,
516 2798 562 2826 26.

306 2841 362 2875 (μὶ)
384 2843 515 2871 Albertin.
531 2844 567 2872 De
584 2854 697 2874 sacrum.
714 2845 797 2874 Euch.
814 2847 860 2875 lib.
873 2854 902 2881 ll,
922 2855 979 2882 cup.
994 2846 1022 2876 2.

1108 2251 1142 2278 ad
1156 2255 1221 2279 tom.
1233 2259 1260 2279 xt
1287 2250 1399 2287 Origen.
1408 2251 1438 2278 in
1446 2250 1558 2285 Matth"
1570 2259 1645 2279 num.
1657 2250 1702 2284 ﬂ,
1711 2246 1866 2286 superandam

1109 2301 1271 2331 argumento
1283 2296 1470 2325 observamus.

1145 2341 1188 2369 Ill.
1209 2342 1250 2370 Ab
1266 2342 1446 2371 Eucharistim
1460 2347 1631 2371 sacramento
1647 2341 1833 2378 progrediamur
1842 2337 1864 2364 ad

1109 2392 1310 2415 sacramentum
1326 2387 1502 2420 matrimonii.
1519 2387 1592 2416 circa
1609 2387 1680 2422 quod
1693 2395 1710 2414 a
1728 2382 1864 2414 communio-

1109 2432 1184 2460 ribus
1212 2432 1340 2462 Ecclesiae
1366 2433 1500 2468 dogmatis
1525 2432 1656 2469 Origenes
1681 2433 1708 2460 in
1733 2429 1864 2467 quibusdam

1106 2479 1207 2507 abiisse
1219 2478 1334 2507 videtur.
1346 2478 1466 2507 Primum
1479 2479 1553 2506 hom.
1571 2479 1600 2506 ιι
1619 2480 1646 2505 in
1656 2477 1763 2510 Jerem.,
1776 2482 1836 2504 num-
1845 2473 1864 2504 5.

1107 2532 1134 2559 p.
1152 2524 1216 2558 191,
1237 2532 1403 2561 quaecunque
1421 2533 1457 2554 ex
1484 2525 1557 2553 coitu
1579 2529 1606 2553 et
1625 2524 1756 2560 voluptate
1782 2518 1865 2558 proiici-

1105 2575 1228 2605 scuntur,
1249 2572 1408 2607 purgatione
1429 2571 1551 2608 indigere
1577 2572 1615 2599 ait
1632 2580 1640 2599 :
1657 2577 1684 2599 et
1701 2577 1763 2598 tom.
1788 2565 1864 2595 xvnin

1110 2617 1222 2651 ΜαιιΙι..
1240 2626 1314 2646 ιιυιιι.
1335 2618 1381 2652 εδ,
1406 2625 1468 2654 pag.
1488 2619 1552 2652 8‘27,
1568 2618 1762 2654 quodammodo
1776 2613 1864 2661 pollutus

1109 2670 1170 2691 esse
1183 2663 1249 2697 vult,
1266 2664 1420 2699 quicunque
1441 2664 1564 2692 venereis
1577 2668 1687 2691 utuntur
1699 2671 1707 2690 :
1728 2669 1760 2690 ne
1772 2667 1810 2688 ess
1821 2664 1863 2692 tiu"

1110 2709 1172 2738 dem
1198 2711 1352 2746 voluptates
1379 2711 1528 2746 excipiens,
1555 2718 1671 2746 quarum
1693 2703 1861 2736 matrimonium

1109 2755 1244 2784 licentiam
1263 2757 1337 2785 facit.
1356 2757 1458 2785 Deinde
1487 2757 1557 2785 libro
1574 2764 1593 2784 ιι
1610 2756 1638 2784 iu
1655 2755 1737 2791 Epist.
1750 2751 1782 2781 ad
1793 2749 1860 2778 Mn
