1927 3076
20 152 24 155 _
64 119 136 149 rosa

492 120 776 150 ORIGENIANORUM
795 121 860 150 LIB.
881 121 914 155 ll,
934 122 1010 150 CAP.
1029 121 1062 155 ll,
1080 121 1219 155 QUEST.
1240 121 1312 150 XIV.

1624 125 1694 159 4090

67 185 145 206 num.
166 177 210 211 l3,
233 184 294 213 pag.
316 176 372 204 ιθι
387 177 637 210 ,-incircumcisum
659 179 784 214 appellat,
810 179 856 215 qui
871 181 895 210 Α
909 185 961 205 non
976 182 1086 213 propter
1101 177 1284 212 generationis
1304 177 1439 212 ordinem,
1457 178 1613 214 nuptiarum
1630 181 1693 208 ado‘

62 223 203 250 concessis
216 222 382 249 matrimonii
394 221 456 256 jure
471 222 655 258 voluptatibus
672 224 854 260 intemperan-

61 268 119 296 tius
133 268 274 301 abutitur;
291 267 482 295 circumcisum
502 276 579 303 vero,
605 277 615 295 ο
632 269 654 296 si
677 270 739 305 quis
755 270 782 297 in
801 270 853 297 hu-

60 312 213 347 iuscemodl
230 311 337 348 negotio
352 312 489 348 legitimis,
504 317 532 341 et
546 319 678 349 quantum
700 315 852 350 posteritati

59 358 162 387 sullicit
184 362 276 386 utatur
299 358 406 386 oﬂiciis.
425 368 435 385 ι
461 358 489 386 in
511 367 565 394 quo
580 364 761 395 praeterquam
783 368 852 396 que-

60 406 156 432 renda
176 404 276 432 sobolis
292 404 389 440 gratia,
406 411 580 440 congressum
600 412 708 433 omnem
724 405 854 442 coniuga-

60 450 117 477 lem
134 449 241 477 videtur
263 456 402 485 respuere,
424 450 506 478 etiam
523 451 597 478 illum
615 451 661 486 qui
682 455 712 478 ut
730 452 851 480 debitum

59 494 197 528 redditur,
216 494 257 522 vel
271 495 385 523 vitandas
399 495 554 523 tentationis
569 503 650 524 causa
667 502 850 532 perpetratur.

59 539 118 568 Sed
132 539 192 567 haec
203 547 309 575 quoque
323 540 350 568 in
365 547 430 568 voce
445 549 455 566 ι
474 539 601 576 legitimis
618 550 628 568 ι
642 542 852 577 οοηιὶιιεῑίροεο

60 593 161 615 sumus
184 587 365 621 respondere;
390 586 434 614 vel
455 586 644 615 circumcisum
656 588 765 623 quidem
789 596 851 617 eum

62 641 130 661 esse
153 633 199 668 qui
220 633 394 668 procreanda:
409 637 512 660 tantum
532 633 566 660 ad
587 633 685 661 cultum
701 634 747 662 Dei
767 634 851 670 prolis

62 685 150 706 causa
165 682 254 706 actum
272 678 439 713 coniugalem
452 683 577 712 exercet;
597 683 625 706 at
635 687 688 706 non
702 679 851 708 incircum-

58 723 161 755 eisum,
175 723 221 757 qui
236 722 303 751 alios
317 727 446 758 prmterea
470 724 539 751 lines
552 729 666 759 spectat,
679 724 726 751 sed
746 724 792 759 qui
809 724 850 752 in-

59 772 249 804 temperanter
265 775 295 795 se
312 768 392 803 gerit.
417 767 599 804 Hieronymus
612 774 686 797 certe
700 769 749 796 lib.
775 777 794 797 ιι
821 770 848 797 in

58 812 152 848 Epist.
165 813 208 841 ad
229 813 340 848 Ephcs.,
358 820 418 848 cap.
433 813 469 847 5,
490 814 609 849 reliquos
628 822 722 842 omnes
742 815 848 843 videtur

59 847 216 895 improbare
231 860 309 892 lines,
322 847 407 887 unum
421 860 492 888 hunc
508 847 661 892 admittere,
674 867 728 895 quo
740 861 847 889 soboles
862 847 884 879 Β

59 906 244 941 comparanda
271 905 438 942 proponitur.
466 914 476 933 ι
504 905 549 939 Si,
584 905 692 942 inquit,
718 907 754 934 ita
778 914 848 935 uxor

58 950 227 986 subiicienda
244 951 303 978 viro
315 955 367 985 est,
381 955 411 978 ut
425 950 534 979 Christo
554 951 694 985 Ecclesia;
713 952 785 980 inter
803 953 845 981 vi-

58 1003 122 1024 rum
136 1001 164 1024 et
185 1003 296 1024 uxorem
309 996 362 1024 erit
381 1001 472 1028 sancta
488 995 651 1032 coniunctio,
666 1001 694 1025 et
708 1005 845 1032 nunquam

58 1041 183 1077 corporis
197 1041 315 1070 servient
329 1041 518 1077 passionibus:
535 1051 545 1069 ι
561 1041 710 1071 Corinthiis
724 1051 801 1077 vero,
816 1048 846 1072 ut

57 1088 187 1121 inﬁrmis,
206 1088 321 1116 necdum
337 1088 421 1116 solida
445 1089 545 1124 pietate
567 1089 701 1117 roboratis
724 1095 845 1118 mutuam

58 1133 143 1161 debiti
158 1133 318 1161 solutionem
332 1141 380 1169 per
393 1134 597 1168 τυγκατάϐασιν
610 1140 638 1162 et
651 1135 844 1170 indulgentiam

58 1179 174 1207 Paulum
190 1179 356 1207 concessisse
378 1180 461 1213 dicit;
486 1185 516 1207 at
531 1180 669 1215 Ephesiis,
688 1185 718 1208 ut
740 1186 801 1216 pote
818 1182 844 1209 in

58 1225 160 1253 Christi
176 1225 297 1253 doctrina
311 1226 524 1261 provectiorlbus
536 1226 689 1261 ademisse;
700 1227 846 1262 unicuique

59 1276 151 1300 tamen
162 1271 203 1298 vel
215 1272 354 1307 Ephesios,
371 1271 411 1299 vel
421 1271 575 1300 Corinthios
588 1273 708 1301 aemulari
720 1273 761 1301 {as
773 1281 843 1301 esse.

58 1318 94 1346 Et
112 1317 192 1354 paulo
217 1322 299 1354 posti:
319 1326 329 1344 ι
349 1317 509 1346 Liberorum
528 1325 602 1353 ergo,
618 1322 648 1345 ut
661 1318 790 1351 diximus,
815 1319 842 1347 in

58 1365 233 1392 matrimonio
245 1372 327 1399 opera
340 1371 468 1392 concessa
481 1369 554 1392 sunt.
569 1363 727 1399 Voluptates
740 1369 842 1397 autem,

58 1419 120 1445 qua
131 1411 165 1438 de
183 1410 354 1438 meretricum
365 1409 508 1446 capiuntur
521 1409 699 1445 amplexibus,
717 1410 744 1437 in
761 1417 845 1438 uxore

59 1456 206 1484 damnatae.
221 1455 277 1484 Hoc
290 1455 385 1492 legens
402 1455 491 1483 omnis
503 1455 546 1482 vir
559 1459 587 1483 et
598 1462 677 1489 uxor,
695 1455 845 1491 intelligant

59 1502 112 1529 sibi
129 1506 191 1538 post
208 1505 366 1537 conceptum
381 1501 466 1537 magis
479 1501 597 1529 orationi
612 1509 693 1537 quam
709 1501 844 1530 connubio

57 1532 242 1575 serviendum.
262 1532 300 1574 Et.
309 1546 380 1582 quod
398 1532 603 1575 in'animalibus
620 1532 650 1574 et
671 1546 766 1574 bestiis
785 1547 844 1582 ipso
857 1532 878 1562 θ

58 1597 164 1620 natura
187 1591 248 1627 iure
272 1592 456 1627 praescriptum
481 1596 539 1625 est,
566 1596 597 1620 ut
619 1597 789 1627 praegnantes
811 1592 844 1620 ad

58 1643 164 1672 partum
179 1644 264 1672 usque
279 1644 332 1665 non
352 1641 460 1669 coeant,
475 1637 528 1664 hoc
544 1637 571 1664 in
588 1637 741 1673 hominibus
755 1637 844 1666 sciant

58 1683 173 1711 arbitrio
190 1682 360 1715 derelictum,
376 1687 406 1710 ut
421 1690 525 1710 merces
539 1687 612 1710 esset
625 1690 659 1709 ex
679 1682 842 1710 abstinentia

58 1728 237 1764 voluptatum.
255 1738 265 1755 ο
285 1728 324 1756 Εο
341 1728 473 1756 accedunt
492 1729 542 1756 ista
559 1728 698 1763 Epiphanii
715 1729 780 1756 har.
797 1729 843 1761 65,

59 1782 119 1810 cap.
131 1775 158 1809 4,
173 1775 202 1802 '0
214 1775 309 1811 σεμνὸς
317 1775 346 1802 δὲ
358 1774 446 1811 γάμος
457 1775 626 1802 παιδοποιίαν
637 1775 687 1802 οὒκ
699 1775 738 1807 είς
749 1775 844 1811 αἰσχύ·

58 1829 106 1856 νην
128 1821 163 1847 τὰ
177 1822 209 1848 ὲκ
225 1821 291 1847 Θεοῦ
313 1821 401 1852 καλῶς
412 1821 576 1855 κεκτισμένα
594 1819 770 1856 ἀπαγορεύει·
785 1820 842 1847 ἀλλ’

57 1867 119 1894 οὔτε
134 1867 221 1899 ἄλλως
239 1867 454 1902 μεταχειρίζεται
469 1867 519 1902 τῆς
537 1865 583 1892 τοῦ
594 1866 683 1902 γάμου
702 1867 843 1900 κοινωνίας

57 1913 107 1949 τὴν
122 1913 154 1940 ὲκ
173 1912 240 1939 Θεοῦ
256 1912 425 1948 τεταγμένην
442 1912 564 1949 ἀγωγήν.
588 1921 598 1938 s
617 1911 775 1948 Neutiquam
795 1913 843 1941 ho-

57 1957 197 1986 norabiles
217 1958 315 1993 nupti:c
337 1958 371 1985 ad
395 1958 568 1993 ignominiam
586 1958 725 1986 trahentes
749 1966 808 1994 quae
827 1967 842 1986 a

57 2004 114 2032 Deo
131 2004 241 2031 condita
259 2008 332 2036 sunt,
351 2002 496 2031 liberorum
514 2003 729 2039 procreationem
749 2005 841 2039 prohi-

56 2049 123 2077 bent
137 2058 146 2083 ;
163 2050 210 2077 sed
223 2057 273 2077 nec
286 2049 365 2077 aliter
379 2054 510 2084 usurpant
524 2049 651 2084 nuptialis
676 2048 843 2083 conjunctio-

56 2095 100 2122 nis
127 2095 236 2122 modum
260 2102 275 2122 a
300 2094 355 2123 Deo
374 2095 536 2122 institutum.
556 2103 567 2121 ι
598 2094 764 2130 Astipulatur
785 2095 841 2122 Au-

56 2140 183 2177 gustinus
194 2140 263 2168 libro
280 2140 319 2168 De
331 2140 397 2168 bono
407 2140 551 2176 coniugali,
564 2148 623 2176 cap.
637 2140 665 2168 ’1.
686 2149 695 2167 s
708 2139 841 2173 Reddere,

56 2186 158 2223 inquit,
190 2187 309 2215 debitum
338 2186 479 2222 coniugale
504 2186 604 2214 nullius
632 2190 675 2214 est
705 2186 840 2220 criminis;
857 2201 880 2229 ι)

56 2233 170 2268 exigere
184 2238 273 2260 autem
289 2232 358 2260 ultra
374 2232 519 2268 generandi
540 2232 741 2265 necessitatem,
756 2230 842 2266 culpae

56 2279 172 2306 venialis
187 2287 193 2306 :
213 2288 223 2304 ι
238 2278 310 2314 quod
331 2278 410 2306 iterat
427 2285 488 2312 cap.
513 2277 546 2305 10
559 2282 585 2304 et
599 2277 644 2309 ll.
660 2281 687 2304 et
698 2276 746 2305 lib.
772 2283 782 2304 ι
807 2275 844 2303 οι

55 2330 134 2360 πυρα.
148 2330 172 2352 et
188 2324 350 2359 concupisc.,
365 2331 425 2359 cap.
444 2323 488 2350 14.
505 2322 673 2358 Astipulatur
692 2327 719 2350 et
736 2322 843 2357 supple-

56 2376 179 2399 mentum
197 2370 314 2399 Summc
322 2370 353 2398 S.
371 2369 476 2397 Thema
497 2374 592 2404 quazst.
611 2369 656 2400 49,
678 2376 703 2396 a.
719 2368 745 2396 5.
766 2368 841 2403 Quod

56 2423 149 2446 autem
163 2417 247 2452 iactat
266 2415 430 2452 Theophilus
449 2415 547 2443 Pasch.
567 2415 585 2442 2
605 2420 633 2442 et
656 2415 684 2448 5,
700 2414 841 2450 Origenem

59 2473 71 2491 α
90 2463 265 2492 honorabiles
275 2463 469 2490 condemnasse
479 2463 597 2498 nuptias,
614 2471 624 2488 ι
642 2469 694 2490 non
709 2462 777 2488 illex
786 2461 843 2496 eius

56 2509 162 2542 verbis,
176 2508 223 2536 sed
239 2515 271 2536 ex
287 2508 414 2535 doctrinae
428 2507 510 2542 ipsius
525 2506 716 2541 consequentia
731 2506 820 2541 arguit
835 2516 842 2534 :

56 2555 98 2583 sic
113 2555 185 2582 enim
201 2553 395 2582 raliocinatur:
409 2553 436 2580 Si
449 2553 475 2580 in
489 2559 612 2587 corpora,
625 2552 665 2580 sic
676 2555 802 2587 tanquam
814 2551 841 2578 in

57 2599 206 2635 ergastula,
220 2599 398 2627 detruduntur
412 2598 510 2626 anima:
525 2598 623 2630 noxias,
635 2605 686 2624 non
703 2604 764 2624 esse
777 2596 842 2624 illud

59 2656 70 2673 ι
83 2645 171 2673 cubile
185 2644 397 2677 immaculatum,
408 2653 418 2670 ι
433 2651 482 2670 nec
493 2652 502 2669 ‹
516 2642 688 2670 honorabiles
700 2642 817 2676 nuptias,
830 2650 839 2667 ι

57 2699 120 2727 quat
150 2689 298 2718 formandis
324 2687 493 2724 corporibus,
519 2695 552 2715 ac
577 2687 674 2715 animis
699 2686 842 2722 puniendis

52 2743 170 2773 operam
187 2735 262 2767 dant,
282 2742 358 2768 cum~
371 2742 381 2759 ι
396 2738 507 2768 propter
524 2739 618 2767 pinnas
633 2732 796 2764 animarum,
815 2734 843 2757 et

94 2850 106 2866 ⁸
126 2851 134 2860 ⁴
150 2850 250 2883 Ephes.
270 2856 296 2879 v,
311 2847 355 2874 ει.

905 223 1063 251 lescentulis
1075 222 1163 251 vincla
1178 223 1343 252 tribuantur.
1362 233 1372 251 ι

940 268 998 296 Hoc
1011 268 1138 304 amplius,
1157 269 1254 296 scribit
1268 268 1400 305 Origenes
1414 269 1510 298 homil.
1525 270 1544 298 6
1556 271 1584 298 in
1597 270 1693 305 Νηηι..

905 321 982 342 ιιιιπι.
996 314 1024 347 5,
1044 314 1149 342 actibus
1163 314 1348 350 coniugalibus
1359 315 1490 350 Spiritum
1503 321 1626 344 sanctum
1639 325 1693 345 non

900 354 1011 387 adesse.
1028 359 1114 387 Verba
1129 359 1189 387 haec
1205 363 1285 387 sunt:
1312 369 1322 386 ι
1343 359 1483 388 Counubia
1500 361 1609 396 quidem
1624 361 1692 397 legi-

904 405 969 431 tima
993 409 1088 433 carent
1107 404 1214 440 quidem
1233 410 1362 440 peccato;
1384 413 1434 434 nec
1461 411 1550 437 tamen
1571 411 1692 441 tempore

904 449 950 477 illo
960 457 1015 485 quo
1030 449 1186 485 coniugales
1206 454 1284 478 actus
1300 455 1431 486 geruntur
1445 452 1588 487 praemia
1602 452 1689 481 sancti

904 495 1023 530 Spiritus
1045 495 1164 530 dabitur,
1188 496 1294 524 etiamsi
1317 497 1448 531 propheta
1471 505 1534 525 esse
1556 497 1690 534 videatur,

902 541 947 576 qui
969 541 1058 569 oilicio
1080 542 1267 577 generationis
1289 542 1459 576 obsequitur.
1488 552 1498 569 ι
1523 544 1559 572 At
1582 549 1690 573 constat

901 591 992 614 tamen
1006 590 1096 614 actum
1107 586 1189 620 hunc,
1201 586 1223 614 si
1237 587 1415 623 suscipiendae
1426 587 1510 623 prolis
1517 596 1598 617 causa
1610 597 1689 618 exer-

900 635 1007 663 ceatur,
1022 631 1063 659 vel
1077 631 1159 659 debiti
1172 632 1312 666 reddendi,
1325 633 1388 668 quia
1405 633 1479 661 aliud
1492 639 1535 662 est
1550 635 1688 670 religionis

900 683 978 711 opus,
1011 676 1084 703 aliud
1107 675 1233 709 iustitiae,
1256 681 1384 714 sanctum
1405 685 1465 706 esse
1491 684 1519 706 et
1547 679 1631 714 pium,
1656 687 1689 708 ae

900 722 1014 756 proinde
1040 721 1158 756 Spiritus
1180 722 1265 749 sancti
1291 723 1413 750 subsidio
1432 728 1460 751 ct
1478 731 1530 759 ope
1552 725 1687 752 exerceri.

899 766 1068 795 Contradicit
1082 767 1257 794 nihilominus
1273 768 1377 796 Auctor
1391 768 1487 803 Operis
1498 770 1644 805 imperfecti
1660 772 1688 799 in

900 811 997 839 Matth.
1023 819 1042 845 ι,
1069 812 1112 844 l8,
1139 813 1231 848 aitque
1253 814 1452 841 matrimonium
1475 815 1524 842 etsi
1550 817 1687 844 utentibus

898 865 1005 891 paenam
1028 865 1081 885 non
1103 856 1210 890 inferat,
1234 859 1385 886 mercedem
1417 863 1507 887 tamen
1534 867 1587 888 non
1617 868 1689 900 prce.

898 908 982 931 stare.

933 959 1075 989 Postremo
1097 959 1209 989 iteratas
1231 961 1349 996 nuptias,
1371 969 1424 990 non
1445 962 1522 997 quasi
1541 961 1689 992 damnosas

898 1004 1006 1041 penitus
1020 1013 1052 1033 ac
1070 1005 1181 1040 noxias,
1198 1006 1246 1034 sed
1263 1005 1340 1041 quasi
1362 1007 1406 1042 pio
1419 1011 1446 1035 et
1464 1007 1618 1037 Christiano
1633 1009 1685 1038 ho-

898 1049 970 1078 mine
991 1050 1114 1086 indignas
1133 1051 1311 1080 Adamantius
1329 1053 1474 1081 traduxit:
1494 1054 1565 1089 quod
1585 1055 1689 1083 merito.

898 1095 1033 1125 criminati
1053 1101 1118 1124 sunt
1138 1096 1395 1133 Magdeburgenses,
1411 1098 1489 1126 Cent.
1506 1100 1534 1133 ὅ,
1551 1107 1612 1134 cap.
1637 1100 1685 1128 {0.

901 1149 910 1168 ι
926 1140 1003 1169 Nunc
1017 1149 1093 1181 vero,
1112 1150 1122 1168 ι
1149 1142 1236 1177 inquit
1253 1142 1348 1173 homil.
1370 1143 1404 1171 Π
1418 1143 1445 1171 iu
1469 1142 1549 1178 Lua,
1561 1153 1571 1171 ι
1595 1149 1623 1172 et
1638 1152 1683 1172 se-

897 1186 1003 1219 cundae,
1017 1190 1044 1215 et
1061 1186 1158 1220 tertize,
1173 1191 1201 1216 et
1213 1192 1317 1223 quartae
1332 1189 1443 1223 nuptiae,
1462 1193 1492 1216 ut
1509 1188 1543 1217 de
1559 1188 1684 1224 pluribus

899 1236 1012 1265 taceam,
1037 1233 1220 1268 reperiuntur,
1242 1238 1270 1261 et
1284 1241 1338 1262 non
1361 1235 1517 1270 ignoramus
1537 1235 1608 1270 quod
1628 1235 1684 1264 talo

897 1275 1052 1312 coniugium
1069 1276 1158 1312 eiiciet
1176 1285 1225 1305 nos
1242 1278 1274 1305 de
1291 1285 1374 1314 regno
1388 1278 1447 1306 Dei.
1465 1287 1475 1305 ι
1503 1278 1538 1309 Et
1560 1279 1681 1308 deinde:

900 1331 910 1348 ι
929 1322 965 1349 De
978 1326 1049 1349 coetu
1062 1322 1259 1357 primitivorum
1285 1323 1575 1360 immaculatorumque
1589 1324 1685 1353 Eccle-

898 1367 953 1398 siae.
973 1376 1033 1404 qua:
1047 1376 1099 1396 non
1114 1368 1194 1396 habet
1215 1369 1359 1403 maculam,
1375 1377 1462 1404 neque
1477 1377 1570 1405 rugam
1585 1370 1615 1388 ν
1628 1369 1683 1404 eil—

897 1413 984 1441 eietur
994 1414 1126 1448 digamus,
1137 1421 1189 1441 non
1205 1422 1260 1449 quo
1274 1414 1299 1442 in
1312 1419 1441 1442 atomum
1456 1417 1577 1443 mittatur
1590 1415 1688 1446 lucem,

897 1458 984 1491 dium,
1000 1458 1048 1486 sed
1071 1466 1125 1493 quo
1149 1464 1256 1494 partem
1274 1467 1326 1487 non
1342 1459 1439 1487 habeat
1454 1459 1481 1487 iu
1497 1467 1580 1495 regno
1596 1461 1654 1490 Dei.
1669 1469 1680 1487 ν

898 1502 965 1532 Tum
978 1511 1059 1531 mox:
1076 1512 1086 1530 ι
1103 1504 1170 1532 Puto
1183 1504 1254 1532 enim
1272 1511 1474 1540 monogamum.
1494 1510 1521 1533 et
1535 1505 1681 1541 virginem,

894 1553 922 1576 et
935 1556 996 1576 eum
1016 1548 1063 1584 qui
1077 1548 1104 1576 in
1116 1548 1276 1576 castimonia
1290 1553 1456 1583 perseverat,
1469 1556 1530 1577 esse
1541 1549 1574 1577 de
1587 1549 1682 1577 Eccle-

894 1594 934 1621 sia
948 1593 1014 1627 Dei;
1029 1601 1091 1621 eum
1108 1601 1172 1621 vero
1185 1593 1231 1629 qui
1246 1594 1281 1621 sit
1296 1594 1428 1630 digamus,
1443 1593 1505 1621 licet
1517 1594 1616 1622 bertam
1633 1594 1687 1624 ha-.

893 1639 956 1667 beat
972 1638 1217 1672 conversationem,
1239 1643 1267 1666 et
1287 1640 1393 1667 caeteris
1409 1639 1554 1667 virtutibus
1567 1639 1681 1674 polleat.

894 1688 983 1712 tamen
994 1692 1046 1712 non
1059 1691 1118 1712 esse
1129 1684 1162 1712 de
1170 1684 1302 1718 Ecclesia,
1317 1689 1346 1712 et
1355 1685 1428 1712 deeo
1438 1692 1552 1712 numero
1567 1684 1613 1719 qui
1623 1692 1676 1712 non

894 1730 974 1757 habet
984 1737 1075 1765 rugam
1084 1734 1129 1756 aut
1139 1729 1282 1762 maculam,
1291 1734 1337 1757 aut
1347 1729 1447 1764 aliquid
1457 1729 1609 1757 istiusmodi
1617 1737 1624 1762 ;
1632 1730 1687 1766 sed

892 1782 952 1803 esse
962 1775 995 1802 de
1009 1775 1127 1802 secundo
1140 1775 1235 1810 gradu,
1246 1779 1273 1802 et
1287 1774 1319 1802 de
1330 1775 1372 1802 his
1383 1776 1428 1810 qui
1442 1775 1568 1803 invocant
1581 1783 1679 1804 nomen

893 1820 1010 1853 Domini,
1033 1825 1060 1848 et
1081 1820 1127 1855 qui
1154 1819 1292 1847 salvantur
1315 1820 1424 1855 quidem
1446 1820 1471 1848 in
1492 1821 1601 1849 nomine
1615 1820 1680 1849 Jesa

892 1866 1007 1900 Christi;
1028 1873 1197 1900 nequaquam
1224 1870 1312 1892 tamen
1341 1871 1505 1893 coronantur
1532 1867 1566 1894 ab
1582 1858 1634 1894 'eo.
1667 1875 1679 1893 ι

892 1911 960 1940 llinc
980 1911 1088 1940 homilia
1110 1911 1144 1938 l9
1165 1911 1193 1938 in
1210 1909 1321 1943 Jcrem.,
1353 1919 1429 1938 num.
1451 1911 1480 1944 4,
1503 1919 1556 1939 non
1578 1917 1681 1940 asteruo

892 1958 1000 1994 quidem
1022 1955 1199 1985 addicendum
1218 1956 1299 1983 trudit
1316 1956 1447 1991 supplicio
1459 1957 1614 1992 digamutn,
1632 1960 1679 1986 sed

891 2003 1049 2039 participem
1060 2003 1154 2031 salutis
1165 2002 1278 2035 alicujus
1290 2001 1420 2034 futurum,
1433 2009 1484 2029 non
1497 2007 1585 2030 tamen
1599 2007 1680 2031 tautze

891 2049 1037 2082 felicitatis,
1060 2052 1167 2083 quanta:
1194 2048 1238 2083 qui
1265 2055 1348 2083 purus
1373 2047 1480 2076 vixerit.
1504 2047 1589 2075 Τοιιιο
1612 2055 1680 2083 quo-

891 2102 944 2130 que
958 2102 993 2122 xx
1020 2095 1047 2122 in
1064 2093 1158 2128 10am,
1180 2101 1253 2121 num.
1271 2092 1315 2126 l0,
1340 2093 1366 2120 iu
1384 2100 1416 2120 eo
1439 2094 1593 2128 neutiquam
1619 2094 1680 2121 imi-

893 2139 1001 2166 tandum
1017 2138 1201 2166 Ahrahamum
1219 2137 1390 2172 pronuntiat,
1403 2137 1475 2172 quod
1497 2138 1602 2165 ancilla:
1614 2146 1679 2166 cou—

893 2184 1034 2217 cubuerit,
1049 2188 1076 2211 et
1099 2183 1230 2212 defuncta:
1244 2183 1321 2211 uxori
1336 2183 1415 2210 aliam
1435 2183 1460 2210 in
1482 2189 1621 2222 senectute
1634 2192 1681 2212 su-

894 2228 1089 2264 perinduxerit.
1112 2228 1238 2256 Profecto
1252 2235 1304 2255 non
1322 2227 1490 2254 Montaniana
1500 2247 1509 2261 ,
1528 2228 1598 2256 inter
1611 2236 1681 2264 quos

894 2273 1084 2307 Tertullianus,
1098 2281 1148 2301 nec
1168 2272 1310 2300 Novatiaui
1326 2271 1413 2300 solum
1428 2271 1478 2299 hac
1493 2273 1619 2308 opinione
1639 2274 1680 2300 in-

893 2319 957 2348 lecti
970 2324 1041 2351 sunt,
1053 2319 1100 2347 sed
1115 2319 1242 2347 nonnulla
1256 2319 1337 2347 etiam
1350 2317 1429 2353 huius
1437 2318 1527 2345 attinia
1541 2326 1574 2346 ex
1586 2320 1681 2347 ortho-

894 2365 970 2393 doxis
984 2365 1160 2399 scriptoribus
1173 2364 1262 2392 atIerri
1278 2364 1375 2398 solent,
1389 2372 1448 2399 quae
1463 2365 1489 2391 in
1505 2364 1680 2393 Decretorum

894 2416 970 2446 parte
982 2418 1012 2444 ll,
1027 2418 1102 2438 caus.
1117 2410 1163 2442 5|,
1179 2415 1275 2446 quaest.
1291 2410 1316 2445 Ι,
1330 2418 1391 2438 can.
1408 2409 1435 2443 8,
1456 2411 1472 2438 9
1484 2415 1512 2438 et
1527 2410 1571 2443 10,
1590 2411 1681 2438 retulit

895 2456 1048 2484 Gratianus.
1063 2454 1142 2482 Prior
1160 2455 1235 2483 locus
1251 2459 1294 2483 est
1314 2463 1346 2483 ex
1363 2455 1573 2484 Neocmsariensi
1586 2456 1679 2483 conci-

894 2501 940 2535 lio,
959 2507 1012 2536 quo
1029 2510 1038 2526 ι
1057 2500 1235 2527 secundarum
1252 2501 1406 2536 nuptiarum
1434 2501 1568 2529 connubio
1587 2510 1598 2527 ι
1617 2509 1687 2540 νηί

894 2548 986 2583 sbyter
1002 2546 1132 2574 interesse
1149 2545 1320 2580 prohibetur,
1337 2554 1397 2573 cum
1421 2547 1569 2581 prasertlm
1580 2546 1682 2581 nuptiis

894 2593 1024 2629 eiusmodi
1039 2591 1196 2627 pmnitentia
1211 2591 1310 2626 imponi
1328 2592 1421 2619 soleat.
1442 2591 1493 2620 Ubi
1509 2600 1569 2628 pro,
1586 2601 1596 2618 ο
1616 2600 1681 2620 cen-

895 2638 986 2670 nubio,
1003 2646 1012 2663 ι
1029 2637 1169 2669 legendum
1184 2640 1236 2668 est,
1252 2645 1262 2661 ‹
1277 2635 1417 2668 convivio;
1436 2645 1446 2661 ι
1462 2637 1501 2664 sic
1512 2637 1583 2664 enim
1603 2638 1682 2672 paulo

897 2687 955 2719 post
981 2682 1117 2709 habetur:
1143 2691 1151 2706 ι
1171 2681 1237 2715 Quis
1254 2680 1307 2708 erit
1329 2681 1481 2716 presbyter,
1505 2682 1550 2716 qui
1571 2687 1683 2717 propter

895 2729 1048 2757 convivium
1070 2727 1124 2757 illis
1142 2727 1293 2755 consentiat
1319 2726 1438 2761 nuptiis?
1455 2736 1464 2753 ι
1485 2726 1522 2754 lta
1542 2727 1640 2763 legitur
1654 2727 1682 2755 in
