1927 3076
233 125 300 155 1091

234 185 302 219 ipsis
316 183 422 212 concilii
434 181 644 217 exemplaribus,
657 186 690 210 ex
707 180 801 210 (ιι-ειεεο
819 180 1028 220 εΠρεσϐύτερον
1043 187 1064 214 Α

233 232 274 263 εις
297 231 405 266 γάμους
431 229 617 264 διγαμούντων
641 228 679 265 μῆ
707 226 857 256 ἑστιᾶσθαι.
888 229 963 263 Quod
987 230 1026 258 sic

235 277 323 304 reddit
345 275 489 310 Dionysius
506 275 625 309 Exiguus
648 284 655 302 :
679 283 688 300 ι
712 275 861 310 Presbyter
875 275 902 302 in
927 276 1026 310 nuptiis

233 323 293 356 ejus
309 322 353 356 qui
372 321 440 347 duas
461 327 560 347 uxores
575 320 662 351 ducit.
686 327 732 348 seu
755 321 879 356 digamus
901 321 1024 354 elIiritur,

235 375 268 394 ne
283 367 454 394 convivctur.
475 375 484 392 )
503 364 578 392 Alter
599 366 675 393 locus
693 371 734 394 est
752 375 785 393 ex
806 372 918 395 auclore
933 367 1027 401 Operi;

235 413 392 447 imperfecti,
409 411 503 440 homil.
528 409 563 439 55
575 403 727 444 irritati/1.,
743 413 787 445 19,
803 421 856 447 quo
873 413 1027 440 decernitur

235 460 339 487 licitum
362 465 422 486 esse
443 459 591 486 secundum
611 459 732 493 Apostoli
749 465 911 494 praeceptum
927 468 1026 486 secun-

233 505 282 533 das
298 506 373 533 adire
397 506 515 540 nuptias,
537 513 546 530 ι
569 504 716 532 secundum
738 509 827 532 autem
846 505 968 532 veritatis
985 513 1027 532 ra-

234 551 348 582 tionem,
370 558 435 578 vere
449 551 656 578 fornicationem
679 558 738 578 esse
755 560 761 577 :
777 551 822 578 sed
840 559 901 578 cunt
916 551 1028 585 permit-

235 600 311 623 tente
336 595 391 623 Deo
418 595 524 630 publice
558 598 586 623 et
615 595 726 622 licenter
751 596 942 628 committitur,
970 595 1027 623 ﬁeri

235 641 377 669 honestam
406 642 622 669 fornicationem.
643 652 651 668 ι
667 642 788 669 Tertium
807 643 914 670 demum
934 651 1029 678 suppe-

235 688 303 716 ditat
323 687 507 723 llieronymus
537 688 584 715 lib.
602 696 608 715 I
635 688 662 715 in
681 688 830 721 laciniam,
846 697 907 724 cap.
931 690 958 722 8,
976 697 1028 724 quo

235 735 369 762 secundas
392 735 499 769 nttptias
517 735 558 761 vix
575 735 728 769 nuptiarum
750 735 861 762 nomine
876 736 1027 769 donandus,

235 785 263 809 et
278 781 322 808 vix
336 782 504 808 excusandas
518 781 622 809 delinit.
639 781 673 807 At
691 782 716 808 id
738 790 790 809 non
808 786 862 808 tam
879 782 910 808 ad
928 790 973 809 eas
985 790 1028 809 re-

235 827 398 862 pudiandus,
412 834 491 862 quam
508 828 541 854 ad
559 827 740 854 extollendam
759 827 900 854 viduarum
916 828 1028 854 castita-

235 876 289 899 tem
306 872 408 898 dictmn
436 871 580 905 respondet
607 870 763 902 Gratianus,
788 872 815 898 ct
841 878 874 898 ex
893 870 953 897 aliis
969 865 1027 905 ejus

236 916 400 943 testimoniis
427 917 569 951 approbat.
598 916 650 944 Tot
679 924 744 943 vero
773 922 860 944 scatet
888 917 1028 944 erroribus

236 962 330 995 Operi:
349 963 497 997 imperfecti
516 963 645 997 scriptor,
661 967 690 990 ut
710 963 736 990 in
755 963 917 997 dogmaticis
933 963 1027 997 dispu-

220 1009 383 1043 ‘talienibus
408 1009 519 1035 minime
544 1009 579 1035 sit
600 1008 760 1036 audiendus.
783 1008 1027 1036 Neoctesariensem

236 1058 327 1081 autem
343 1054 473 1089 synodum
499 1054 532 1080 de
549 1054 670 1088 pluribus
691 1053 771 1080 simul
788 1053 878 1080 ductis
897 1053 1028 1079 uxoribus

237 1107 318 1134 agere
339 1099 460 1126 nonnulli
486 1099 649 1133 respondent
677 1107 684 1125 :
712 1105 793 1132 quam
823 1098 1028 1133 responsionem

236 1145 353 1180 probare
370 1152 422 1171 non
441 1150 561 1178 posstnn.
578 1143 667 1170 Malim
685 1142 763 1170 fateri
789 1143 868 1170 talem
887 1143 970 1171 fuisse
993 1150 1024 1170 ea

237 1195 316 1217 actate
339 1189 467 1218 Ecclesiae
492 1189 665 1217 severitatem
687 1194 714 1216 et
734 1189 861 1223 rigorem,
889 1194 918 1216 ut
941 1190 1029 1216 licitas

240 1235 312 1269 licet,
334 1235 451 1271 aliquam
470 1239 560 1268 tamen
573 1234 778 1262 incontinentiae
796 1234 914 1267 speciem
930 1242 985 1269 prae
1000 1243 1029 1263 se

238 1281 356 1309 ferentes
380 1281 488 1316 nuptias
513 1279 659 1313 secundas,
686 1287 738 1306 non
762 1279 919 1307 celebritate
941 1279 1029 1307 solum

237 1334 343 1358 carere.
361 1326 441 1361 eique
464 1327 651 1361 presbyterum
676 1326 786 1353 omnino
807 1334 860 1353 non
885 1326 1028 1359 interesse,

237 1373 284 1399 sed
297 1372 463 1407 ptenitentiaa
476 1372 557 1399 etiam
571 1371 743 1406 impositiono‘
755 1372 870 1406 quodatn
884 1373 963 1399 modo
979 1380 1029 1399 no-

239 1423 322 1445 tatam
338 1425 398 1445 esse
415 1417 504 1444 vellet.

277 1463 322 1492 ιν.
349 1463 514 1497 Theophilus
543 1462 751 1495 Alexandrinus,
773 1462 870 1490 Pascit.
898 1463 916 1490 2
951 1463 1030 1498 epist.

239 1509 384 1543 Origenem
399 1513 529 1534 causatur
541 1508 652 1542 magicis
667 1508 771 1535 artibus
783 1509 962 1543 patrooinium
978 1509 1027 1536 tri-

239 1542 340 1583 buisse.
365 1554 451 1581 Verba
476 1554 532 1580 hate
556 1554 665 1581 adducit
693 1563 708 1581 e
734 1555 843 1589 scriptis
871 1555 996 1590 Origenis
1023 1542 1068 1583 :c

242 1610 253 1628 ι
273 1602 325 1628 Ars
351 1601 454 1634 magica
476 1605 528 1627 non
554 1600 619 1627 mihi
638 1600 745 1627 videtur
768 1601 882 1635 alicujus
908 1602 945 1628 rei
966 1601 1031 1628 sub-

240 1646 364 1675 sistentis
387 1646 545 1673 vocabulum
571 1655 578 1672 :
600 1646 645 1673 sed
666 1647 717 1673 etsi
735 1647 782 1679 sit,
804 1655 856 1674 non
879 1652 919 1674 est
941 1648 1031 1682 operis

241 1692 315 1726 mali,
339 1699 373 1719 ne
399 1691 463 1726 quid
489 1692 589 1719 habere
616 1692 700 1725 possit
720 1695 896 1728 contemptui.
928 1703 937 1719 ι
963 1693 1031 1721 Tum

242 1739 325 1766 multa
348 1738 478 1765 adversus
495 1746 555 1764 eum
573 1738 690 1765 oratorie
706 1745 866 1774 exaggerat;
885 1746 928 1766 res
946 1742 1032 1766 atten-

242 1785 295 1812 tius
333 1785 510 1819 intrespirere
547 1786 658 1819 insuper
690 1784 780 1812 habet.
817 1786 961 1820 Origenet'n
995 1786 1032 1812 ait

240 1831 352 1866 Elymtc,
366 1828 470 1858 lamna:
481 1835 506 1857 et
534 1830 660 1858 Mambrm
676 1831 807 1858 fautorem
825 1839 903 1866 esse;
918 1832 1031 1859 deletam

242 1876 325 1903 fuisse
349 1876 465 1903 adventu
490 1876 594 1903 Christi
618 1877 814 1910 idololatriam,
836 1886 895 1912 quae
917 1882 950 1904 ex
975 1883 1034 1915 arlc

242 1922 346 1956 magica
375 1922 496 1956 profecta
524 1927 561 1954 et,
591 1930 621 1949 ae
643 1923 757 1950 deletam
784 1924 896 1958 proinde
918 1925 1032 1959 magiam

242 1968 269 2002 ip
279 1974 349 2000 \atn;
365 1967 470 2002 aliaque
484 1967 616 2002 ejusmodi
629 1968 742 2002 plurima
754 1970 883 2004 congerit.
899 1969 1031 2003 Quocirca

242 2021 393 2049 anonymus
407 2015 476 2049 apud
493 2013 626 2047 Pbotium,
644 2014 703 2042 cod.
717 2023 800 2048 CXVII,
820 2010 890 2043 inter
905 2016 1034 2044 crimina-

243 2059 331 2086 tiones
354 2059 380 2086 in
399 2059 543 2094 Origenem
567 2059 600 2085 ab
621 2060 785 2087 adrersariis
810 2059 941 2088 conﬂatas
964 2061 1034 2089 hanc

244 2113 314 2132 nono
329 2105 387 2132 leco
403 2110 523 2132 recenset
546 2114 552 2131 :
570 2105 611 2131 ὅτι
631 2105 661 2132 οὐ
677 2103 760 2133 κακὸν
774 2107 790 2142 ἡ
808 2107 911 2142 μαγῖα·
935 2108 1034 2134 malum

244 2159 296 2178 non
312 2160 367 2178 esse
387 2152 512 2186 m‘agiam.
535 2151 724 2180 Meminisscnt
739 2158 912 2181 accusatores
932 2153 970 2181 illi
985 2154 1035 2181 du-

244 2197 343 2231 plicem
372 2204 431 2224 esse
456 2197 583 2232 magiam,
612 2202 638 2224 ut
664 2203 739 2226 recte
763 2206 795 2226 ex
815 2198 990 2236 llieronymo,
1008 2206 1034 2228 et

243 2241 350 2270 Iustino
381 2244 494 2277 probant
514 2244 606 2271 Sixtus
627 2243 672 2272 lib.
698 2253 736 2276 v1,
755 2251 847 2274 atmot.
863 2246 890 2279 8,
906 2251 933 2273 et
945 2246 1034 2274 Gene-

245 2287 359 2315 brardus
369 2287 478 2316 Collect.
493 2297 555 2324 cap.
570 2290 597 2323 (5,
613 2290 735 2322 alteram,
748 2298 807 2326 qutc
820 2299 852 2318 ex
866 2292 1035 2320 naturalibus

246 2333 336 2360 causis
359 2338 385 2360 et
411 2334 549 2369 principiis
576 2343 618 2362 res
644 2336 772 2371 przevidet
798 2342 827 2364 et
849 2338 982 2372 praedicit,
1007 2343 1035 2365 et

247 2387 439 2414 nonnunquam
452 2381 532 2407 etiam
552 2378 643 2415 ellicit,
661 2389 720 2416 qua:
735 2383 844 2418 proprie
864 2383 1034 2418 philosophia

247 2430 304 2458 est;
322 2424 447 2458 alteram,
464 2432 524 2461 qua!
538 2426 688 2454 dmmo'num
704 2434 754 2462 ope
769 2433 796 2455 et
810 2429 930 2456 subsidio
943 2425 1034 2462 utens,

248 2471 392 2508 praestigiis
414 2471 536 2500 homines
557 2471 626 2499 fallit
644 2477 671 2500 et
692 2474 804 2501 deludit.
823 2474 915 2510 Magos
933 2472 1006 2509 illos,
1019 2483 1035 2502 a

248 2517 345 2554 quibus
367 2518 454 2553 magia
473 2518 544 2546 dicta
568 2523 625 2550 est,
651 2520 766 2547 deorum
792 2520 968 2555 religionibus
987 2521 1037 2548 ad-

247 2563 348 2597 dictos,
367 2571 465 2591 nomen
482 2564 571 2603 inde’a
588 2565 673 2599 patria
688 2566 804 2594 dialecto
819 2567 931 2594 sortitos
951 2567 1036 2594 refert

246 2602 413 2645 Porphyrius
430 2611 477 2638 lib.
495 2618 536 2643 ιιι,
554 2612 623 2646 Περὶ
642 2611 786 2647 ἐμψύχων
800 2611 933 2646 ἀποχῆς·
955 2611 1036 2648 Παρὰ

249 2655 299 2691 μέν
317 2665 349 2691 γε
363 2658 420 2689 τοῖς
436 2657 565 2693 Πέρσαις,
584 2659 679 2693 inquit,
695 2660 719 2684 οἱ
735 2659 799 2694 περὶ
813 2658 844 2685 τὸ
856 2659 934 2685 Θεῖον
946 2658 1034 2693 σοφοὶ,

247 2701 295 2728 καὶ⁸
321 2702 403 2728 αὑτοῦ
438 2702 619 2738 Θε-ράποντες,
647 2705 737 2739 Μάγοι
767 2704 815 2740 μὲν
841 2703 1036 2740 ὀνομάζονται·

247 2747 325 2774 τοῦτο
340 2748 394 2784 γὰρ
411 2749 482 2775 κατὰ
495 2749 545 2785 τὴν
559 2749 706 2786 ἐπιχώριον
725 2750 863 2777 διάλεκτον
879 2749 1006 2786 σημαίνει
1025 2750 1039 2776 ό

247 2793 351 2826 Μάγος.
369 2803 378 2819 ι
395 2795 472 2828 Apud
489 2794 596 2828 Persas,
610 2797 656 2830 qui
679 2804 768 2823 rerum
785 2797 936 2824 divinarum
957 2796 1038 2831 periti

247 2843 320 2872 sunt,
337 2840 455 2882 deosque
467 2840 575 2876 colunt,
597 2841 665 2878 Magi
682 2847 872 2878 nuncupantur
896 2843 943 2871 :id
965 2843 1038 2870 cnim

1044 857 1065 888 Β

1051 2231 1073 2258 D

874 125 905 153 P.
923 124 1082 152 DANIELIS
1101 121 1219 152 itUETll

1811 121 1881 152 1092

1081 185 1168 218 patria
1189 183 1295 210 illorum
1307 183 1423 211 dialecto
1437 182 1569 218 signiﬁcat
1584 178 1690 219 lllagus.
1710 189 1722 209 ›·
1741 182 1878 218 Prtecipui

1078 235 1166 257 autem
1189 231 1258 256 inter
1279 230 1456 264 pbilosopbize
1471 235 1598 264 parentes
1615 230 1685 266 Magi
1704 237 1879 257 commemo-

1077 280 1172 302 rantur
1193 283 1208 301 a
1226 271 1333 302 Laenio
1351 276 1376 301 in
1400 275 1517 302 Promm.
1540 275 1655 310 Magiam
1678 281 1750 309 ergo
1776 274 1800 300 si
1826 282 1877 300 rem

1077 325 1131 345 non
1156 318 1252 344 malam
1269 326 1329 345 esse
1352 319 1420 345 dixit
1441 318 1583 353 Origenes,
1598 319 1717 354 perinde
1741 323 1787 345 est
1808 327 1838 346 ac
1859 321 1879 346 si

1079 366 1279 401 philosophiam
1301 375 1356 393 rem
1382 375 1432 393 non
1456 367 1552 393 malam
1575 366 1684 394 dixerit.
1715 365 1783 392 Pari
1805 366 1880 391 modo

1078 412 1265 446 accipiendum
1290 417 1331 439 cst.
1359 413 1429 447 quod
1458 413 1493 438 ait
1527 413 1575 439 lib.
1600 415 1636 439 vit
1669 417 1771 438 contra
1801 410 1879 441 Cois,

1079 465 1152 484 num.
1171 458 1197 490 5,
1218 463 1303 484 artem
1324 458 1534 494 προγνωστικὴν
1552 458 1668 485 medium
1689 456 1804 491 aliquid
1825 464 1880 482 esse

1079 509 1106 530 et
1127 503 1282 530 indichre'ns
1305 514 1311 530 2
1338 513 1398 531 nam
1421 505 1443 531 si
1466 514 1498 532 ex
1533 512 1677 531 causarum
1710 503 1879 530 naturalium

1079 549 1246 584 inspectione
1261 548 1460 583 proficiscatur,
1478 544 1620 577 laudabilis
1635 555 1695 582 est;
1712 550 1757 576 sin
1778 557 1811 576 cx
1829 547 1880 576 (Ιιρ-

1080 599 1188 624 ιιιοηιιίιι
1211 597 1324 629 teclmis,
1338 598 1524 631 vituperanda.
1542 597 1570 624 Ὀ
1585 592 1670 631 Λόγος
1681 597 1717 632 δὴ
1737 597 1828 631 αἱρεῖ,
1844 597 1876 623 in-

1078 643 1145 678 quit,
1159 638 1238 677 φαῧϊ
1251 643 1318 670 ἄττα
1331 643 1451 679 νομίζειν
1461 642 1529 678 εἶναι
1541 644 1574 670 τὰ
1582 644 1696 670 τοιαῦτα
1709 643 1879 679 (πνεύματα)

1079 685 1112 724 τῇ
1127 690 1316 724 προγνωστικῇ
1330 689 1454 724 δυνάμει,
1473 689 1542 725 μέσῃ
1559 688 1737 724 τυγχανούσῃ
1754 689 1799 718 εἰς
1817 682 1880 714 ἀπά-

1079 741 1128 769 την
1149 733 1300 769 ἀνθρώπων
1322 734 1466 769 χρώμενα,
1487 734 1534 760 καὶ
1559 733 1626 770 πρὺς
1650 733 1681 759 τὸ
1707 733 1879 768 ruptorth

1079 778 1176 810 αὐτοὺς
1198 777 1251 804 ἀπὸ
1275 777 1321 805 τοῦ
1350 778 1429 811 Θεοῦ,
1449 779 1495 804 καὶ
1515 777 1564 814 τῆς
1585 774 1715 813 κίθαρίς
1738 779 1782 808 εἰς
1807 777 1880 804 αὐτὴν

1080 823 1229 855 εὐσεϐείας.
1247 823 1364 858 Magiras
1377 831 1442 858 ergo
1464 829 1536 851 artes
1548 844 1555 855 ,
1573 825 1632 857 quae
1649 824 1814 850 dminonum
1835 822 1878 849 fal-

1081 868 1158 896 laci'ts
1171 869 1402 901 administrantur,
1419 869 1591 904 improbath
1607 867 1695 902 rcjicit
1711 871 1723 895 :'
1737 869 1788 896 sed
1803 868 1880 895 multo

1082 909 1163 942 etiam
1184 914 1310 941 disertius
1332 915 1381 941 sub
1404 914 1484 941 linem
1505 915 1693 942 antecedentis
1711 914 1791 946 libri,
1810 923 1878 943 num.

1082 960 1134 993 80;
1151 961 1185 988 ibi
1202 961 1298 995 quippe
1311 958 1417 987 Celsum
1430 955 1560 995 coarguit,
1577 961 1621 995 qui
1638 956 1734 995 Magos
1749 960 1879 987 ὲνθεωτὰ-

1081 1015 1145 1038 τους
1162 1007 1352 1042 appellaverat,
1380 1006 1426 1041 ἀφ’
1441 1003 1489 1038 ὧν,
1507 1007 1601 1041 inquit,
1649 1006 1825 1042 παρώνυμος
1839 1007 1878 1032 τῇ]

1082 1052 1175 1084 εονους
1198 1052 1286 1079 αὐτῶν
1313 1052 1415 1088 μαγεῖαι
1432 1052 1477 1078 καὶ
1500 1053 1555 1084 τοῖς
1575 1052 1679 1083 λοιποῖς
1694 1053 1818 1084 ἔθνεσιν,
1839 1053 1879 1079 ἐπὶ

1082 1097 1214 1134 διαφθορᾷ
1233 1098 1280 1124 καὶ
1296 1094 1398 1133 ὀλέθρῳ
1417 1097 1470 1124 τῶν
1487 1098 1635 1133 χρωμένων
1652 1098 1736 1134 αὐτῇ,
1756 1098 1878 1134 ἐπιδεδή-

1085 1149 1224 1180 μηκενιει
1239 1144 1330 1171 homil.
1351 1144 1382 1170 ιδ
1405 1144 1431 1169 in
1454 1143 1550 1175 Num.,
1568 1152 1643 1170 num.
1662 1144 1678 1171 5
1697 1153 1703 1169 :
1725 1154 1734 1169 ι
1758 1143 1815 1172 Nec
1832 1145 1878 1171 mi-

1083 1191 1160 1223 reris,
1183 1190 1205 1217 si
1222 1194 1264 1216 cst
1281 1189 1307 1216 in
1328 1189 1431 1224 magica
1447 1194 1504 1216 arte
1521 1189 1572 1215 tale
1589 1189 1689 1224 aliquid
1707 1198 1714 1216 :
1731 1197 1794 1216 esse
1809 1190 1877 1216 enim

1084 1237 1155 1263 hanc
1179 1241 1264 1262 artetn
1283 1235 1407 1270 designat
1430 1235 1511 1262 etiam
1534 1235 1687 1270 Scriptura,
1711 1234 1760 1262 sed
1789 1235 1828 1262 uti
1849 1242 1876 1262 ea

1085 1281 1218 1316 prohibet.
1235 1280 1302 1308 Nam
1316 1286 1343 1308 et
1361 1282 1494 1308 daemones
1511 1280 1649 1316 Scriptura
1665 1288 1728 1308 esse
1742 1281 1876 1317 designat,

1085 1327 1130 1354 sed
1151 1327 1203 1354 coli
1221 1335 1268 1354 cos
1282 1332 1308 1354 et
1320 1327 1428 1354 exorari
1444 1332 1527 1354 vetat.
1542 1325 1627 1354 Recte
1641 1335 1709 1362 ergo
1723 1327 1809 1354 etiam
1824 1334 1877 1354 ma-

1085 1373 1143 1408 gica
1168 1374 1206 1400 uti
1231 1374 1366 1407 prohibet,
1394 1373 1456 1408 quia
1482 1373 1619 1407 lllagowm
1645 1373 1770 1400 ministri
1792 1372 1875 1408 angeli

1085 1422 1148 1446 sunt
1170 1419 1286 1454 refugae,
1303 1423 1330 1446 et
1347 1419 1459 1454 spiritus
1482 1419 1602 1454 maligni,
1620 1423 1647 1446 et
1671 1419 1810 1446 dmmonia
1828 1421 1873 1446 im-

1086 1464 1195 1492 munda.
1213 1474 1222 1490 ι
1244 1464 1358 1499 Reliqua
1374 1473 1427 1492 non
1445 1465 1534 1492 minus
1560 1465 1675 1491 dilucida
1697 1465 1817 1492 vitanda:
1837 1473 1876 1492 sa-

1089 1511 1187 1538 tietatis
1204 1519 1284 1538 causa
1300 1511 1484 1546 praetermitto.
1499 1509 1628 1538 Tractatu
1640 1512 1724 1538 etiam
1740 1512 1770 1538 in
1784 1511 1873 1537 Matth.

1088 1556 1224 1583 tricesimo
1246 1556 1351 1591 quinto,
1379 1565 1452 1584 num.
1478 1553 1539 1590 “0,
1561 1564 1621 1592 pag.
1647 1555 1711 1590 tll0,
1739 1557 1874 1584 Judaicutn

1087 1609 1146 1629 esse
1162 1601 1226 1628 dlcit
1248 1602 1373 1636 adjurarc
1387 1602 1516 1629 daemonia
1527 1622 1534 1634 ,
1555 1610 1642 1637 neque
1656 1604 1810 1629 secundum
1833 1610 1873 1636 ρο·

1088 1649 1214 1675 testat‘em
1240 1655 1254 1674 a
1285 1647 1396 1675 Christo
1433 1655 1605 1681 concessam;
1642 1656 1696 1682 quo
1732 1648 1874 1683 signiﬁcari

1086 1694 1143 1720 vult
1157 1693 1187 1720 S.
1209 1692 1328 1720 Thomas
1348 1692 1408 1726 2-2,
1427 1698 1522 1728 quaest.
1537 1692 1582 1726 90,
1599 1701 1624 1719 a.
1643 1693 1671 1726 ‘2,
1689 1693 1716 1720 id
1732 1693 1874 1727 adjuratio—

1087 1739 1128 1766 nis
1144 1747 1239 1774 genus,
1257 1740 1328 1774 quod
1345 1739 1382 1780 ﬁt_
1390 1747 1437 1774 per
1453 1747 1556 1775 preces,
1571 1739 1706 1766 sacriticia
1717 1760 1725 1772 ,
1741 1745 1770 1767 et
1786 1739 1875 1766 vetitas

1086 1784 1283 1815 czeremonia‘s;
1298 1792 1351 1811 non
1362 1785 1475 1811 altermn
1495 1784 1567 1816 illud,
1581 1785 1652 1819 quod
1671 1784 1699 1811 llt
1714 1785 1873 1818 potestatiu,

1085 1833 1114 1856 ut
1132 1829 1250 1863 loquitur
1261 1829 1390 1861 Thomas,
1402 1835 1429 1856 et
1445 1837 1497 1864 quo
1514 1829 1632 1856 Ecclesia
1649 1830 1686 1856 uti
1701 1829 1783 1856 solet.
1801 1829 1876 1856 Libro

1087 1874 1214 1901 etiamm
1242 1874 1311 1909 Περὶ
1329 1873 1440 1909 ἀρχῶν,
1458 1882 1515 1909 cap.
1535 1874 1564 1906 ὅ,
1582 1882 1656 1901 num.
1671 1875 1687 1900 5
1701 1879 1729 1902 et
1747 1874 1775 1908 4,
1800 1875 1834 1901 ita
1846 1874 1875 1901 de

1086 1920 1174 1954 magia
1189 1920 1308 1953 disserit,
1324 1925 1353 1947 ut
1371 1928 1424 1955 pro
1437 1922 1516 1948 nox‘ia
1530 1925 1558 1948 et
1573 1921 1728 1956 perniciosa
1748 1922 1820 1950 hanc
1837 1922 1874 1956 ip-

1086 1975 1145 1994 sum
1160 1967 1285 1994 habuisse
1301 1971 1417 1994 constet.

1123 2013 1152 2040 V.
1169 2013 1234 2046 Qua:
1253 2021 1313 2040 cum
1333 2013 1367 2040 ita
1385 2018 1417 2040 se‘
1435 2013 1563 2044 habeant,
1589 2013 1674 2040 miror
1691 2013 1719 2040 id
1736 2014 1874 2048 scripsisse

1087 2061 1255 2088 Eustathimn
1271 2060 1467 2087 Antiochentttn
1482 2070 1487 2086 :
1508 2059 1577 2086 Ἀλλ’
1589 2061 1603 2086 ὁ
1615 2060 1721 2095 κομψὸς
1740 2055 1875 2096 Ὡριγέιιης

1086 2105 1305 2141 εἰδωλολατρείας
1319 2105 1432 2141 ὖργανα,
1447 2104 1493 2132 καὶ
1507 2106 1722 2141 νεκρομαντείας
1737 2107 1874 2142 εὑρήματι

1085 2152 1124 2188 τῷ
1144 2152 1193 2188 τῆς
1215 2147 1376 2186 Ἐὶίκλησίας
1396 2151 1479 2178 θέλων
1501 2150 1714 2188 ὲπεισκυκλῆσαι
1737 2153 1811 2189 χορῷ
1833 2152 1872 2179 τοῦ

1087 2195 1160 2225 θείω
1173 2193 1371 2233 καταψεύδεται
1384 2197 1558 2234 Γράμματος.
1583 2208 1591 2224 ι
1609 2198 1662 2225 Sed
1676 2205 1810 2226 Venustus
1821 2199 1874 2226 Ori-

1089 2253 1170 2280 genes
1187 2245 1346 2272 idololatria:
1363 2245 1542 2272 instrumenta
1554 2265 1561 2277 ,
1582 2250 1610 2272 et
1624 2247 1822 2274 necromantia:
1837 2247 1872 2273 in-

1089 2290 1167 2317 venta
1191 2289 1217 2316 in
1233 2289 1361 2317 Ecclesiae
1377 2289 1489 2316 chorttm
1512 2290 1641 2317 inducere
1662 2290 1768 2323 volens,
1791 2292 1817 2318 in
1836 2299 1872 2318 sa-

1089 2344 1163 2363 cram
1174 2335 1344 2370 Scripturam
1357 2335 1495 2362 mentitur.
1504 2343 1514 2360 ῖ
1523 2334 1612 2363 Locus
1626 2335 1743 2364 habetur
1755 2337 1783 2364 in
1793 2337 1873 2366 libcllo

1090 2378 1128 2407 De
1145 2381 1365 2416 engastrimytlto,
1382 2387 1461 2416 quem
1486 2380 1637 2409 lucubravit
1650 2382 1685 2409 ad
1707 2383 1734 2410 id
1754 2384 1870 2419 rejicien-

1090 2431 1153 2458 dum
1169 2429 1295 2466 Origenis
1309 2431 1417 2465 dogma,
1436 2437 1489 2464 quo
1503 2431 1620 2458 animam
1638 2431 1725 2466 ipsam
1746 2432 1872 2461 Samuelis

1089 2485 1102 2503 a
1118 2476 1281 2512 Pythonissa
1301 2483 1350 2510 per
1368 2474 1568 2503 incantamenta
1588 2482 1731 2504 evocatam
1750 2478 1872 2506 decrevit.

1088 2521 1188 2549 Eadem
1213 2522 1245 2549 de
1268 2529 1349 2549 causa
1367 2517 1494 2556 peculiari
1515 2521 1585 2549 libro
1607 2522 1755 2557 Origenem
1780 2523 1874 2552 Metho-

1088 2569 1149 2595 dius
1167 2567 1266 2604 Tyrius
1290 2565 1398 2599 refellit,
1415 2570 1444 2593 ut
1465 2571 1559 2594 auctor
1575 2571 1617 2594 est
1634 2567 1818 2604 Hieronymus
1841 2570 1873 2597 De

1088 2615 1178 2647 script.
1195 2613 1299 2646 eccleu,
1320 2621 1381 2648 cap.
1405 2609 1449 2640 9L
1470 2612 1546 2640 Hunc
1557 2614 1639 2641 etiam
1655 2619 1732 2642 notat
1749 2623 1870 2647 errorem,

1090 2667 1235 2694 suppresso
1256 2659 1318 2687 licet
1338 2657 1464 2694 Origenis
1487 2659 1768 2694 nomine,Gregorius
1781 2661 1870 2696 Nysse-

1091 2713 1143 2732 nus
1161 2704 1189 2731 in
1213 2704 1331 2740 Epistula
1352 2705 1385 2731 ad
1403 2703 1585 2731 Theodosium
1600 2704 1632 2731 de
1645 2704 1818 2740 Pythonissa.
1838 2707 1870 2733 Ac

1090 2746 1247 2778 Eustathius
1262 2751 1381 2785 quidem,
1399 2751 1475 2786 cujus
1495 2751 1593 2778 librum
1613 2751 1667 2779 Leo
1691 2752 1806 2780 Allatius
1819 2752 1869 2779 edi-

1090 2797 1139 2830 dit,
1159 2796 1241 2823 variis
1266 2797 1415 2823 rationibus
1445 2797 1589 2825 ostendere
1609 2802 1724 2825 conatur
1747 2805 1799 2825 non
1827 2798 1868 2825 Sa-

1091 2842 1219 2877 muclcm,
1239 2842 1408 2871 Samuelisve
1420 2843 1537 2871 animam
1558 2843 1728 2878 Pythonissm
1747 2845 1866 2873 carmini-
