1927 3076
883 116 913 145 Ρ.
932 117 1092 146 DANIELIS
1110 118 1228 148 HUE’I’II

242 178 275 200 ea
293 172 338 200 his
359 172 487 200 omnibus
504 172 626 200 laborum
641 177 669 200 et
684 173 835 202 studioru
854 182 966 204 suorum
988 181 1028 203 te-
1041 179 1066 209 Α
1081 176 1226 204 tationibus
1241 176 1422 205 conflictatus.
1438 176 1571 212 Anonymi
1591 175 1734 211 cujusdam
1750 175 1832 203 toties
1848 186 1864 205 a

242 218 376 247 stimet-iis
390 218 514 253 amplecti
546 218 629 246 talem
647 219 734 246 virum
755 219 924 258 (Origenem)
939 227 967 250 et
979 231 1027 251 ne-

241 272 294 300 que
316 263 482 292 defensionis
503 265 593 292 studio
616 264 676 300 plus
700 266 764 294 dare
779 267 805 295 ei
831 268 932 301 meriti,
946 276 1027 304 quam

241 317 367 338 mensura
387 309 525 344 deposcit;
546 317 635 346 neque
655 319 749 340 rursus
773 313 944 342 obtrectandi
964 315 1029 344 vitio

241 354 321 382 facile
336 354 528 387 condemnare,
544 360 572 383 et
583 355 702 384 alienum
718 357 752 385 ab
775 358 959 388 ecclesiastica
977 360 1026 389 do-

241 401 329 428 ctrina
353 406 456 428 temere
482 402 680 436 pronuntiare:
697 410 758 431 cum
781 409 927 441 utrumque
955 406 1028 435 istud

239 446 417 481 pracipltium
442 447 586 482 providens
605 453 667 477 ante
689 449 796 478 divinus
834 459 925 480 sermo
937 453 1029 488 prohi-

217 494 220 499 '
239 491 329 519 Interit
341 492 453 519 dicens:
471 492 533 519 Non
552 494 585 520 sit
602 495 630 521 in
649 499 674 522 te
690 503 814 523 mensura
832 499 927 532 major,
948 506 1028 533 neque

212 557 216 563 .
237 537 533 566 minenobominabile
551 543 589 566 est
610 540 679 567 enim
712 541 740 568 in
761 548 899 574 conspectu
922 543 1028 571 Domini

238 583 405 618 aurumque'.
421 583 572 619 Unicuique
590 585 674 617 enim.
692 591 771 620 pmut
789 587 899 623 dignum
921 594 962 616 est
983 590 1029 617 tri-

238 629 332 662 buere,
353 628 466 663 justiti:
491 624 542 658 hoc
562 631 702 665 proprium
716 639 767 660 est.
786 633 902 670 Propter
913 636 984 670 quod
1001 640 1028 664 et

240 682 368 703 mensura
386 675 502 711 integra,
517 682 546 704 et
561 679 665 712 pondus
681 684 786 714 aequate
807 681 971 715 acceptabile
987 685 1029 710 est

237 720 310 755 apud
331 720 431 753 Deum;
447 729 500 749 non
515 722 566 750 hoc
575 723 649 757 quod
664 724 793 751 mentitur
807 725 962 757 veritatem.
977 733 1028 762 per

238 764 309 800 quod
325 765 368 792 vel
392 766 450 801 plus
474 766 593 794 donatur
614 769 706 800 rebus,
725 776 806 803 quam
833 770 929 798 merita
942 771 1026 806 depo-

238 816 328 844 scunt,
342 812 382 839 vel
396 813 564 841 subtraltitur
586 815 692 842 meritis
707 816 779 855 qugd
805 816 929 844 debetur.
946 826 955 844 ι
975 817 1027 853 lgi-

239 863 283 885 tur
301 863 480 894 utrorumque
506 860 572 887 mihi
601 861 771 896 improbatur
793 863 877 896 ratio,
903 868 958 891 tum
980 864 1026 899 qui
1042 857 1064 886 Β

237 904 370 940 apologiis
383 906 441 933 suis
456 907 531 934 onmi
546 906 606 935 labe
618 916 734 943 purgare
745 909 890 944 Origenem
904 910 1025 945 student,

238 956 294 979 tum
312 953 357 987 qui
374 952 433 988 ejus
449 962 548 982 nomen
572 955 606 983 ab
623 955 746 984 Ecclesia
764 957 874 992 penitus
890 958 1028 986 detestan-

238 1002 281 1026 tur
298 1007 305 1026 :
321 1000 368 1027 sed
387 1000 420 1027 iis
438 1004 529 1028 tamen
558 1001 605 1037 qui
628 1002 713 1037 ipsius
740 1004 960 1039 propugnandam
981 1013 1027 1033 su-

236 1051 380 1079 scepcrunt
392 1054 502 1074 causam
517 1046 576 1082 plus
591 1047 685 1076 favere
700 1057 742 1077 tne
760 1050 889 1085 proﬁteor
903 1058 910 1083 ;
928 1050 1025 1078 scitum

236 1091 336 1126 quippe
346 1096 389 1119 est
401 1092 461 1127 plus
482 1100 529 1121 reo
543 1092 688 1121 favendum
701 1102 771 1127 esse.
787 1103 869 1131 quam
885 1096 986 1125 actori.

273 1136 303 1164 Il.
325 1137 378 1165 Nec
400 1145 443 1165 me
463 1138 643 1174 quortnndatn
667 1139 807 1168 hominum
834 1147 945 1169 movent
958 1149 1026 1169 con-

236 1182 319 1214 vicia,
330 1182 377 1216 qui
401 1191 455 1210 non
470 1191 519 1211 sua
534 1183 613 1211 modo
630 1184 787 1213 defensione
809 1186 946 1221 indignum
965 1186 1027 1215 Ori-

237 1236 332 1262 genem
349 1230 517 1262 existimant,
536 1230 582 1257 sed
602 1231 635 1263 iis
652 1231 734 1258 etiam
752 1232 913 1259 temeritatis
933 1237 1024 1260 notatn

236 1274 358 1306 inurunt.
390 1275 545 1310 quicunque
567 1275 675 1310 aliquod
697 1276 721 1303 ei
747 1278 929 1306 excusationis
955 1286 1026 1313 prte-

235 1325 310 1348 ltant
326 1319 454 1348 cilicium.
481 1321 540 1355 Quo
563 1329 612 1348 suo
633 1321 753 1355 decreto,
770 1329 823 1349 non
839 1324 969 1360 quosdam
986 1324 1030 1360 dc.

237 1366 318 1394 trivio
340 1367 517 1402 ntagistellos,
535 1368 582 1394 sed
601 1368 738 1403 principes
757 1369 783 1395 in
802 1369 899 1397 litteris
921 1375 949 1397 et
968 1370 1026 1406 pie—

237 1417 293 1440 tate
305 1412 424 1448 insignes
438 1414 513 1441 viros
529 1413 773 1447 percellltttt.'Natn
793 1418 824 1441 ut
841 1413 1024 1442 Aicx'andrum

234 1458 500 1495 Jerosolymitanum,
523 1459 710 1486 Thcoctistum
728 1460 935 1493 Ctesaricnsctn,
958 1461 1024 1489 Dio-

1077 223 1156 250 nobis
1177 223 1232 258 jam
1253 231 1334 258 supra
1363 224 1465 250 laudati
1490 223 1647 258 Apologiam
1679 231 1728 258 pro
1754 223 1864 260 Origene

1077 268 1174 303 legisse
1186 276 1215 296 se
1231 273 1347 296 testatur
1365 268 1489 301 Photius,
1504 269 1566 297 cod.
1581 276 1665 298 cun.
1679 270 1802 297 auctoris
1818 277 1866 298 no-

1078 323 1141 343 men
1158 320 1188 343 et
1205 320 1311 343 aetatem
1325 315 1432 343 silentio
1447 315 1556 351 pressit.
1572 315 1641 348 Quid
1655 314 1712 348 jam
1730 315 1865 344 recentio-

1078 369 1122 390 res
1139 369 1363 394 commemorem,
1375 360 1507 389 Joannem
1527 360 1620 388 Picum
1636 360 1865 393 Mirandulanurn,

1077 407 1208 436 Jacobum
1239 408 1383 436 Merlinum
1420 407 1663 439 Victurniensem,
1695 406 1866 434 Desidevium

1078 454 1219 482 Erasmum
1244 454 1468 486 Roterodamum,
1482 454 1590 481 Sixtum
1602 453 1767 486 Senensem,
1782 453 1866 480 Clan-

1078 500 1152 528 dium
1168 500 1354 535 Espeueaturn.
1369 499 1521 527 Gilberturn
1537 497 1754 531 Genebrardum.
1771 503 1802 526 et
1817 505 1866 526 no-

1078 545 1188 573 vissime
1202 545 1311 572 Petrum
1329 544 1492 577 llalloxium,
1511 551 1627 580 quorum
1651 543 1797 572 luculenta
1818 550 1867 571 ex-

1078 595 1153 619 stant
1166 592 1192 618 in
1208 590 1333 626 Origeuis
1349 590 1533 618 defensionem
1548 590 1776 618 dissertationes?

1112 635 1155 664 Ill.
1171 636 1272 664 Horum
1287 636 1395 672 quidem
1407 635 1560 671 exmplum
1572 635 1632 662 sine
1648 635 1866 670 reprehensione

1077 682 1176 710 sectari
1194 690 1237 710 me
1260 683 1380 717 potuisse
1396 686 1482 716 puto;
1508 690 1595 717 neque
1623 681 1676 710 feci
1697 687 1801 714 tamen,
1818 688 1868 709 nec

1077 737 1157 766 porro
1175 729 1273 757 faciam
1291 738 1299 757 :
1320 729 1346 756 in
1363 733 1487 756 neutram
1500 729 1573 756 enim
1595 734 1700 763 partem
1715 729 1869 757 nimiseon-

1077 775 1150 811 spici
1159 775 1263 803 velim:
1287 779 1390 802 tantum
1409 774 1474 809 quid
1496 775 1622 810 utrinque
1639 774 1730 802 all'erri
1755 775 1782 802 in
1808 776 1868 803 uni-

1077 828 1186 848 versum
1201 819 1296 856 possit,
1323 819 1480 855 disputabo.
1506 819 1636 854 Primum,
1663 820 1728 855 quid
1742 819 1867 856 θήν-λίς

1077 874 1169 895 causae
1181 868 1298 895 maxime
1314 868 1413 900 faveat,
1430 867 1573 895 videndum
1595 873 1655 901 est;
1669 867 1749 901 cujus
1770 868 1866 902 duplex

1077 918 1121 941 est
1137 914 1217 946 ratio,
1244 913 1285 942 vel
1299 912 1423 942 conﬂatis
1444 914 1469 941 in
1493 921 1554 941 eum
1575 913 1814 941 criminationibus
1828 914 1869 941 di-

1077 960 1194 995 luendis,
1217 960 1260 988 vel
1287 961 1346 996 ipso
1365 959 1482 995 Origene
1498 959 1664 988 excusando.
1688 959 1869 987 Confutantur

1069 1010 1194 1045 'primum
1208 1009 1394 1037 accusationes
1416 1008 1468 1037 hoc
1491 1011 1660 1042 argtnnento,
1674 1007 1747 1042 quod
1770 1006 1868 1042 pler:-

1077 1063 1130 1092 que
1143 1055 1193 1084 sibi
1208 1059 1358 1091 repugnant
1373 1054 1500 1087 invicem,
1525 1059 1554 1081 et
1575 1053 1603 1081 in
1629 1060 1690 1081 sese
1713 1053 1867 1080 incurrunt.

1078 1102 1151 1130 Inter
1167 1108 1263 1130 novem
1277 1100 1482 1129 criminationes
1504 1107 1520 1127 a
1535 1099 1686 1134 Pamphilio
1698 1105 1867 1126 commemo-

1077 1153 1163 1180 ratas,
1177 1148 1321 1176 contrariae
1337 1147 1388 1175 sibi
1410 1151 1473 1175 sunt
1492 1145 1597 1181 priores
1610 1149 1738 1180 quatuor.
1752 1151 1816 1179 qu:
1834 1144 1870 1170 ad

1071 1193 1213 1222 Christum
1224 1194 1371 1230 pertinent,
1387 1197 1417 1220 ut
1430 1191 1471 1220 vel
1482 1191 1578 1220 silente
1594 1191 1653 1225 ipso
1665 1190 1794 1225 Origene,
1811 1197 1867 1216 mu-

1078 1245 1124 1268 tuo
1140 1246 1200 1268 sese
1213 1239 1266 1267 illa:
1282 1238 1415 1267 refellant.
1427 1237 1506 1272 Quod
1520 1237 1542 1265 si
1559 1236 1620 1272 quis
1633 1235 1758 1270 superius
1773 1238 1868 1269 caput,

1077 1287 1148 1322 quod
1159 1285 1312 1313 Adamantii
1325 1285 1450 1320 dogmata
1462 1282 1662 1319 complectitur,
1678 1281 1793 1308 attentis
1804 1288 1868 1307 oeu-

1077 1331 1111 1360 lis
1133 1331 1290 1367 perlustrat.
1312 1330 1396 1358 multa
1420 1329 1475 1357 illic
1499 1329 1604 1364 objecta
1617 1326 1727 1362 Origeui
1752 1326 1868 1354 crimina

1076 1377 1214 1405 adversari
1229 1376 1281 1405 sibi
1298 1376 1412 1403 invicem
1426 1373 1621 1410 deprehendet.

1112 1423 1157 1453 IV.
1181 1422 1301 1451 Alterum
1315 1421 1474 1450 defendendi
1499 1419 1651 1448 Adamantii
1678 1420 1868 1452 argumentum

1076 1477 1109 1498 ex
1127 1476 1160 1497 eo
1181 1469 1292 1504 petitur,
1320 1466 1393 1502 quod
1409 1465 1624 1501 Origenistarum
1637 1463 1869 1491 heterodoxorurn

237 1506 345 1541 uysium
365 1505 589 1557 Aleiandrinttm,
609 1505 798 1533 Firmiliannm
817 1506 1024 1541 Casarieusem,
1039 1528 1061 1557 ο
1077 1522 1185 1544 "fore,
1201 1513 1312 1550 οι-ίαεηί
1340 1519 1411 1548 ωερε
1431 1512 1512 1539 amcti
1539 1516 1611 1544 sunt,
1639 1513 1667 1537 et
1683 1509 1767 1545 quod,
1785 1514 1815 1535 ut
1829 1508 1867 1534 ait

236 1552 256 1579 l3
263 1552 397 1587 regorium
415 1551 658 1587 Thaumaturgum,
673 1557 701 1579 et
717 1552 930 1586 Athenodorum,
943 1553 1026 1582 alios-

234 1606 288 1633 que
323 1598 432 1633 Origeni
466 1605 571 1627 cetevos
609 1600 835 1633 pmtermittam;
879 1605 906 1627 et
943 1605 1026 1627 totam

235 1645 352 1680 denique
383 1644 580 1678 Palaestinam,
613 1645 762 1678 Arabiam,
788 1645 955 1673 Phcniciam
998 1649 1028 1673 et

233 1691 378 1725 Achaiam,
395 1698 455 1726 qua:
470 1690 595 1726 Origenis
609 1697 701 1726 partes
718 1693 848 1720 adversus
860 1691 1025 1719 Demetrium
1044 1704 1047 1706 -

234 1737 449 1765 Alexandrinum
463 1741 559 1765 tutata:
578 1742 655 1770 sunt,
668 1743 763 1773 aperte
776 1739 885 1766 easdem
905 1738 1024 1766 luculen-

235 1783 271 1811 tis
297 1784 406 1819 scriptis
432 1783 530 1811 deinde
561 1789 801 1820 propugnaverunt
832 1784 964 1812 Eusebius
999 1787 1027 1811 et

235 1828 405 1865 Pamphilus,
440 1837 504 1857 cum
534 1829 561 1857 in
594 1829 773 1857 ecclesiastica
803 1829 934 1861 Historia,
969 1833 1025 1857 tum

236 1875 321 1903 multo
342 1875 429 1910 magis
445 1883 492 1910 per
506 1875 662 1909 Apalogiam
677 1882 724 1902 sex
745 1875 828 1902 libros
844 1875 1024 1911 complexam,

234 1929 350 1956 quorum
367 1921 463 1949 unicus
488 1926 625 1956 superest.
641 1922 717 1949 Alios
732 1929 841 1956 quoque
869 1922 957 1957 magni
975 1919 1024 1948 n04

234 1967 316 1995 minis
329 1967 401 1994 viros
412 1967 566 2002 complures
578 1967 685 1994 Eusebii
702 1967 868 2002 temporibus
885 1966 1024 2001 apologins

234 2018 283 2047 pro
310 2011 426 2047 Origene
447 2011 589 2046 scripsisse
614 2012 696 2039 tradit
717 2011 830 2039 Photius
854 2013 914 2039 cod.
930 2019 1024 2039 cum.
1050 2012 1053 2013 ⁷

235 2057 307 2085 lnter
325 2057 482 2092 Origcniani
502 2057 622 2091 nominis
646 2057 768 2086 fautores
782 2058 959 2087 Athanasium
978 2066 1025 2093 po-

235 2104 276 2131 nit
303 2104 458 2138 Stephanus
487 2103 635 2135 Trithcita,
668 2111 852 2139 cognomento
885 2104 1021 2138 Gobarus,

234 2150 310 2185 cujus
325 2154 454 2184 excerpta
469 2149 550 2177 habet
565 2149 676 2178 Photius
696 2152 757 2178 cod.
774 2158 896 2178 ccxxx".
910 2151 958 2178 llis
978 2158 1024 2178 ae-

1077 1561 1148 1589 Beda
1167 1561 1194 1588 in
1212 1559 1383 1588 Collectanet'r
1402 1563 1429 1586 et
1446 1557 1566 1591 Flet-it,
1582 1564 1641 1591 cap.
1658 1555 1692 1583 de
1709 1554 1866 1582 luminarib.

1077 1606 1182 1634 Eccles.
1201 1613 1230 1634 :t
1248 1605 1323 1632 Multi
1338 1604 1397 1639 ejus
1417 1603 1526 1639 pessimi
1548 1601 1671 1637 discipuli
1684 1600 1767 1628 multa
1788 1607 1868 1627 vene

1077 1659 1143 1680 noss
1167 1651 1217 1679 sub
1244 1651 1353 1678 nomine
1375 1649 1455 1683 hujus
1478 1648 1595 1676 edidisse
1613 1647 1749 1676 videntur.
1765 1655 1778 1673 ο
1801 1646 1866 1673 Cum

1077 1697 1149 1724 cuitu
1176 1696 1358 1724 Christianum
1381 1694 1474 1722 orbem
1499 1694 1527 1721 in
1554 1692 1685 1720 factiones
1711 1691 1868 1726 dissipasset

1078 1742 1162 1777 ipsius
1177 1741 1311 1774 doctrina,
1334 1743 1364 1767 ut
1387 1739 1470 1767 multa
1487 1738 1550 1766 huic
1567 1738 1635 1765 falso
1655 1738 1689 1764 ab
1704 1737 1867 1763 adversariis

1077 1788 1193 1822 impacta
1208 1790 1282 1820 sunt,
1305 1787 1340 1813 ita
1363 1793 1416 1813 non
1435 1792 1520 1820 pauca
1542 1789 1669 1820 tanquam
1685 1783 1720 1811 ab
1735 1783 1795 1818 ipso
1812 1787 1865 1809 tra-

1077 1833 1131 1861 dita
1147 1837 1352 1868 propugnarunt
1367 1831 1451 1866 ipsius
1477 1830 1605 1862 asseclae;
1630 1829 1672 1856 vel
1696 1836 1758 1864 qua
1781 1828 1867 1863 rein

1077 1877 1187 1905 fuerant
1223 1878 1257 1905 ab
1292 1878 1337 1905 illo
1372 1876 1492 1909 tradita,
1515 1877 1552 1904 ’iu
1588 1876 1667 1903 aliam
1703 1875 1866 1902 sententiam

1077 1924 1282 1958 detorserunt:
1307 1931 1421 1960 quorum
1449 1930 1532 1950 causa
1557 1921 1655 1950 insonti
1681 1921 1795 1955 Origeni
1821 1920 1868 1947 de-

1076 1970 1228 2007 legabatur.
1262 1970 1346 1997 Caute
1371 1977 1437 2003 ergo
1464 1974 1492 1997 et
1518 1969 1661 2004 diligenter
1685 1967 1866 2002 Origenistiea

1076 2017 1204 2052 dogmata
1220 2016 1255 2044 ab
1268 2015 1422 2051 Origenicis
1434 2019 1559 2050 seponat,
1575 2019 1603 2042 et
1625 2014 1651 2042 i'n
1672 2013 1792 2041 diversis
1805 2020 1867 2040 cau-

1076 2063 1114 2091 sis
1127 2062 1272 2098 Origeuem
1295 2069 1329 2089 ac
1344 2061 1511 2097 Origenistas
1526 2060 1628 2087 versari
1645 2060 1726 2092 sciat,
1746 2059 1867 2094 quisquis

1076 2108 1217 2136 historiam
1245 2108 1315 2135 hanc
1331 2112 1458 2136 accurate
1475 2106 1567 2134 rimari
1582 2110 1610 2133 ct
1630 2111 1803 2141 perspectam
1819 2105 1868 2132 ha-

1063 2151 1065 2155 ¹
1075 2154 1140 2182 bere
1156 2154 1237 2181 volet.

235 2198 385 2233 censendus
406 2197 534 2233 Didymus
556 2197 765 2230 Alexandrinus,
781 2198 826 2232 qui
845 2205 892 2232 pro
908 2197 1023 2232 Origene
1038 2197 1061 2226 D
1113 2200 1144 2228 γ.
1162 2200 1218 2236 (45)
1236 2199 1333 2227 Nocuit
1347 2203 1375 2227 et
1392 2199 1456 2226 illud
1470 2198 1579 2233 Origeni
1593 2197 1665 2232 quod
1685 2198 1814 2225 maxima:
1829 2197 1868 2224 ln-

234 2245 438 2277 Apologeticum
459 2245 554 2278 edidit,
571 2249 605 2278 ‘et
626 2243 704 2271 Titus
732 2244 898 2277 Bostrensis,
913 2250 940 2270 et
954 2243 1024 2272 Gre-

234 2291 303 2326 gorii
319 2291 408 2322 ambo.
427 2290 628 2318 Nazianzenum
653 2291 725 2323 dico,
746 2296 774 2317 et
795 2290 959 2325 Nysscnunt,
975 2290 1021 2325 qui

235 2345 250 2363 a
265 2335 373 2364 Gobaro
390 2340 650 2369 commemorantur.
665 2341 693 2363 et
711 2335 830 2363 Joannes
845 2335 1022 2371 Jerosolymi-

235 2387 314 2411 Ianus
329 2383 446 2410 assiduis
458 2391 518 2410 eam
529 2383 564 2411 ob
580 2391 636 2410 rem
655 2383 798 2419 Epiphauii
814 2389 840 2410 et
859 2383 1017 2419 llicrornymi

236 2429 342 2466 probris
365 2429 520 2458 lacessitus.
541 2429 706 2457 Methodium
737 2437 858 2465 quoque,
884 2429 1020 2457 infensum

236 2476 313 2504 illum
328 2475 455 2512 Origeuis
465 2475 663 2508 adversarium,
677 2475 717 2503 sui
733 2474 880 2510 aliquando
894 2474 947 2501 odii
961 2481 1024 2510 pm-

236 2523 325 2557 nituit,
341 2527 369 2551 et
390 2523 461 2550 inter
473 2522 532 2557 ejus
544 2521 724 2549 admiratores
742 2528 774 2549 ac
795 2520 952 2548 defensores
969 2527 1021 2547 no-

236 2577 296 2598 men
321 2577 398 2597 suum
418 2569 556 2603 professus
578 2573 631 2596 est.
654 2567 729 2595 Tulit
744 2567 839 2595 eadem
859 2570 925 2594 atas
940 2565 1019 2593 addi-

235 2617 385 2644 ctissimum
400 2615 510 2651 Origeni
530 2615 657 2643 Rufinum
669 2614 883 2650 Aquileiensem,
896 2618 923 2641 et
937 2613 1017 2641 innu—

235 2671 324 2691 meros
340 2671 387 2698 per
400 2662 546 2698 Egyplum
566 2663 703 2697 dispersos
721 2661 879 2693 monachos,
894 2658 1021 2687 maximis

235 2710 328 2736 eadem
349 2710 382 2737 de
397 2716 478 2736 causa
497 2716 558 2736 cum
582 2707 733 2743 Theophila
751 2706 937 2734 Alexandrino
956 2705 1023 2732 veli-

274 2767 285 2783 ‘
302 2766 382 2794 Prov.
405 2775 451 2801 xx,
472 2768 514 2795 10.

272 2814 327 2848 (45)
342 2816 435 2841 Νοτιιὶι
458 2821 481 2841 et
506 2814 573 2841 illud
589 2814 707 2849 Origrm',
728 2815 796 2847 quod
811 2813 932 2841 maxime
945 2812 1020 2839 Iucu-

238 2849 384 2876 bratiouum
395 2857 502 2876 auarum
517 2851 597 2877 trariis
612 2849 737 2877 Ruﬁnum
751 2850 916 2883 interpretem
929 2852 1021 2875 nactus

1077 2249 1266 2277 cubrationum
1291 2256 1400 2276 suarum
1427 2248 1514 2283 partis
1538 2247 1663 2274 Rufinum
1691 2246 1867 2282 interpretem

1078 2299 1175 2323 nactus
1203 2299 1254 2323 est.
1279 2294 1363 2329 Cujus
1381 2299 1455 2321 tanta
1480 2293 1531 2320 fuit
1554 2293 1580 2320 in
1600 2292 1698 2320 Latine
1723 2293 1868 2320 reddendis

1077 2347 1200 2368 veterum
1214 2341 1335 2376 scriptis,
1350 2345 1377 2368 et
1388 2345 1442 2367 tam
1455 2339 1629 2367 immoderata
1642 2339 1766 2371 licentia,
1780 2346 1868 2374 quein-

1077 2387 1220 2415 admodum
1237 2395 1308 2422 saepe
1322 2387 1488 2418 monuimus,
1504 2394 1565 2414 cum
1581 2385 1665 2413 multa
1687 2385 1867 2418 detrahendo,

1077 2432 1119 2459 vel
1135 2431 1320 2466 inferciendo,
1339 2437 1396 2458 tum
1414 2431 1544 2466 pleraque
1567 2429 1759 2465 interpolando
1776 2435 1805 2458 et
1827 2437 1868 2457 re-

1077 2477 1230 2512 coquendo,
1245 2482 1273 2505 ut
1289 2477 1439 2513 intelligere
1460 2476 1558 2504 debeat
1573 2475 1731 2510 quicunque
1757 2483 1867 2503 conver-

1076 2530 1136 2551 sum
1152 2530 1168 2550 a
1180 2521 1453 2558 [tutiuotscriptorem
1467 2520 1583 2556 aliquem
1600 2521 1684 2556 teget,
1699 2527 1756 2548 non
1775 2525 1832 2548 tarn
1842 2527 1868 2548 se

1076 2567 1198 2595 auctoris
1219 2567 1314 2603 ipsius,
1342 2574 1424 2601 quam
1449 2565 1541 2593 Ruliui
1562 2566 1712 2593 sententias
1735 2570 1765 2594 et
1788 2565 1867 2594 verba

1075 2612 1176 2648 legere.
1196 2613 1236 2641 Eo
1259 2620 1325 2640 vero
1346 2613 1426 2640 latius
1446 2616 1522 2648 patet
1544 2611 1570 2639 id
1595 2612 1703 2644 vitium,
1728 2612 1805 2647 quod
1830 2612 1866 2647 ip-

1077 2665 1135 2685 sum
1165 2658 1335 2693 Origenianz
1363 2658 1494 2686 doctrina:
1524 2656 1649 2689 fontem,
1684 2656 1772 2685 libros
1799 2657 1864 2689 Περὶ

1075 2702 1193 2739 ἀρχῶν,
1209 2711 1278 2732 unus
1294 2703 1338 2732 illc
1354 2703 1387 2731 ad
1404 2711 1458 2739 _nos
1472 2702 1618 2736 derivarit,
1636 2707 1663 2730 et
1679 2703 1740 2730 suis
1760 2703 1863 2738 quidem

1074 2815 1122 2838 est.
1146 2809 1214 2837 Vide
1229 2808 1419 2837 Praefationem
1433 2811 1553 2836 nostram
1571 2809 1643 2834 tomo
1665 2805 1756 2841 primo
1779 2803 1858 2841 praeﬂ-

1078 2853 1138 2874 xatn
1152 2853 1212 2880 pag.
1226 2844 1254 2878 2,
1270 2845 1287 2872 '5
1302 2850 1329 2872 et
1342 2844 1370 2872 4.
