  <div class='ocr_page' id='page_1' title='image "/cluster/home/n/w/nwhite01/storage/ocr_20150623/17/njp.32101010944583/752.png"; bbox 0 0 1927 3076; ppageno 0'>
   <div class='ocr_carea' id='block_1_1' title="bbox 99 115 170 144">
    <p class='ocr_par' dir='ltr' id='par_1_1' title="bbox 99 115 170 144">
     <span class='ocr_line' id='line_1_1' title="bbox 99 115 170 144; baseline 0 -2"><span class='ocrx_word' id='word_1_1' title='bbox 99 116 114 142; x_wconf 78' lang='grc'>1</span> <span class='ocrx_word' id='word_1_2' title='bbox 119 115 170 144; x_wconf 77' lang='lat'><strong>097</strong></span> 
     </span>
    </p>
   </div>
   <div class='ocr_carea' id='block_1_2' title="bbox 100 175 879 210">
    <p class='ocr_par' dir='ltr' id='par_1_2' title="bbox 100 175 879 210">
     <span class='ocr_line' id='line_1_2' title="bbox 100 175 879 210; baseline 0 -8"><span class='ocrx_word' id='word_1_3' title='bbox 100 175 228 203; x_wconf 82' lang='lat' dir='ltr'><strong>sordibus</strong></span> <span class='ocrx_word' id='word_1_4' title='bbox 251 175 428 210; x_wconf 84' lang='lat' dir='ltr'><strong>inquinatos;</strong></span> <span class='ocrx_word' id='word_1_5' title='bbox 455 176 531 210; x_wconf 85' lang='lat' dir='ltr'><strong>cujus</strong></span> <span class='ocrx_word' id='word_1_6' title='bbox 554 181 649 204; x_wconf 89' lang='lat' dir='ltr'><strong>testem</strong></span> <span class='ocrx_word' id='word_1_7' title='bbox 672 177 787 204; x_wconf 83' lang='lat' dir='ltr'><strong>citamus</strong></span> <span class='ocrx_word' id='word_1_8' title='bbox 808 176 879 203; x_wconf 81' lang='lat' dir='ltr'><strong>Ruti-</strong></span> 
     </span>
    </p>
   </div>
   <div class='ocr_carea' id='block_1_3' title="bbox 98 221 877 256">
    <p class='ocr_par' dir='ltr' id='par_1_3' title="bbox 98 221 877 256">
     <span class='ocr_line' id='line_1_3' title="bbox 98 221 877 256; baseline 0.001 -9"><span class='ocrx_word' id='word_1_9' title='bbox 98 228 165 248; x_wconf 92' lang='lat' dir='ltr'><strong>num</strong></span> <span class='ocrx_word' id='word_1_10' title='bbox 193 221 278 255; x_wconf 89' lang='lat' dir='ltr'><strong>ipsum</strong></span> <span class='ocrx_word' id='word_1_11' title='bbox 305 221 331 248; x_wconf 91' lang='lat' dir='ltr'><strong>in</strong></span> <span class='ocrx_word' id='word_1_12' title='bbox 355 221 477 256; x_wconf 81' lang='lat' dir='ltr'><strong>Prologo.</strong></span> <span class='ocrx_word' id='word_1_13' title='bbox 501 227 527 249; x_wconf 93' lang='lat' dir='ltr'><strong>et</strong></span> <span class='ocrx_word' id='word_1_14' title='bbox 544 222 570 249; x_wconf 89' lang='lat' dir='ltr'><strong>in</strong></span> <span class='ocrx_word' id='word_1_15' title='bbox 585 222 742 250; x_wconf 65' lang='lat' dir='ltr'><strong>Praefatimte</strong></span> <span class='ocrx_word' id='word_1_16' title='bbox 758 223 816 249; x_wconf 87' lang='lat' dir='ltr'><strong>libri</strong></span> <span class='ocrx_word' id='word_1_17' title='bbox 835 230 877 250; x_wconf 86' lang='grc' dir='ltr'>ιιι.</span> 
     </span>
    </p>
   </div>
   <div class='ocr_carea' id='block_1_4' title="bbox 98 265 877 302">
    <p class='ocr_par' dir='ltr' id='par_1_4' title="bbox 98 265 877 302">
     <span class='ocr_line' id='line_1_4' title="bbox 98 265 877 302; baseline 0.001 -9"><span class='ocrx_word' id='word_1_18' title='bbox 98 265 185 293; x_wconf 80' lang='lat' dir='ltr'><strong>Nemo</strong></span> <span class='ocrx_word' id='word_1_19' title='bbox 219 270 308 294; x_wconf 87' lang='lat' dir='ltr'><strong>autem</strong></span> <span class='ocrx_word' id='word_1_20' title='bbox 351 268 495 302; x_wconf 84' lang='lat' dir='ltr'><strong>superioris</strong></span> <span class='ocrx_word' id='word_1_21' title='bbox 535 267 630 302; x_wconf 89' lang='lat' dir='ltr'><strong>capitis</strong></span> <span class='ocrx_word' id='word_1_22' title='bbox 663 268 877 296; x_wconf 79' lang='lat' dir='ltr'><strong>dissertationum</strong></span> 
     </span>
    </p>
   </div>
   <div class='ocr_carea' id='block_1_5' title="bbox 98 312 878 349">
    <p class='ocr_par' dir='ltr' id='par_1_5' title="bbox 98 312 878 349">
     <span class='ocr_line' id='line_1_5' title="bbox 98 312 878 349; baseline 0.003 -10"><span class='ocrx_word' id='word_1_23' title='bbox 98 312 178 339; x_wconf 85' lang='lat' dir='ltr'><strong>Iidem</strong></span> <span class='ocrx_word' id='word_1_24' title='bbox 198 312 261 340; x_wconf 90' lang='lat' dir='ltr'><strong>hinc</strong></span> <span class='ocrx_word' id='word_1_25' title='bbox 276 313 374 340; x_wconf 82' lang='lat' dir='ltr'><strong>elevari</strong></span> <span class='ocrx_word' id='word_1_26' title='bbox 392 321 470 348; x_wconf 80' lang='lat' dir='ltr'><strong>posse</strong></span> <span class='ocrx_word' id='word_1_27' title='bbox 491 319 579 348; x_wconf 88' lang='lat' dir='ltr'><strong>putet;</strong></span> <span class='ocrx_word' id='word_1_28' title='bbox 605 321 665 341; x_wconf 91' lang='lat' dir='ltr'><strong>cum</strong></span> <span class='ocrx_word' id='word_1_29' title='bbox 687 314 759 342; x_wconf 91' lang='lat' dir='ltr'><strong>enim</strong></span> <span class='ocrx_word' id='word_1_30' title='bbox 783 321 878 349; x_wconf 89' lang='lat' dir='ltr'><strong>magna</strong></span> 
     </span>
    </p>
   </div>
   <div class='ocr_carea' id='block_1_6' title="bbox 95 358 879 394">
    <p class='ocr_par' dir='ltr' id='par_1_6' title="bbox 95 358 879 394">
     <span class='ocr_line' id='line_1_6' title="bbox 95 358 879 394; baseline 0.004 -10"><span class='ocrx_word' id='word_1_31' title='bbox 95 358 320 385; x_wconf 85' lang='lat' dir='ltr'><strong>criminationum</strong></span> <span class='ocrx_word' id='word_1_32' title='bbox 345 365 418 392; x_wconf 90' lang='lat' dir='ltr'><strong>pars,</strong></span> <span class='ocrx_word' id='word_1_33' title='bbox 445 366 512 394; x_wconf 87' lang='lat' dir='ltr'><strong>quas</strong></span> <span class='ocrx_word' id='word_1_34' title='bbox 533 359 656 394; x_wconf 85' lang='lat' dir='ltr'><strong>Origenis</strong></span> <span class='ocrx_word' id='word_1_35' title='bbox 681 363 879 394; x_wconf 74' lang='lat' dir='ltr'><strong>oppugnatores</strong></span> 
     </span>
    </p>
   </div>
   <div class='ocr_carea' id='block_1_7' title="bbox 93 403 879 440">
    <p class='ocr_par' dir='ltr' id='par_1_7' title="bbox 93 403 879 440">
     <span class='ocr_line' id='line_1_7' title="bbox 93 403 879 440; baseline 0.003 -10"><span class='ocrx_word' id='word_1_36' title='bbox 93 403 213 437; x_wconf 86' lang='lat' dir='ltr'><strong>jactaut,</strong></span> <span class='ocrx_word' id='word_1_37' title='bbox 230 403 292 431; x_wconf 87' lang='lat' dir='ltr'><strong>inde</strong></span> <span class='ocrx_word' id='word_1_38' title='bbox 308 404 391 438; x_wconf 84' lang='lat' dir='ltr'><strong>petita</strong></span> <span class='ocrx_word' id='word_1_39' title='bbox 406 404 462 438; x_wconf 90' lang='lat' dir='ltr'><strong>sit;</strong></span> <span class='ocrx_word' id='word_1_40' title='bbox 485 405 548 439; x_wconf 89' lang='lat' dir='ltr'><strong>quid</strong></span> <span class='ocrx_word' id='word_1_41' title='bbox 566 405 653 440; x_wconf 92' lang='lat' dir='ltr'><strong>aptius</strong></span> <span class='ocrx_word' id='word_1_42' title='bbox 669 412 748 439; x_wconf 89' lang='lat' dir='ltr'><strong>quam</strong></span> <span class='ocrx_word' id='word_1_43' title='bbox 769 412 879 440; x_wconf 85' lang='lat' dir='ltr'><strong>respon-</strong></span> 
     </span>
    </p>
   </div>
   <div class='ocr_carea' id='block_1_8' title="bbox 95 449 879 486">
    <p class='ocr_par' dir='ltr' id='par_1_8' title="bbox 95 449 879 486">
     <span class='ocr_line' id='line_1_8' title="bbox 95 449 879 486; baseline 0.005 -11"><span class='ocrx_word' id='word_1_44' title='bbox 95 449 191 476; x_wconf 85' lang='lat' dir='ltr'><strong>siones</strong></span> <span class='ocrx_word' id='word_1_45' title='bbox 208 449 324 476; x_wconf 86' lang='lat' dir='ltr'><strong>Indidem</strong></span> <span class='ocrx_word' id='word_1_46' title='bbox 341 450 509 483; x_wconf 87' lang='lat' dir='ltr'><strong>depromere,</strong></span> <span class='ocrx_word' id='word_1_47' title='bbox 525 451 594 478; x_wconf 92' lang='lat' dir='ltr'><strong>unde</strong></span> <span class='ocrx_word' id='word_1_48' title='bbox 608 451 810 479; x_wconf 77' lang='lat' dir='ltr'><strong>criminationes</strong></span> <span class='ocrx_word' id='word_1_49' title='bbox 832 459 879 486; x_wconf 87' lang='lat' dir='ltr'><strong>pe-</strong></span> 
     </span>
    </p>
   </div>
   <div class='ocr_carea' id='block_1_9' title="bbox 96 493 878 532">
    <p class='ocr_par' dir='ltr' id='par_1_9' title="bbox 96 493 878 532">
     <span class='ocr_line' id='line_1_9' title="bbox 96 493 878 532; baseline 0.008 -13"><span class='ocrx_word' id='word_1_50' title='bbox 96 494 156 520; x_wconf 67' lang='lat' dir='ltr'><strong>tita</strong></span> <span class='ocrx_word' id='word_1_51' title='bbox 175 493 259 521; x_wconf 72' lang='lat' dir='ltr'><strong>sunt?</strong></span> <span class='ocrx_word' id='word_1_52' title='bbox 295 493 323 521; x_wconf 91' lang='lat' dir='ltr'><strong>Si</strong></span> <span class='ocrx_word' id='word_1_53' title='bbox 349 496 410 529; x_wconf 89' lang='lat' dir='ltr'><strong>quis</strong></span> <span class='ocrx_word' id='word_1_54' title='bbox 440 503 504 531; x_wconf 82' lang='lat' dir='ltr'><strong>ergo</strong></span> <span class='ocrx_word' id='word_1_55' title='bbox 529 503 545 523; x_wconf 87' lang='lat' dir='ltr'><strong>e</strong></span> <span class='ocrx_word' id='word_1_56' title='bbox 571 501 698 531; x_wconf 90' lang='lat' dir='ltr'><strong>corrupto</strong></span> <span class='ocrx_word' id='word_1_57' title='bbox 721 496 789 524; x_wconf 88' lang='lat' dir='ltr'><strong>libro</strong></span> <span class='ocrx_word' id='word_1_58' title='bbox 815 504 878 532; x_wconf 85' lang='lat' dir='ltr'><strong>pro-</strong></span> 
     </span>
    </p>
   </div>
   <div class='ocr_carea' id='block_1_10' title="bbox 95 538 876 573">
    <p class='ocr_par' dir='ltr' id='par_1_10' title="bbox 95 538 876 573">
     <span class='ocr_line' id='line_1_10' title="bbox 95 538 876 573; baseline 0.005 -8"><span class='ocrx_word' id='word_1_59' title='bbox 95 538 169 566; x_wconf 83' lang='lat' dir='ltr'><strong>latas</strong></span> <span class='ocrx_word' id='word_1_60' title='bbox 194 539 363 567; x_wconf 77' lang='lat' dir='ltr'><strong>defensiones</strong></span> <span class='ocrx_word' id='word_1_61' title='bbox 392 546 539 573; x_wconf 88' lang='lat' dir='ltr'><strong>causetur,</strong></span> <span class='ocrx_word' id='word_1_62' title='bbox 566 542 648 568; x_wconf 88' lang='lat' dir='ltr'><strong>cadat</strong></span> <span class='ocrx_word' id='word_1_63' title='bbox 677 542 876 570; x_wconf 73' lang='lat' dir='ltr'><strong>accusationum</strong></span> 
     </span>
    </p>
   </div>
   <div class='ocr_carea' id='block_1_11' title="bbox 95 586 877 622">
    <p class='ocr_par' dir='ltr' id='par_1_11' title="bbox 95 586 877 622">
     <span class='ocr_line' id='line_1_11' title="bbox 95 586 877 622; baseline 0.006 -11"><span class='ocrx_word' id='word_1_64' title='bbox 95 592 131 612; x_wconf 78' lang='lat' dir='ltr'><strong>ex</strong></span> <span class='ocrx_word' id='word_1_65' title='bbox 159 587 252 612; x_wconf 87' lang='lat' dir='ltr'><strong>eodem</strong></span> <span class='ocrx_word' id='word_1_66' title='bbox 277 586 470 613; x_wconf 83' lang='lat' dir='ltr'><strong>accersitarum</strong></span> <span class='ocrx_word' id='word_1_67' title='bbox 498 586 564 614; x_wconf 77' lang='lat' dir='ltr'><strong>ﬁdes</strong></span> <span class='ocrx_word' id='word_1_68' title='bbox 589 595 699 615; x_wconf 84' lang='lat' dir='ltr'><strong>necesse</strong></span> <span class='ocrx_word' id='word_1_69' title='bbox 721 593 772 616; x_wconf 90' lang='lat' dir='ltr'><strong>est.</strong></span> <span class='ocrx_word' id='word_1_70' title='bbox 802 588 877 622; x_wconf 89' lang='lat' dir='ltr'><strong>Quod</strong></span> 
     </span>
    </p>
   </div>
   <div class='ocr_carea' id='block_1_12' title="bbox 94 629 878 668">
    <p class='ocr_par' dir='ltr' id='par_1_12' title="bbox 94 629 878 668">
     <span class='ocr_line' id='line_1_12' title="bbox 94 629 878 668; baseline 0.006 -12"><span class='ocrx_word' id='word_1_71' title='bbox 94 629 119 657; x_wconf 92' lang='lat' dir='ltr'><strong>si</strong></span> <span class='ocrx_word' id='word_1_72' title='bbox 150 637 227 657; x_wconf 90' lang='lat' dir='ltr'><strong>suum</strong></span> <span class='ocrx_word' id='word_1_73' title='bbox 251 629 293 657; x_wconf 89' lang='lat' dir='ltr'><strong>his</strong></span> <span class='ocrx_word' id='word_1_74' title='bbox 315 634 437 658; x_wconf 77' lang='lat' dir='ltr'><strong>servetur</strong></span> <span class='ocrx_word' id='word_1_75' title='bbox 449 631 541 664; x_wconf 90' lang='lat' dir='ltr'><strong>robur,</strong></span> <span class='ocrx_word' id='word_1_76' title='bbox 556 632 639 660; x_wconf 85' lang='lat' dir='ltr'><strong>stabit</strong></span> <span class='ocrx_word' id='word_1_77' title='bbox 652 632 758 660; x_wconf 89' lang='lat' dir='ltr'><strong>illarum</strong></span> <span class='ocrx_word' id='word_1_78' title='bbox 771 640 878 668; x_wconf 88' lang='lat' dir='ltr'><strong>quoque</strong></span> 
     </span>
    </p>
   </div>
   <div class='ocr_carea' id='block_1_13' title="bbox 94 676 257 703">
    <p class='ocr_par' dir='ltr' id='par_1_13' title="bbox 94 676 257 703">
     <span class='ocr_line' id='line_1_13' title="bbox 94 676 257 703; baseline 0 -1"><span class='ocrx_word' id='word_1_79' title='bbox 94 676 257 703; x_wconf 79' lang='lat' dir='ltr'><strong>auctoritas.</strong></span> 
     </span>
    </p>
   </div>
   <div class='ocr_carea' id='block_1_14' title="bbox 88 718 877 759">
    <p class='ocr_par' dir='ltr' id='par_1_14' title="bbox 88 718 877 759">
     <span class='ocr_line' id='line_1_14' title="bbox 88 718 877 759; baseline 0.006 -13"><span class='ocrx_word' id='word_1_80' title='bbox 88 721 91 741; x_wconf 78' lang='grc' dir='ltr'><strong>ι</strong></span> <span class='ocrx_word' id='word_1_81' title='bbox 136 718 179 747; x_wconf 82' lang='lat' dir='ltr'><strong>Vl.</strong></span> <span class='ocrx_word' id='word_1_82' title='bbox 197 719 307 749; x_wconf 82' lang='lat' dir='ltr'><strong>Multum</strong></span> <span class='ocrx_word' id='word_1_83' title='bbox 330 721 410 748; x_wconf 85' lang='lat' dir='ltr'><strong>etiam</strong></span> <span class='ocrx_word' id='word_1_84' title='bbox 426 721 461 748; x_wconf 79' lang='lat' dir='ltr'><strong>ad</strong></span> <span class='ocrx_word' id='word_1_85' title='bbox 484 721 666 750; x_wconf 81' lang='lat' dir='ltr'><strong>defensionem</strong></span> <span class='ocrx_word' id='word_1_86' title='bbox 679 722 802 759; x_wconf 83' lang='lat' dir='ltr'><strong>Origenis</strong></span> <span class='ocrx_word' id='word_1_87' title='bbox 815 731 877 752; x_wconf 86' lang='lat' dir='ltr'><strong>con-</strong></span> 
     </span>
    </p>
   </div>
   <div class='ocr_carea' id='block_1_15' title="bbox 94 764 876 803">
    <p class='ocr_par' dir='ltr' id='par_1_15' title="bbox 94 764 876 803">
     <span class='ocr_line' id='line_1_15' title="bbox 94 764 876 803; baseline 0.008 -12"><span class='ocrx_word' id='word_1_88' title='bbox 94 764 153 792; x_wconf 84' lang='lat' dir='ltr'><strong>fert</strong></span> <span class='ocrx_word' id='word_1_89' title='bbox 167 764 275 793; x_wconf 83' lang='lat' dir='ltr'><strong>Patrum</strong></span> <span class='ocrx_word' id='word_1_90' title='bbox 286 765 399 796; x_wconf 87' lang='lat' dir='ltr'><strong>aliorum</strong></span> <span class='ocrx_word' id='word_1_91' title='bbox 415 768 565 803; x_wconf 88' lang='lat' dir='ltr'><strong>exemplum</strong></span> <span class='ocrx_word' id='word_1_92' title='bbox 575 787 583 800; x_wconf 88' lang='lat'><strong>,</strong></span> <span class='ocrx_word' id='word_1_93' title='bbox 599 768 696 803; x_wconf 87' lang='lat' dir='ltr'><strong>quibus</strong></span> <span class='ocrx_word' id='word_1_94' title='bbox 709 776 814 797; x_wconf 89' lang='lat' dir='ltr'><strong>errores</strong></span> <span class='ocrx_word' id='word_1_95' title='bbox 827 769 876 797; x_wconf 87' lang='lat' dir='ltr'><strong>ali-</strong></span> 
     </span>
    </p>
   </div>
   <div class='ocr_carea' id='block_1_16' title="bbox 93 810 874 849">
    <p class='ocr_par' dir='ltr' id='par_1_16' title="bbox 93 810 874 849">
     <span class='ocr_line' id='line_1_16' title="bbox 93 810 874 849; baseline 0.006 -11"><span class='ocrx_word' id='word_1_96' title='bbox 93 811 145 845; x_wconf 91' lang='lat' dir='ltr'><strong>qui</strong></span> <span class='ocrx_word' id='word_1_97' title='bbox 157 810 314 839; x_wconf 85' lang='lat' dir='ltr'><strong>exciderunt</strong></span> <span class='ocrx_word' id='word_1_98' title='bbox 331 812 485 840; x_wconf 89' lang='lat' dir='ltr'><strong>humanitus</strong></span> <span class='ocrx_word' id='word_1_99' title='bbox 495 832 503 845; x_wconf 97' lang='lat'><strong>,</strong></span> <span class='ocrx_word' id='word_1_100' title='bbox 522 814 644 849; x_wconf 82' lang='lat' dir='ltr'><strong>quamvis</strong></span> <span class='ocrx_word' id='word_1_101' title='bbox 658 815 834 843; x_wconf 81' lang='lat' dir='ltr'><strong>orthodoxam</strong></span> <span class='ocrx_word' id='word_1_102' title='bbox 849 815 874 842; x_wconf 92' lang='lat' dir='ltr'><strong>in</strong></span> 
     </span>
    </p>
   </div>
   <div class='ocr_carea' id='block_1_17' title="bbox 92 857 876 897">
    <p class='ocr_par' dir='ltr' id='par_1_17' title="bbox 92 857 876 897">
     <span class='ocr_line' id='line_1_17' title="bbox 92 857 876 897; baseline 0.008 -14"><span class='ocrx_word' id='word_1_103' title='bbox 92 857 159 884; x_wconf 86' lang='lat' dir='ltr'><strong>aliis</strong></span> <span class='ocrx_word' id='word_1_104' title='bbox 184 858 319 885; x_wconf 89' lang='lat' dir='ltr'><strong>tenuerint</strong></span> <span class='ocrx_word' id='word_1_105' title='bbox 336 859 433 892; x_wconf 79' lang='lat' dir='ltr'><strong>fidem,</strong></span> <span class='ocrx_word' id='word_1_106' title='bbox 458 865 485 887; x_wconf 91' lang='lat' dir='ltr'><strong>et</strong></span> <span class='ocrx_word' id='word_1_107' title='bbox 511 859 583 887; x_wconf 86' lang='lat' dir='ltr'><strong>inter</strong></span> <span class='ocrx_word' id='word_1_108' title='bbox 605 862 770 889; x_wconf 83' lang='lat' dir='ltr'><strong>orthodoxos</strong></span> <span class='ocrx_word' id='word_1_109' title='bbox 799 861 876 897; x_wconf 89' lang='lat' dir='ltr'><strong>positi</strong></span> 
     </span>
    </p>
   </div>
   <div class='ocr_carea' id='block_1_18' title="bbox 92 903 876 941">
    <p class='ocr_par' dir='ltr' id='par_1_18' title="bbox 92 903 876 941">
     <span class='ocr_line' id='line_1_18' title="bbox 92 903 876 941; baseline 0.006 -11"><span class='ocrx_word' id='word_1_110' title='bbox 92 903 163 931; x_wconf 82' lang='lat' dir='ltr'><strong>sint.</strong></span> <span class='ocrx_word' id='word_1_111' title='bbox 180 903 247 930; x_wconf 82' lang='lat' dir='ltr'><strong>Nam</strong></span> <span class='ocrx_word' id='word_1_112' title='bbox 272 908 301 931; x_wconf 91' lang='lat' dir='ltr'><strong>ut</strong></span> <span class='ocrx_word' id='word_1_113' title='bbox 315 904 382 932; x_wconf 86' lang='lat' dir='ltr'><strong>alios</strong></span> <span class='ocrx_word' id='word_1_114' title='bbox 397 904 537 932; x_wconf 85' lang='lat' dir='ltr'><strong>brevitatis</strong></span> <span class='ocrx_word' id='word_1_115' title='bbox 559 913 641 933; x_wconf 87' lang='lat' dir='ltr'><strong>causa</strong></span> <span class='ocrx_word' id='word_1_116' title='bbox 662 908 876 941; x_wconf 60' lang='lat' dir='ltr'><strong>pratermittam,</strong></span> 
     </span>
    </p>
   </div>
   <div class='ocr_carea' id='block_1_19' title="bbox 91 951 878 988">
    <p class='ocr_par' dir='ltr' id='par_1_19' title="bbox 91 951 878 988">
     <span class='ocr_line' id='line_1_19' title="bbox 91 951 878 988; baseline 0.006 -12"><span class='ocrx_word' id='word_1_117' title='bbox 91 955 165 984; x_wconf 89' lang='lat' dir='ltr'><strong>quot</strong></span> <span class='ocrx_word' id='word_1_118' title='bbox 177 957 318 978; x_wconf 87' lang='lat' dir='ltr'><strong>recensere</strong></span> <span class='ocrx_word' id='word_1_119' title='bbox 331 958 475 986; x_wconf 87' lang='lat' dir='ltr'><strong>possumus</strong></span> <span class='ocrx_word' id='word_1_120' title='bbox 495 951 567 978; x_wconf 89' lang='lat' dir='ltr'><strong>nulla</strong></span> <span class='ocrx_word' id='word_1_121' title='bbox 583 953 717 980; x_wconf 72' lang='lat' dir='ltr'><strong>haereseos</strong></span> <span class='ocrx_word' id='word_1_122' title='bbox 727 954 878 988; x_wconf 85' lang='lat' dir='ltr'><strong>suspicione</strong></span> 
     </span>
    </p>
   </div>
   <div class='ocr_carea' id='block_1_20' title="bbox 91 994 875 1029">
    <p class='ocr_par' dir='ltr' id='par_1_20' title="bbox 91 994 875 1029">
     <span class='ocr_line' id='line_1_20' title="bbox 91 994 875 1029; baseline 0.005 -7"><span class='ocrx_word' id='word_1_123' title='bbox 91 1002 240 1029; x_wconf 84' lang='lat' dir='ltr'><strong>aspersas,</strong></span> <span class='ocrx_word' id='word_1_124' title='bbox 254 1001 281 1023; x_wconf 87' lang='lat' dir='ltr'><strong>et</strong></span> <span class='ocrx_word' id='word_1_125' title='bbox 297 995 330 1023; x_wconf 85' lang='lat' dir='ltr'><strong>de</strong></span> <span class='ocrx_word' id='word_1_126' title='bbox 343 994 474 1023; x_wconf 81' lang='lat' dir='ltr'><strong>Trinitate</strong></span> <span class='ocrx_word' id='word_1_127' title='bbox 500 1001 588 1024; x_wconf 91' lang='lat' dir='ltr'><strong>tamen</strong></span> <span class='ocrx_word' id='word_1_128' title='bbox 616 997 684 1026; x_wconf 82' lang='lat' dir='ltr'><strong>falsa</strong></span> <span class='ocrx_word' id='word_1_129' title='bbox 707 1003 734 1025; x_wconf 90' lang='lat' dir='ltr'><strong>et</strong></span> <span class='ocrx_word' id='word_1_130' title='bbox 761 999 875 1026; x_wconf 87' lang='lat' dir='ltr'><strong>absurda</strong></span> 
     </span>
    </p>
   </div>
   <div class='ocr_carea' id='block_1_21' title="bbox 91 1039 877 1072">
    <p class='ocr_par' dir='ltr' id='par_1_21' title="bbox 91 1039 877 1072">
     <span class='ocr_line' id='line_1_21' title="bbox 91 1039 877 1072; baseline 0.006 -6"><span class='ocrx_word' id='word_1_131' title='bbox 91 1040 287 1067; x_wconf 79' lang='lat' dir='ltr'><strong>commentos?</strong></span> <span class='ocrx_word' id='word_1_132' title='bbox 310 1039 423 1067; x_wconf 84' lang='lat' dir='ltr'><strong>Venient</strong></span> <span class='ocrx_word' id='word_1_133' title='bbox 452 1041 478 1067; x_wconf 93' lang='lat' dir='ltr'><strong>in</strong></span> <span class='ocrx_word' id='word_1_134' title='bbox 506 1041 578 1069; x_wconf 89' lang='lat' dir='ltr'><strong>hunc</strong></span> <span class='ocrx_word' id='word_1_135' title='bbox 600 1042 726 1070; x_wconf 88' lang='lat' dir='ltr'><strong>ordinem</strong></span> <span class='ocrx_word' id='word_1_136' title='bbox 755 1042 877 1072; x_wconf 84' lang='lat' dir='ltr'><strong>Justinus</strong></span> 
     </span>
    </p>
   </div>
   <div class='ocr_carea' id='block_1_22' title="bbox 91 1084 876 1122">
    <p class='ocr_par' dir='ltr' id='par_1_22' title="bbox 91 1084 876 1122">
     <span class='ocr_line' id='line_1_22' title="bbox 91 1084 876 1122; baseline 0.006 -11"><span class='ocrx_word' id='word_1_137' title='bbox 91 1089 219 1120; x_wconf 85' lang='lat' dir='ltr'><strong>martyr,</strong></span> <span class='ocrx_word' id='word_1_138' title='bbox 251 1085 459 1119; x_wconf 75' lang='lat' dir='ltr'><strong>Athenagoras,</strong></span> <span class='ocrx_word' id='word_1_139' title='bbox 492 1084 656 1120; x_wconf 80' lang='lat' dir='ltr'><strong>Theophilus</strong></span> <span class='ocrx_word' id='word_1_140' title='bbox 681 1087 876 1122; x_wconf 84' lang='lat' dir='ltr'><strong>Antiochenus,</strong></span> 
     </span>
    </p>
   </div>
   <div class='ocr_carea' id='block_1_23' title="bbox 90 1129 877 1169">
    <p class='ocr_par' dir='ltr' id='par_1_23' title="bbox 90 1129 877 1169">
     <span class='ocr_line' id='line_1_23' title="bbox 90 1129 877 1169; baseline 0.006 -13"><span class='ocrx_word' id='word_1_141' title='bbox 90 1129 220 1158; x_wconf 78' lang='lat' dir='ltr'><strong>Clemens</strong></span> <span class='ocrx_word' id='word_1_142' title='bbox 245 1129 392 1163; x_wconf 77' lang='lat' dir='ltr'><strong>Romanus,</strong></span> <span class='ocrx_word' id='word_1_143' title='bbox 416 1131 562 1167; x_wconf 78' lang='lat' dir='ltr'><strong>Gregorius</strong></span> <span class='ocrx_word' id='word_1_144' title='bbox 579 1131 806 1169; x_wconf 83' lang='lat' dir='ltr'><strong>Thattmaturgus,</strong></span> <span class='ocrx_word' id='word_1_145' title='bbox 823 1133 877 1161; x_wconf 78' lang='grc' dir='ltr'><strong>Με-</strong></span> 
     </span>
    </p>
   </div>
   <div class='ocr_carea' id='block_1_24' title="bbox 92 1176 878 1214">
    <p class='ocr_par' dir='ltr' id='par_1_24' title="bbox 92 1176 878 1214">
     <span class='ocr_line' id='line_1_24' title="bbox 92 1176 878 1214; baseline 0.005 -12"><span class='ocrx_word' id='word_1_146' title='bbox 92 1176 215 1209; x_wconf 86' lang='lat' dir='ltr'><strong>thodlus,</strong></span> <span class='ocrx_word' id='word_1_147' title='bbox 241 1176 389 1209; x_wconf 87' lang='lat' dir='ltr'><strong>Lueianus,</strong></span> <span class='ocrx_word' id='word_1_148' title='bbox 414 1180 441 1204; x_wconf 88' lang='lat' dir='ltr'><strong>et</strong></span> <span class='ocrx_word' id='word_1_149' title='bbox 466 1176 590 1213; x_wconf 83' lang='lat' dir='ltr'><strong>Origenis</strong></span> <span class='ocrx_word' id='word_1_150' title='bbox 614 1178 748 1213; x_wconf 67' lang='lat' dir='ltr'><strong>praecipue</strong></span> <span class='ocrx_word' id='word_1_151' title='bbox 763 1179 878 1214; x_wconf 87' lang='lat' dir='ltr'><strong>discipu-</strong></span> 
     </span>
    </p>
   </div>
   <div class='ocr_carea' id='block_1_25' title="bbox 90 1223 877 1259">
    <p class='ocr_par' dir='ltr' id='par_1_25' title="bbox 90 1223 877 1259">
     <span class='ocr_line' id='line_1_25' title="bbox 90 1223 877 1259; baseline 0.004 -9"><span class='ocrx_word' id='word_1_152' title='bbox 90 1223 137 1251; x_wconf 84' lang='lat' dir='ltr'><strong>lus</strong></span> <span class='ocrx_word' id='word_1_153' title='bbox 166 1224 308 1259; x_wconf 82' lang='lat' dir='ltr'><strong>Dionysius</strong></span> <span class='ocrx_word' id='word_1_154' title='bbox 336 1224 542 1258; x_wconf 83' lang='lat' dir='ltr'><strong>Alexandrinus,</strong></span> <span class='ocrx_word' id='word_1_155' title='bbox 571 1231 649 1258; x_wconf 88' lang='lat' dir='ltr'><strong>quem</strong></span> <span class='ocrx_word' id='word_1_156' title='bbox 683 1225 783 1253; x_wconf 89' lang='lat' dir='ltr'><strong>idcirco</strong></span> <span class='ocrx_word' id='word_1_157' title='bbox 809 1226 877 1253; x_wconf 88' lang='lat' dir='ltr'><strong>Ano-</strong></span> 
     </span>
    </p>
   </div>
   <div class='ocr_carea' id='block_1_26' title="bbox 91 1271 878 1307">
    <p class='ocr_par' dir='ltr' id='par_1_26' title="bbox 91 1271 878 1307">
     <span class='ocr_line' id='line_1_26' title="bbox 91 1271 878 1307; baseline 0.005 -11"><span class='ocrx_word' id='word_1_158' title='bbox 91 1276 228 1297; x_wconf 83' lang='lat' dir='ltr'><strong>mceorum</strong></span> <span class='ocrx_word' id='word_1_159' title='bbox 251 1275 390 1304; x_wconf 89' lang='lat' dir='ltr'><strong>parentem</strong></span> <span class='ocrx_word' id='word_1_160' title='bbox 411 1271 528 1306; x_wconf 85' lang='lat' dir='ltr'><strong>appellat</strong></span> <span class='ocrx_word' id='word_1_161' title='bbox 550 1271 664 1299; x_wconf 79' lang='lat' dir='ltr'><strong>Basilius</strong></span> <span class='ocrx_word' id='word_1_162' title='bbox 690 1273 770 1306; x_wconf 90' lang='lat' dir='ltr'><strong>epist.</strong></span> <span class='ocrx_word' id='word_1_163' title='bbox 783 1273 829 1307; x_wconf 69' lang='lat' dir='ltr'><strong>ll,</strong></span> <span class='ocrx_word' id='word_1_164' title='bbox 850 1277 878 1300; x_wconf 88' lang='lat' dir='ltr'><strong>et</strong></span> 
     </span>
    </p>
   </div>
   <div class='ocr_carea' id='block_1_27' title="bbox 90 1314 876 1353">
    <p class='ocr_par' dir='ltr' id='par_1_27' title="bbox 90 1314 876 1353">
     <span class='ocr_line' id='line_1_27' title="bbox 90 1314 876 1353; baseline 0.005 -12"><span class='ocrx_word' id='word_1_165' title='bbox 90 1314 241 1342; x_wconf 80' lang='lat' dir='ltr'><strong>Ariauismi</strong></span> <span class='ocrx_word' id='word_1_166' title='bbox 268 1315 370 1343; x_wconf 90' lang='lat' dir='ltr'><strong>fontem</strong></span> <span class='ocrx_word' id='word_1_167' title='bbox 397 1315 550 1345; x_wconf 79' lang='lat' dir='ltr'><strong>Gennadius</strong></span> <span class='ocrx_word' id='word_1_168' title='bbox 575 1317 667 1349; x_wconf 87' lang='lat' dir='ltr'><strong>Iib.tt,</strong></span> <span class='ocrx_word' id='word_1_169' title='bbox 695 1316 733 1344; x_wconf 82' lang='lat' dir='ltr'><strong>De</strong></span> <span class='ocrx_word' id='word_1_170' title='bbox 760 1318 876 1353; x_wconf 79' lang='lat' dir='ltr'><strong>dogmat.</strong></span> 
     </span>
    </p>
   </div>
   <div class='ocr_carea' id='block_1_28' title="bbox 90 1361 877 1396">
    <p class='ocr_par' dir='ltr' id='par_1_28' title="bbox 90 1361 877 1396">
     <span class='ocr_line' id='line_1_28' title="bbox 90 1361 877 1396; baseline 0.004 -9"><span class='ocrx_word' id='word_1_171' title='bbox 90 1368 156 1396; x_wconf 88' lang='lat' dir='ltr'><strong>cap.</strong></span> <span class='ocrx_word' id='word_1_172' title='bbox 172 1361 201 1394; x_wconf 76' lang='lat'><strong>2,</strong></span> <span class='ocrx_word' id='word_1_173' title='bbox 217 1369 277 1389; x_wconf 91' lang='lat' dir='ltr'><strong>cum</strong></span> <span class='ocrx_word' id='word_1_174' title='bbox 291 1369 351 1389; x_wconf 88' lang='lat' dir='ltr'><strong>eum</strong></span> <span class='ocrx_word' id='word_1_175' title='bbox 367 1366 459 1390; x_wconf 88' lang='lat' dir='ltr'><strong>tamen</strong></span> <span class='ocrx_word' id='word_1_176' title='bbox 474 1364 508 1390; x_wconf 84' lang='lat' dir='ltr'><strong>ab</strong></span> <span class='ocrx_word' id='word_1_177' title='bbox 522 1362 564 1390; x_wconf 90' lang='lat' dir='ltr'><strong>his</strong></span> <span class='ocrx_word' id='word_1_178' title='bbox 585 1363 800 1391; x_wconf 89' lang='lat' dir='ltr'><strong>accusationibus</strong></span> <span class='ocrx_word' id='word_1_179' title='bbox 823 1364 877 1391; x_wconf 90' lang='lat' dir='ltr'><strong>vin-</strong></span> 
     </span>
    </p>
   </div>
   <div class='ocr_carea' id='block_1_29' title="bbox 89 1405 877 1444">
    <p class='ocr_par' dir='ltr' id='par_1_29' title="bbox 89 1405 877 1444">
     <span class='ocr_line' id='line_1_29' title="bbox 89 1405 877 1444; baseline 0.004 -12"><span class='ocrx_word' id='word_1_180' title='bbox 89 1405 167 1433; x_wconf 82' lang='lat' dir='ltr'><strong>dicet</strong></span> <span class='ocrx_word' id='word_1_181' title='bbox 179 1406 354 1440; x_wconf 82' lang='lat' dir='ltr'><strong>Athanasius,</strong></span> <span class='ocrx_word' id='word_1_182' title='bbox 380 1413 408 1436; x_wconf 90' lang='lat' dir='ltr'><strong>et</strong></span> <span class='ocrx_word' id='word_1_183' title='bbox 437 1413 534 1443; x_wconf 61' lang='lat' dir='ltr'><strong>praater</strong></span> <span class='ocrx_word' id='word_1_184' title='bbox 547 1408 723 1436; x_wconf 83' lang='lat' dir='ltr'><strong>Athanasium</strong></span> <span class='ocrx_word' id='word_1_185' title='bbox 749 1408 877 1444; x_wconf 87' lang='lat' dir='ltr'><strong>Hierony-</strong></span> 
     </span>
    </p>
   </div>
   <div class='ocr_carea' id='block_1_30' title="bbox 91 1452 876 1487">
    <p class='ocr_par' dir='ltr' id='par_1_30' title="bbox 91 1452 876 1487">
     <span class='ocr_line' id='line_1_30' title="bbox 91 1452 876 1487; baseline 0.005 -9"><span class='ocrx_word' id='word_1_186' title='bbox 91 1459 166 1484; x_wconf 86' lang='lat' dir='ltr'><strong>mus,</strong></span> <span class='ocrx_word' id='word_1_187' title='bbox 184 1453 228 1487; x_wconf 90' lang='lat' dir='ltr'><strong>qui</strong></span> <span class='ocrx_word' id='word_1_188' title='bbox 244 1460 306 1480; x_wconf 92' lang='lat' dir='ltr'><strong>eum</strong></span> <span class='ocrx_word' id='word_1_189' title='bbox 321 1454 348 1480; x_wconf 86' lang='lat' dir='ltr'><strong>in</strong></span> <span class='ocrx_word' id='word_1_190' title='bbox 363 1452 492 1480; x_wconf 78' lang='lat' dir='ltr'><strong>Trinitate</strong></span> <span class='ocrx_word' id='word_1_191' title='bbox 506 1452 668 1480; x_wconf 77' lang='lat' dir='ltr'><strong>Catholicam</strong></span> <span class='ocrx_word' id='word_1_192' title='bbox 687 1462 742 1481; x_wconf 80' lang='lat' dir='ltr'><strong>me</strong></span> <span class='ocrx_word' id='word_1_193' title='bbox 765 1459 876 1482; x_wconf 85' lang='lat' dir='ltr'><strong>testatur</strong></span> 
     </span>
    </p>
   </div>
   <div class='ocr_carea' id='block_1_31' title="bbox 90 1496 909 1543">
    <p class='ocr_par' dir='ltr' id='par_1_31' title="bbox 90 1496 909 1543">
     <span class='ocr_line' id='line_1_31' title="bbox 90 1496 909 1543; baseline 0.005 -21"><span class='ocrx_word' id='word_1_194' title='bbox 90 1496 204 1532; x_wconf 81' lang='lat' dir='ltr'><strong>Apolog.</strong></span> <span class='ocrx_word' id='word_1_195' title='bbox 226 1496 272 1524; x_wconf 92' lang='lat' dir='ltr'><strong>lib.</strong></span> <span class='ocrx_word' id='word_1_196' title='bbox 286 1505 326 1529; x_wconf 85' lang='grc' dir='ltr'>ιι,</span> <span class='ocrx_word' id='word_1_197' title='bbox 349 1504 409 1532; x_wconf 86' lang='lat' dir='ltr'><strong>cap.</strong></span> <span class='ocrx_word' id='word_1_198' title='bbox 423 1498 450 1524; x_wconf 69' lang='grc' dir='ltr'>ι.</span> <span class='ocrx_word' id='word_1_199' title='bbox 474 1497 559 1531; x_wconf 85' lang='lat' dir='ltr'><strong>Quam</strong></span> <span class='ocrx_word' id='word_1_200' title='bbox 590 1498 688 1526; x_wconf 91' lang='lat' dir='ltr'><strong>multos</strong></span> <span class='ocrx_word' id='word_1_201' title='bbox 716 1498 825 1533; x_wconf 76' lang='lat' dir='ltr'><strong>integrat</strong></span> <span class='ocrx_word' id='word_1_202' title='bbox 849 1503 909 1543; x_wconf 74' lang='lat' dir='ltr'><strong>etc</strong></span> 
     </span>
    </p>
   </div>
   <div class='ocr_carea' id='block_1_32' title="bbox 90 1542 874 1578">
    <p class='ocr_par' dir='ltr' id='par_1_32' title="bbox 90 1542 874 1578">
     <span class='ocr_line' id='line_1_32' title="bbox 90 1542 874 1578; baseline 0.004 -10"><span class='ocrx_word' id='word_1_203' title='bbox 90 1549 167 1569; x_wconf 67' lang='lat' dir='ltr'><strong>sanae</strong></span> <span class='ocrx_word' id='word_1_204' title='bbox 184 1542 243 1569; x_wconf 89' lang='lat' dir='ltr'><strong>fidei</strong></span> <span class='ocrx_word' id='word_1_205' title='bbox 259 1542 331 1570; x_wconf 88' lang='lat' dir='ltr'><strong>viros</strong></span> <span class='ocrx_word' id='word_1_206' title='bbox 348 1543 407 1570; x_wconf 86' lang='lat' dir='ltr'><strong>tulit</strong></span> <span class='ocrx_word' id='word_1_207' title='bbox 419 1543 549 1576; x_wconf 83' lang='lat' dir='ltr'><strong>Ecclesia,</strong></span> <span class='ocrx_word' id='word_1_208' title='bbox 561 1543 704 1571; x_wconf 90' lang='lat' dir='ltr'><strong>calumniis</strong></span> <span class='ocrx_word' id='word_1_209' title='bbox 715 1544 874 1578; x_wconf 63' lang='lat' dir='ltr'><strong>proscissus,</strong></span> 
     </span>
    </p>
   </div>
   <div class='ocr_carea' id='block_1_33' title="bbox 89 1587 875 1624">
    <p class='ocr_par' dir='ltr' id='par_1_33' title="bbox 89 1587 875 1624">
     <span class='ocr_line' id='line_1_33' title="bbox 89 1587 875 1624; baseline 0.004 -11"><span class='ocrx_word' id='word_1_210' title='bbox 89 1591 119 1614; x_wconf 90' lang='lat' dir='ltr'><strong>et</strong></span> <span class='ocrx_word' id='word_1_211' title='bbox 135 1587 290 1621; x_wconf 76' lang='lat' dir='ltr'><strong>ignominiis</strong></span> <span class='ocrx_word' id='word_1_212' title='bbox 305 1588 435 1615; x_wconf 77' lang='lat' dir='ltr'><strong>notatos?</strong></span> <span class='ocrx_word' id='word_1_213' title='bbox 453 1587 540 1615; x_wconf 88' lang='lat' dir='ltr'><strong>Unum</strong></span> <span class='ocrx_word' id='word_1_214' title='bbox 556 1587 669 1615; x_wconf 87' lang='lat' dir='ltr'><strong>laudabo</strong></span> <span class='ocrx_word' id='word_1_215' title='bbox 688 1596 745 1624; x_wconf 72' lang='lat' dir='ltr'><strong>pra:</strong></span> <span class='ocrx_word' id='word_1_216' title='bbox 766 1589 875 1624; x_wconf 86' lang='lat' dir='ltr'><strong>reliquis</strong></span> 
     </span>
    </p>
   </div>
   <div class='ocr_carea' id='block_1_34' title="bbox 87 1632 874 1669">
    <p class='ocr_par' dir='ltr' id='par_1_34' title="bbox 87 1632 874 1669">
     <span class='ocr_line' id='line_1_34' title="bbox 87 1632 874 1669; baseline 0.003 -9"><span class='ocrx_word' id='word_1_217' title='bbox 87 1632 223 1660; x_wconf 78' lang='lat' dir='ltr'><strong>Joannem</strong></span> <span class='ocrx_word' id='word_1_218' title='bbox 237 1633 470 1668; x_wconf 86' lang='lat' dir='ltr'><strong>Chrysostomum,</strong></span> <span class='ocrx_word' id='word_1_219' title='bbox 494 1634 534 1660; x_wconf 91' lang='lat' dir='ltr'><strong>vel</strong></span> <span class='ocrx_word' id='word_1_220' title='bbox 557 1634 626 1662; x_wconf 81' lang='lat' dir='ltr'><strong>lianc</strong></span> <span class='ocrx_word' id='word_1_221' title='bbox 649 1634 818 1669; x_wconf 82' lang='lat' dir='ltr'><strong>potissimum</strong></span> <span class='ocrx_word' id='word_1_222' title='bbox 840 1635 874 1662; x_wconf 93' lang='lat' dir='ltr'><strong>oh</strong></span> 
     </span>
    </p>
   </div>
   <div class='ocr_carea' id='block_1_35' title="bbox 88 1679 872 1716">
    <p class='ocr_par' dir='ltr' id='par_1_35' title="bbox 88 1679 872 1716">
     <span class='ocr_line' id='line_1_35' title="bbox 88 1679 872 1716; baseline 0.005 -12"><span class='ocrx_word' id='word_1_223' title='bbox 88 1685 214 1710; x_wconf 83' lang='lat' dir='ltr'><strong>causam,</strong></span> <span class='ocrx_word' id='word_1_224' title='bbox 237 1679 309 1713; x_wconf 88' lang='lat' dir='ltr'><strong>quod</strong></span> <span class='ocrx_word' id='word_1_225' title='bbox 332 1679 381 1706; x_wconf 87' lang='lat' dir='ltr'><strong>ltas</strong></span> <span class='ocrx_word' id='word_1_226' title='bbox 408 1679 458 1714; x_wconf 91' lang='lat' dir='ltr'><strong>ipsi</strong></span> <span class='ocrx_word' id='word_1_227' title='bbox 480 1679 697 1708; x_wconf 81' lang='lat' dir='ltr'><strong>conflictationes</strong></span> <span class='ocrx_word' id='word_1_228' title='bbox 712 1680 872 1716; x_wconf 82' lang='lat' dir='ltr'><strong>Origenismi</strong></span> 
     </span>
    </p>
   </div>
   <div class='ocr_carea' id='block_1_36' title="bbox 89 1723 874 1760">
    <p class='ocr_par' dir='ltr' id='par_1_36' title="bbox 89 1723 874 1760">
     <span class='ocr_line' id='line_1_36' title="bbox 89 1723 874 1760; baseline 0.003 -9"><span class='ocrx_word' id='word_1_229' title='bbox 89 1723 211 1757; x_wconf 82' lang='lat' dir='ltr'><strong>suspicio</strong></span> <span class='ocrx_word' id='word_1_230' title='bbox 223 1724 336 1759; x_wconf 86' lang='lat' dir='ltr'><strong>peperit.</strong></span> <span class='ocrx_word' id='word_1_231' title='bbox 367 1724 435 1751; x_wconf 85' lang='lat' dir='ltr'><strong>Nam</strong></span> <span class='ocrx_word' id='word_1_232' title='bbox 463 1732 523 1752; x_wconf 89' lang='lat' dir='ltr'><strong>cum</strong></span> <span class='ocrx_word' id='word_1_233' title='bbox 538 1725 704 1760; x_wconf 84' lang='lat' dir='ltr'><strong>Origenistas</strong></span> <span class='ocrx_word' id='word_1_234' title='bbox 725 1727 874 1754; x_wconf 83' lang='lat' dir='ltr'><strong>monachos</strong></span> 
     </span>
    </p>
   </div>
   <div class='ocr_carea' id='block_1_37' title="bbox 89 1769 872 1805">
    <p class='ocr_par' dir='ltr' id='par_1_37' title="bbox 89 1769 872 1805">
     <span class='ocr_line' id='line_1_37' title="bbox 89 1769 872 1805; baseline 0.005 -10"><span class='ocrx_word' id='word_1_235' title='bbox 89 1769 221 1796; x_wconf 73' lang='lat' dir='ltr'><strong>adversus</strong></span> <span class='ocrx_word' id='word_1_236' title='bbox 237 1769 377 1805; x_wconf 87' lang='lat' dir='ltr'><strong>Theophili</strong></span> <span class='ocrx_word' id='word_1_237' title='bbox 397 1770 571 1797; x_wconf 80' lang='lat' dir='ltr'><strong>Alexandrini</strong></span> <span class='ocrx_word' id='word_1_238' title='bbox 599 1771 710 1805; x_wconf 88' lang='lat' dir='ltr'><strong>injurias</strong></span> <span class='ocrx_word' id='word_1_239' title='bbox 740 1777 872 1805; x_wconf 90' lang='lat' dir='ltr'><strong>tueretur,</strong></span> 
     </span>
    </p>
   </div>
   <div class='ocr_carea' id='block_1_38' title="bbox 90 1815 873 1853">
    <p class='ocr_par' dir='ltr' id='par_1_38' title="bbox 90 1815 873 1853">
     <span class='ocr_line' id='line_1_38' title="bbox 90 1815 873 1853; baseline 0.004 -11"><span class='ocrx_word' id='word_1_240' title='bbox 90 1815 118 1842; x_wconf 90' lang='lat' dir='ltr'><strong>in</strong></span> <span class='ocrx_word' id='word_1_241' title='bbox 137 1815 316 1849; x_wconf 80' lang='lat' dir='ltr'><strong>suspicionem</strong></span> <span class='ocrx_word' id='word_1_242' title='bbox 334 1816 407 1843; x_wconf 86' lang='lat' dir='ltr'><strong>venit</strong></span> <span class='ocrx_word' id='word_1_243' title='bbox 419 1816 534 1844; x_wconf 80' lang='lat' dir='ltr'><strong>affectati</strong></span> <span class='ocrx_word' id='word_1_244' title='bbox 547 1816 721 1852; x_wconf 80' lang='lat' dir='ltr'><strong>Origenisnti,</strong></span> <span class='ocrx_word' id='word_1_245' title='bbox 736 1818 873 1853; x_wconf 85' lang='lat' dir='ltr'><strong>variisque</strong></span> 
     </span>
    </p>
   </div>
   <div class='ocr_carea' id='block_1_39' title="bbox 87 1859 874 1898">
    <p class='ocr_par' dir='ltr' id='par_1_39' title="bbox 87 1859 874 1898">
     <span class='ocr_line' id='line_1_39' title="bbox 87 1859 874 1898; baseline 0.005 -12"><span class='ocrx_word' id='word_1_246' title='bbox 87 1859 196 1887; x_wconf 80' lang='lat' dir='ltr'><strong>artibus</strong></span> <span class='ocrx_word' id='word_1_247' title='bbox 211 1860 366 1895; x_wconf 82' lang='lat' dir='ltr'><strong>episcopatu</strong></span> <span class='ocrx_word' id='word_1_248' title='bbox 383 1861 521 1895; x_wconf 87' lang='lat' dir='ltr'><strong>depulsus,</strong></span> <span class='ocrx_word' id='word_1_249' title='bbox 540 1861 771 1898; x_wconf 87' lang='lat' dir='ltr'><strong>Constantinopoli</strong></span> <span class='ocrx_word' id='word_1_250' title='bbox 786 1864 874 1890; x_wconf 87' lang='lat' dir='ltr'><strong>detur-</strong></span> 
     </span>
    </p>
   </div>
   <div class='ocr_carea' id='block_1_40' title="bbox 87 1905 871 1943">
    <p class='ocr_par' dir='ltr' id='par_1_40' title="bbox 87 1905 871 1943">
     <span class='ocr_line' id='line_1_40' title="bbox 87 1905 871 1943; baseline 0.004 -11"><span class='ocrx_word' id='word_1_251' title='bbox 87 1905 181 1937; x_wconf 81' lang='lat' dir='ltr'><strong>batus,</strong></span> <span class='ocrx_word' id='word_1_252' title='bbox 196 1906 223 1932; x_wconf 92' lang='lat' dir='ltr'><strong>in</strong></span> <span class='ocrx_word' id='word_1_253' title='bbox 237 1906 363 1933; x_wconf 88' lang='lat' dir='ltr'><strong>exsilium</strong></span> <span class='ocrx_word' id='word_1_254' title='bbox 381 1912 467 1940; x_wconf 88' lang='lat' dir='ltr'><strong>actus,</strong></span> <span class='ocrx_word' id='word_1_255' title='bbox 487 1915 591 1935; x_wconf 87' lang='lat' dir='ltr'><strong>summa</strong></span> <span class='ocrx_word' id='word_1_256' title='bbox 608 1916 641 1935; x_wconf 92' lang='lat' dir='ltr'><strong>ac</strong></span> <span class='ocrx_word' id='word_1_257' title='bbox 656 1916 739 1943; x_wconf 90' lang='lat' dir='ltr'><strong>prope</strong></span> <span class='ocrx_word' id='word_1_258' title='bbox 755 1909 840 1936; x_wconf 88' lang='lat' dir='ltr'><strong>ferina</strong></span> <span class='ocrx_word' id='word_1_259' title='bbox 857 1918 871 1935; x_wconf 68' lang='grc' dir='ltr'>τι</span> 
     </span>
    </p>
   </div>
   <div class='ocr_carea' id='block_1_41' title="bbox 87 1950 872 1987">
    <p class='ocr_par' dir='ltr' id='par_1_41' title="bbox 87 1950 872 1987">
     <span class='ocr_line' id='line_1_41' title="bbox 87 1950 872 1987; baseline 0.005 -10"><span class='ocrx_word' id='word_1_260' title='bbox 87 1950 237 1978; x_wconf 79' lang='lat' dir='ltr'><strong>submissis</strong></span> <span class='ocrx_word' id='word_1_261' title='bbox 248 1952 410 1979; x_wconf 87' lang='lat' dir='ltr'><strong>satellitibus</strong></span> <span class='ocrx_word' id='word_1_262' title='bbox 424 1952 594 1980; x_wconf 86' lang='lat' dir='ltr'><strong>inclementia</strong></span> <span class='ocrx_word' id='word_1_263' title='bbox 607 1953 752 1987; x_wconf 87' lang='lat' dir='ltr'><strong>adhibitus,</strong></span> <span class='ocrx_word' id='word_1_264' title='bbox 768 1954 872 1987; x_wconf 62' lang='lat' dir='ltr'><strong>aegritu-</strong></span> 
     </span>
    </p>
   </div>
   <div class='ocr_carea' id='block_1_42' title="bbox 86 1996 872 2033">
    <p class='ocr_par' dir='ltr' id='par_1_42' title="bbox 86 1996 872 2033">
     <span class='ocr_line' id='line_1_42' title="bbox 86 1996 872 2033; baseline 0.004 -9"><span class='ocrx_word' id='word_1_265' title='bbox 86 1996 154 2024; x_wconf 84' lang='lat' dir='ltr'><strong>dine</strong></span> <span class='ocrx_word' id='word_1_266' title='bbox 166 1997 274 2024; x_wconf 88' lang='lat' dir='ltr'><strong>tandem</strong></span> <span class='ocrx_word' id='word_1_267' title='bbox 287 1998 382 2031; x_wconf 90' lang='lat' dir='ltr'><strong>animi,</strong></span> <span class='ocrx_word' id='word_1_268' title='bbox 394 2007 425 2026; x_wconf 87' lang='lat' dir='ltr'><strong>ac</strong></span> <span class='ocrx_word' id='word_1_269' title='bbox 436 1999 559 2033; x_wconf 83' lang='lat' dir='ltr'><strong>corporis</strong></span> <span class='ocrx_word' id='word_1_270' title='bbox 573 1999 712 2027; x_wconf 87' lang='lat' dir='ltr'><strong>doloribus</strong></span> <span class='ocrx_word' id='word_1_271' title='bbox 723 2001 872 2028; x_wconf 87' lang='lat' dir='ltr'><strong>exstinctus</strong></span> 
     </span>
    </p>
   </div>
   <div class='ocr_carea' id='block_1_43' title="bbox 85 2041 873 2081">
    <p class='ocr_par' dir='ltr' id='par_1_43' title="bbox 85 2041 873 2081">
     <span class='ocr_line' id='line_1_43' title="bbox 85 2041 873 2081; baseline 0.005 -12"><span class='ocrx_word' id='word_1_272' title='bbox 85 2046 149 2076; x_wconf 89' lang='lat' dir='ltr'><strong>est;</strong></span> <span class='ocrx_word' id='word_1_273' title='bbox 168 2041 350 2078; x_wconf 85' lang='lat' dir='ltr'><strong>Origenisque</strong></span> <span class='ocrx_word' id='word_1_274' title='bbox 376 2044 556 2071; x_wconf 84' lang='lat' dir='ltr'><strong>calamitatem</strong></span> <span class='ocrx_word' id='word_1_275' title='bbox 579 2050 606 2072; x_wconf 91' lang='lat' dir='ltr'><strong>et</strong></span> <span class='ocrx_word' id='word_1_276' title='bbox 627 2044 759 2073; x_wconf 86' lang='lat' dir='ltr'><strong>fortunam</strong></span> <span class='ocrx_word' id='word_1_277' title='bbox 778 2045 873 2081; x_wconf 89' lang='lat' dir='ltr'><strong>Orige-</strong></span> 
     </span>
    </p>
   </div>
   <div class='ocr_carea' id='block_1_44' title="bbox 88 2087 572 2124">
    <p class='ocr_par' dir='ltr' id='par_1_44' title="bbox 88 2087 572 2124">
     <span class='ocr_line' id='line_1_44' title="bbox 88 2087 572 2124; baseline 0.006 -10"><span class='ocrx_word' id='word_1_278' title='bbox 88 2087 179 2114; x_wconf 72' lang='lat' dir='ltr'><strong>nistas</strong></span> <span class='ocrx_word' id='word_1_279' title='bbox 191 2093 335 2123; x_wconf 89' lang='lat' dir='ltr'><strong>protegens</strong></span> <span class='ocrx_word' id='word_1_280' title='bbox 347 2089 372 2116; x_wconf 92' lang='lat' dir='ltr'><strong>in</strong></span> <span class='ocrx_word' id='word_1_281' title='bbox 386 2096 416 2116; x_wconf 88' lang='lat' dir='ltr'><strong>se</strong></span> <span class='ocrx_word' id='word_1_282' title='bbox 429 2090 572 2124; x_wconf 85' lang='lat' dir='ltr'><strong>expressit.</strong></span> 
     </span>
    </p>
   </div>
   <div class='ocr_carea' id='block_1_45' title="bbox 131 2131 871 2172">
    <p class='ocr_par' dir='ltr' id='par_1_45' title="bbox 131 2131 871 2172">
     <span class='ocr_line' id='line_1_45' title="bbox 131 2131 871 2172; baseline 0.005 -12"><span class='ocrx_word' id='word_1_283' title='bbox 131 2131 186 2160; x_wconf 76' lang='lat' dir='ltr'><strong>Vll.</strong></span> <span class='ocrx_word' id='word_1_284' title='bbox 214 2132 367 2161; x_wconf 85' lang='lat' dir='ltr'><strong>Notandum</strong></span> <span class='ocrx_word' id='word_1_285' title='bbox 399 2141 507 2169; x_wconf 83' lang='lat' dir='ltr'><strong>quoque</strong></span> <span class='ocrx_word' id='word_1_286' title='bbox 537 2135 565 2162; x_wconf 87' lang='lat' dir='ltr'><strong>in</strong></span> <span class='ocrx_word' id='word_1_287' title='bbox 595 2135 708 2169; x_wconf 77' lang='lat' dir='ltr'><strong>gratiam</strong></span> <span class='ocrx_word' id='word_1_288' title='bbox 734 2135 871 2172; x_wconf 88' lang='lat' dir='ltr'><strong>Origenis,</strong></span> 
     </span>
    </p>
   </div>
   <div class='ocr_carea' id='block_1_46' title="bbox 621 116 1191 150">
    <p class='ocr_par' dir='ltr' id='par_1_46' title="bbox 621 116 1191 150">
     <span class='ocr_line' id='line_1_46' title="bbox 621 116 1191 150; baseline 0 -4"><span class='ocrx_word' id='word_1_289' title='bbox 621 117 900 146; x_wconf 78' lang='lat' dir='ltr'><strong>ORIGENIANORUM</strong></span> <span class='ocrx_word' id='word_1_290' title='bbox 919 117 983 145; x_wconf 86' lang='lat' dir='ltr'><strong>LIB.</strong></span> <span class='ocrx_word' id='word_1_291' title='bbox 1003 116 1036 150; x_wconf 89' lang='lat' dir='ltr'><strong>ll,</strong></span> <span class='ocrx_word' id='word_1_292' title='bbox 1054 117 1128 145; x_wconf 88' lang='lat' dir='ltr'><strong>CAP.</strong></span> <span class='ocrx_word' id='word_1_293' title='bbox 1147 117 1191 146; x_wconf 87' lang='lat' dir='ltr'><strong>lll.</strong></span> 
     </span>
    </p>
   </div>
   <div class='ocr_carea' id='block_1_47' title="bbox 1635 120 1703 149">
    <p class='ocr_par' dir='ltr' id='par_1_47' title="bbox 1635 120 1703 149">
     <span class='ocr_line' id='line_1_47' title="bbox 1635 120 1703 149; baseline 0.015 -1"><span class='ocrx_word' id='word_1_294' title='bbox 1635 120 1703 149; x_wconf 82' lang='lat' dir='ltr'><strong>l098</strong></span> 
     </span>
    </p>
   </div>
   <div class='ocr_carea' id='block_1_48' title="bbox 894 173 1704 210">
    <p class='ocr_par' dir='ltr' id='par_1_48' title="bbox 894 173 1704 210">
     <span class='ocr_line' id='line_1_48' title="bbox 894 173 1704 210; baseline 0 -8"><span class='ocrx_word' id='word_1_295' title='bbox 894 175 1087 210; x_wconf 73' lang='lat' dir='ltr'><strong>Adngmatieis</strong></span> <span class='ocrx_word' id='word_1_296' title='bbox 1106 173 1307 207; x_wconf 84' lang='lat' dir='ltr'><strong>assertionibus,</strong></span> <span class='ocrx_word' id='word_1_297' title='bbox 1333 179 1360 202; x_wconf 87' lang='lat' dir='ltr'><strong>et</strong></span> <span class='ocrx_word' id='word_1_298' title='bbox 1387 175 1426 203; x_wconf 86' lang='lat' dir='ltr'><strong>sic</strong></span> <span class='ocrx_word' id='word_1_299' title='bbox 1451 175 1478 202; x_wconf 94' lang='lat' dir='ltr'><strong>in</strong></span> <span class='ocrx_word' id='word_1_300' title='bbox 1503 183 1560 208; x_wconf 92' lang='lat' dir='ltr'><strong>eas,</strong></span> <span class='ocrx_word' id='word_1_301' title='bbox 1580 180 1704 210; x_wconf 84' lang='lat' dir='ltr'><strong>tanquam</strong></span> 
     </span>
    </p>
   </div>
   <div class='ocr_carea' id='block_1_49' title="bbox 931 221 1706 257">
    <p class='ocr_par' dir='ltr' id='par_1_49' title="bbox 931 221 1706 257">
     <span class='ocr_line' id='line_1_49' title="bbox 931 221 1706 257; baseline 0.001 -9"><span class='ocrx_word' id='word_1_302' title='bbox 931 222 1060 249; x_wconf 85' lang='lat' dir='ltr'><strong>adversus</strong></span> <span class='ocrx_word' id='word_1_303' title='bbox 1091 229 1174 250; x_wconf 92' lang='lat' dir='ltr'><strong>novas</strong></span> <span class='ocrx_word' id='word_1_304' title='bbox 1195 221 1335 257; x_wconf 88' lang='lat' dir='ltr'><strong>opiniones</strong></span> <span class='ocrx_word' id='word_1_305' title='bbox 1360 221 1386 249; x_wconf 90' lang='lat' dir='ltr'><strong>in</strong></span> <span class='ocrx_word' id='word_1_306' title='bbox 1413 221 1560 250; x_wconf 84' lang='lat' dir='ltr'><strong>Ecclesiam</strong></span> <span class='ocrx_word' id='word_1_307' title='bbox 1585 222 1706 250; x_wconf 81' lang='lat' dir='ltr'><strong>invectas</strong></span> 
     </span>
    </p>
   </div>
   <div class='ocr_carea' id='block_1_50' title="bbox 928 267 1114 295">
    <p class='ocr_par' dir='ltr' id='par_1_50' title="bbox 928 267 1114 295">
     <span class='ocr_line' id='line_1_50' title="bbox 928 267 1114 295; baseline 0.011 -2"><span class='ocrx_word' id='word_1_308' title='bbox 928 267 1029 294; x_wconf 81' lang='lat' dir='ltr'><strong>velitati</strong></span> <span class='ocrx_word' id='word_1_309' title='bbox 1043 273 1114 295; x_wconf 88' lang='lat' dir='ltr'><strong>sunt.</strong></span> 
     </span>
    </p>
   </div>
   <div class='ocr_carea' id='block_1_51' title="bbox 965 313 1706 348">
    <p class='ocr_par' dir='ltr' id='par_1_51' title="bbox 965 313 1706 348">
     <span class='ocr_line' id='line_1_51' title="bbox 965 313 1706 348; baseline 0.001 -8"><span class='ocrx_word' id='word_1_310' title='bbox 965 313 1009 340; x_wconf 86' lang='lat' dir='ltr'><strong>IX.</strong></span> <span class='ocrx_word' id='word_1_311' title='bbox 1033 313 1087 341; x_wconf 79' lang='lat' dir='ltr'><strong>Nec</strong></span> <span class='ocrx_word' id='word_1_312' title='bbox 1102 313 1188 340; x_wconf 90' lang='lat' dir='ltr'><strong>fraudi</strong></span> <span class='ocrx_word' id='word_1_313' title='bbox 1201 314 1263 341; x_wconf 89' lang='lat' dir='ltr'><strong>huic</strong></span> <span class='ocrx_word' id='word_1_314' title='bbox 1277 321 1337 341; x_wconf 87' lang='lat' dir='ltr'><strong>esse</strong></span> <span class='ocrx_word' id='word_1_315' title='bbox 1359 314 1446 347; x_wconf 79' lang='lat' dir='ltr'><strong>debet,</strong></span> <span class='ocrx_word' id='word_1_316' title='bbox 1461 313 1532 348; x_wconf 89' lang='lat' dir='ltr'><strong>quod</strong></span> <span class='ocrx_word' id='word_1_317' title='bbox 1545 313 1605 341; x_wconf 75' lang='lat' dir='ltr'><strong>Man</strong></span> <span class='ocrx_word' id='word_1_318' title='bbox 1617 314 1706 341; x_wconf 65' lang='lat' dir='ltr'><strong>chrea-</strong></span> 
     </span>
    </p>
   </div>
   <div class='ocr_carea' id='block_1_52' title="bbox 929 358 1704 392">
    <p class='ocr_par' dir='ltr' id='par_1_52' title="bbox 929 358 1704 392">
     <span class='ocr_line' id='line_1_52' title="bbox 929 358 1704 392; baseline 0.001 -7"><span class='ocrx_word' id='word_1_319' title='bbox 929 358 1236 392; x_wconf 86' lang='lat' dir='ltr'><strong>rum,Sabellianorum,</strong></span> <span class='ocrx_word' id='word_1_320' title='bbox 1265 359 1437 392; x_wconf 82' lang='lat' dir='ltr'><strong>Arianorum,</strong></span> <span class='ocrx_word' id='word_1_321' title='bbox 1467 359 1704 391; x_wconf 88' lang='lat' dir='ltr'><strong>Ettnomianorum,</strong></span> 
     </span>
    </p>
   </div>
   <div class='ocr_carea' id='block_1_53' title="bbox 928 404 1700 440">
    <p class='ocr_par' dir='ltr' id='par_1_53' title="bbox 928 404 1700 440">
     <span class='ocr_line' id='line_1_53' title="bbox 928 404 1700 440; baseline 0 -9"><span class='ocrx_word' id='word_1_322' title='bbox 928 405 1120 432; x_wconf 68' lang='lat' dir='ltr'><strong>Anommorum</strong></span> <span class='ocrx_word' id='word_1_323' title='bbox 1149 404 1406 440; x_wconf 83' lang='lat' dir='ltr'><strong>Pelagianorumque</strong></span> <span class='ocrx_word' id='word_1_324' title='bbox 1421 409 1496 439; x_wconf 90' lang='lat' dir='ltr'><strong>pater</strong></span> <span class='ocrx_word' id='word_1_325' title='bbox 1506 425 1513 437; x_wconf 94' lang='lat'><strong>,</strong></span> <span class='ocrx_word' id='word_1_326' title='bbox 1529 409 1556 432; x_wconf 91' lang='lat' dir='ltr'><strong>et</strong></span> <span class='ocrx_word' id='word_1_327' title='bbox 1581 404 1700 431; x_wconf 90' lang='lat' dir='ltr'><strong>omnium</strong></span> 
     </span>
    </p>
   </div>
   <div class='ocr_carea' id='block_1_54' title="bbox 929 448 1704 484">
    <p class='ocr_par' dir='ltr' id='par_1_54' title="bbox 929 448 1704 484">
     <span class='ocr_line' id='line_1_54' title="bbox 929 448 1704 484; baseline 0.001 -9"><span class='ocrx_word' id='word_1_328' title='bbox 929 448 1064 476; x_wconf 62' lang='lat' dir='ltr'><strong>haereseon</strong></span> <span class='ocrx_word' id='word_1_329' title='bbox 1082 449 1140 477; x_wconf 88' lang='lat' dir='ltr'><strong>fons</strong></span> <span class='ocrx_word' id='word_1_330' title='bbox 1163 457 1178 476; x_wconf 91' lang='lat' dir='ltr'><strong>a</strong></span> <span class='ocrx_word' id='word_1_331' title='bbox 1204 449 1339 476; x_wconf 82' lang='lat' dir='ltr'><strong>nOnnul&#39;Iis</strong></span> <span class='ocrx_word' id='word_1_332' title='bbox 1360 450 1518 484; x_wconf 90' lang='lat' dir='ltr'><strong>appellatur.</strong></span> <span class='ocrx_word' id='word_1_333' title='bbox 1540 449 1606 476; x_wconf 84' lang='lat' dir='ltr'><strong>Nam</strong></span> <span class='ocrx_word' id='word_1_334' title='bbox 1626 453 1655 476; x_wconf 90' lang='lat' dir='ltr'><strong>ut</strong></span> <span class='ocrx_word' id='word_1_335' title='bbox 1670 449 1704 476; x_wconf 89' lang='lat' dir='ltr'><strong>ad</strong></span> 
     </span>
    </p>
   </div>
   <div class='ocr_carea' id='block_1_55' title="bbox 927 493 1707 529">
    <p class='ocr_par' dir='ltr' id='par_1_55' title="bbox 927 493 1707 529">
     <span class='ocr_line' id='line_1_55' title="bbox 927 493 1707 529; baseline 0.001 -8"><span class='ocrx_word' id='word_1_336' title='bbox 927 493 1119 529; x_wconf 86' lang='lat' dir='ltr'><strong>conlingendas</strong></span> <span class='ocrx_word' id='word_1_337' title='bbox 1132 495 1247 522; x_wconf 62' lang='lat' dir='ltr'><strong>haereses</strong></span> <span class='ocrx_word' id='word_1_338' title='bbox 1263 494 1426 522; x_wconf 89' lang='lat' dir='ltr'><strong>incentivum</strong></span> <span class='ocrx_word' id='word_1_339' title='bbox 1442 495 1541 529; x_wconf 88' lang='lat' dir='ltr'><strong>scripta</strong></span> <span class='ocrx_word' id='word_1_340' title='bbox 1556 494 1614 528; x_wconf 78' lang='lat' dir='ltr'><strong>eius</strong></span> <span class='ocrx_word' id='word_1_341' title='bbox 1629 495 1707 522; x_wconf 85' lang='lat' dir='ltr'><strong>malis</strong></span> 
     </span>
    </p>
   </div>
   <div class='ocr_carea' id='block_1_56' title="bbox 928 538 1707 574">
    <p class='ocr_par' dir='ltr' id='par_1_56' title="bbox 928 538 1707 574">
     <span class='ocr_line' id='line_1_56' title="bbox 928 538 1707 574; baseline 0.001 -8"><span class='ocrx_word' id='word_1_342' title='bbox 928 538 1042 574; x_wconf 76' lang='lat' dir='ltr'><strong>ingeniis</strong></span> <span class='ocrx_word' id='word_1_343' title='bbox 1061 539 1211 567; x_wconf 84' lang='lat' dir='ltr'><strong>subdidisse</strong></span> <span class='ocrx_word' id='word_1_344' title='bbox 1237 540 1341 574; x_wconf 84' lang='lat' dir='ltr'><strong>demus,</strong></span> <span class='ocrx_word' id='word_1_345' title='bbox 1365 539 1531 567; x_wconf 88' lang='lat' dir='ltr'><strong>Iectorumue</strong></span> <span class='ocrx_word' id='word_1_346' title='bbox 1550 540 1653 574; x_wconf 91' lang='lat' dir='ltr'><strong>culpam</strong></span> <span class='ocrx_word' id='word_1_347' title='bbox 1679 545 1707 568; x_wconf 89' lang='lat' dir='ltr'><strong>et</strong></span> 
     </span>
    </p>
   </div>
   <div class='ocr_carea' id='block_1_57' title="bbox 927 584 1705 620">
    <p class='ocr_par' dir='ltr' id='par_1_57' title="bbox 927 584 1705 620">
     <span class='ocr_line' id='line_1_57' title="bbox 927 584 1705 620; baseline 0.001 -9"><span class='ocrx_word' id='word_1_348' title='bbox 927 592 1053 620; x_wconf 88' lang='lat' dir='ltr'><strong>perversa</strong></span> <span class='ocrx_word' id='word_1_349' title='bbox 1076 584 1175 619; x_wconf 85' lang='lat' dir='ltr'><strong>judicia</strong></span> <span class='ocrx_word' id='word_1_350' title='bbox 1193 590 1320 619; x_wconf 63' lang='lat' dir='ltr'><strong>praestare</strong></span> <span class='ocrx_word' id='word_1_351' title='bbox 1346 585 1474 612; x_wconf 74' lang='lat' dir='ltr'><strong>tenetur?</strong></span> <span class='ocrx_word' id='word_1_352' title='bbox 1496 585 1626 613; x_wconf 88' lang='lat' dir='ltr'><strong>meritone</strong></span> <span class='ocrx_word' id='word_1_353' title='bbox 1642 586 1705 619; x_wconf 76' lang='lat' dir='ltr'><strong>:Pgri</strong></span> 
     </span>
    </p>
   </div>
   <div class='ocr_carea' id='block_1_58' title="bbox 927 631 1705 659">
    <p class='ocr_par' dir='ltr' id='par_1_58' title="bbox 927 631 1705 659">
     <span class='ocr_line' id='line_1_58' title="bbox 927 631 1705 659; baseline 0 -1"><span class='ocrx_word' id='word_1_354' title='bbox 927 631 1059 658; x_wconf 88' lang='lat' dir='ltr'><strong>stomachi</strong></span> <span class='ocrx_word' id='word_1_355' title='bbox 1083 631 1176 658; x_wconf 90' lang='lat' dir='ltr'><strong>vitium</strong></span> <span class='ocrx_word' id='word_1_356' title='bbox 1201 631 1227 658; x_wconf 90' lang='lat' dir='ltr'><strong>itt</strong></span> <span class='ocrx_word' id='word_1_357' title='bbox 1257 631 1345 658; x_wconf 91' lang='lat' dir='ltr'><strong>cibum</strong></span> <span class='ocrx_word' id='word_1_358' title='bbox 1360 631 1496 658; x_wconf 84' lang='lat' dir='ltr'><strong>sincerum</strong></span> <span class='ocrx_word' id='word_1_359' title='bbox 1524 631 1705 659; x_wconf 70' lang='lat' dir='ltr'><strong>transfertur?</strong></span> 
     </span>
    </p>
   </div>
   <div class='ocr_carea' id='block_1_59' title="bbox 928 675 1706 712">
    <p class='ocr_par' dir='ltr' id='par_1_59' title="bbox 928 675 1706 712">
     <span class='ocr_line' id='line_1_59' title="bbox 928 675 1706 712; baseline 0 -8"><span class='ocrx_word' id='word_1_360' title='bbox 928 675 983 704; x_wconf 94' lang='lat' dir='ltr'><strong>Imo</strong></span> <span class='ocrx_word' id='word_1_361' title='bbox 999 684 1072 709; x_wconf 88' lang='lat' dir='ltr'><strong>vero,</strong></span> <span class='ocrx_word' id='word_1_362' title='bbox 1090 685 1201 705; x_wconf 70' lang='lat' dir='ltr'><strong>summae</strong></span> <span class='ocrx_word' id='word_1_363' title='bbox 1216 677 1274 712; x_wconf 85' lang='lat' dir='ltr'><strong>ejus</strong></span> <span class='ocrx_word' id='word_1_364' title='bbox 1290 677 1316 704; x_wconf 91' lang='lat' dir='ltr'><strong>in</strong></span> <span class='ocrx_word' id='word_1_365' title='bbox 1332 677 1452 705; x_wconf 85' lang='lat' dir='ltr'><strong>Ecclesia</strong></span> <span class='ocrx_word' id='word_1_366' title='bbox 1475 677 1642 705; x_wconf 86' lang='lat' dir='ltr'><strong>auctoritatis</strong></span> <span class='ocrx_word' id='word_1_367' title='bbox 1663 677 1706 704; x_wconf 87' lang='lat' dir='ltr'><strong>vel</strong></span> 
     </span>
    </p>
   </div>
   <div class='ocr_carea' id='block_1_60' title="bbox 926 720 1706 759">
    <p class='ocr_par' dir='ltr' id='par_1_60' title="bbox 926 720 1706 759">
     <span class='ocr_line' id='line_1_60' title="bbox 926 720 1706 759; baseline -0.001 -10"><span class='ocrx_word' id='word_1_368' title='bbox 926 729 960 749; x_wconf 86' lang='lat' dir='ltr'><strong>ex</strong></span> <span class='ocrx_word' id='word_1_369' title='bbox 975 729 1008 750; x_wconf 89' lang='lat' dir='ltr'><strong>eo</strong></span> <span class='ocrx_word' id='word_1_370' title='bbox 1019 722 1203 757; x_wconf 69' lang='lat' dir='ltr'><strong>praeiudicium</strong></span> <span class='ocrx_word' id='word_1_371' title='bbox 1217 722 1284 750; x_wconf 91' lang='lat' dir='ltr'><strong>sumi</strong></span> <span class='ocrx_word' id='word_1_372' title='bbox 1301 726 1398 757; x_wconf 88' lang='lat' dir='ltr'><strong>potest,</strong></span> <span class='ocrx_word' id='word_1_373' title='bbox 1416 722 1487 757; x_wconf 86' lang='lat' dir='ltr'><strong>quod</strong></span> <span class='ocrx_word' id='word_1_374' title='bbox 1501 729 1535 749; x_wconf 86' lang='lat' dir='ltr'><strong>ex</strong></span> <span class='ocrx_word' id='word_1_375' title='bbox 1553 721 1636 757; x_wconf 89' lang='lat' dir='ltr'><strong>ipsius</strong></span> <span class='ocrx_word' id='word_1_376' title='bbox 1650 720 1706 759; x_wconf 70' lang='lat' dir='ltr'><strong>suf-</strong></span> 
     </span>
    </p>
   </div>
   <div class='ocr_carea' id='block_1_61' title="bbox 926 767 1708 803">
    <p class='ocr_par' dir='ltr' id='par_1_61' title="bbox 926 767 1708 803">
     <span class='ocr_line' id='line_1_61' title="bbox 926 767 1708 803; baseline 0 -9"><span class='ocrx_word' id='word_1_377' title='bbox 926 767 1012 803; x_wconf 78' lang='lat' dir='ltr'><strong>fragio</strong></span> <span class='ocrx_word' id='word_1_378' title='bbox 1030 775 1154 802; x_wconf 84' lang='lat' dir='ltr'><strong>magnam</strong></span> <span class='ocrx_word' id='word_1_379' title='bbox 1177 767 1315 795; x_wconf 88' lang='lat' dir='ltr'><strong>erroribus</strong></span> <span class='ocrx_word' id='word_1_380' title='bbox 1328 768 1386 795; x_wconf 90' lang='lat' dir='ltr'><strong>suis</strong></span> <span class='ocrx_word' id='word_1_381' title='bbox 1401 767 1454 794; x_wconf 93' lang='lat' dir='ltr'><strong>vim</strong></span> <span class='ocrx_word' id='word_1_382' title='bbox 1477 768 1606 795; x_wconf 85' lang='lat' dir='ltr'><strong>accedere</strong></span> <span class='ocrx_word' id='word_1_383' title='bbox 1630 772 1708 802; x_wconf 89' lang='lat' dir='ltr'><strong>puta-</strong></span> 
     </span>
    </p>
   </div>
   <div class='ocr_carea' id='block_1_62' title="bbox 927 813 1709 849">
    <p class='ocr_par' dir='ltr' id='par_1_62' title="bbox 927 813 1709 849">
     <span class='ocr_line' id='line_1_62' title="bbox 927 813 1709 849; baseline -0.001 -9"><span class='ocrx_word' id='word_1_384' title='bbox 927 817 990 841; x_wconf 91' lang='lat' dir='ltr'><strong>runt</strong></span> <span class='ocrx_word' id='word_1_385' title='bbox 1010 813 1174 841; x_wconf 84' lang='lat' dir='ltr'><strong>heterodoxi.</strong></span> <span class='ocrx_word' id='word_1_386' title='bbox 1203 814 1298 841; x_wconf 86' lang='lat' dir='ltr'><strong>Annon</strong></span> <span class='ocrx_word' id='word_1_387' title='bbox 1315 819 1404 840; x_wconf 92' lang='lat' dir='ltr'><strong>autem</strong></span> <span class='ocrx_word' id='word_1_388' title='bbox 1418 815 1581 849; x_wconf 64' lang='lat' dir='ltr'><strong>praecipuam</strong></span> <span class='ocrx_word' id='word_1_389' title='bbox 1601 813 1709 848; x_wconf 83' lang='lat' dir='ltr'><strong>figmen-</strong></span> 
     </span>
    </p>
   </div>
   <div class='ocr_carea' id='block_1_63' title="bbox 892 849 1707 894">
    <p class='ocr_par' dir='ltr' id='par_1_63' title="bbox 892 849 1707 894">
     <span class='ocr_line' id='line_1_63' title="bbox 892 849 1707 894; baseline 0 -8"><span class='ocrx_word' id='word_1_390' title='bbox 892 849 914 878; x_wconf 72' lang='grc' dir='ltr'><strong>Β</strong></span> <span class='ocrx_word' id='word_1_391' title='bbox 929 859 962 886; x_wconf 84' lang='grc' dir='ltr'>ιίε</span> <span class='ocrx_word' id='word_1_392' title='bbox 979 858 1036 886; x_wconf 87' lang='lat' dir='ltr'><strong>suis</strong></span> <span class='ocrx_word' id='word_1_393' title='bbox 1054 859 1132 886; x_wconf 83' lang='lat' dir='ltr'><strong>fidem</strong></span> <span class='ocrx_word' id='word_1_394' title='bbox 1147 866 1178 886; x_wconf 86' lang='lat' dir='ltr'><strong>ex</strong></span> <span class='ocrx_word' id='word_1_395' title='bbox 1199 859 1336 894; x_wconf 88' lang='lat' dir='ltr'><strong>Scriptura</strong></span> <span class='ocrx_word' id='word_1_396' title='bbox 1358 866 1434 886; x_wconf 84' lang='lat' dir='ltr'><strong>sacra</strong></span> <span class='ocrx_word' id='word_1_397' title='bbox 1459 859 1602 886; x_wconf 84' lang='lat' dir='ltr'><strong>conciliare</strong></span> <span class='ocrx_word' id='word_1_398' title='bbox 1615 859 1707 887; x_wconf 90' lang='lat' dir='ltr'><strong>itidem</strong></span> 
     </span>
    </p>
   </div>
   <div class='ocr_carea' id='block_1_64' title="bbox 926 904 1707 932">
    <p class='ocr_par' dir='ltr' id='par_1_64' title="bbox 926 904 1707 932">
     <span class='ocr_line' id='line_1_64' title="bbox 926 904 1707 932; baseline -0.001 0"><span class='ocrx_word' id='word_1_399' title='bbox 926 905 1036 932; x_wconf 87' lang='lat' dir='ltr'><strong>student</strong></span> <span class='ocrx_word' id='word_1_400' title='bbox 1061 904 1203 932; x_wconf 66' lang='lat' dir='ltr'><strong>haeretici?</strong></span> <span class='ocrx_word' id='word_1_401' title='bbox 1227 913 1315 932; x_wconf 88' lang='lat' dir='ltr'><strong>annon</strong></span> <span class='ocrx_word' id='word_1_402' title='bbox 1333 912 1366 931; x_wconf 87' lang='lat' dir='ltr'><strong>ex</strong></span> <span class='ocrx_word' id='word_1_403' title='bbox 1388 904 1486 932; x_wconf 90' lang='lat' dir='ltr'><strong>divinis</strong></span> <span class='ocrx_word' id='word_1_404' title='bbox 1500 904 1588 932; x_wconf 88' lang='lat' dir='ltr'><strong>Libris</strong></span> <span class='ocrx_word' id='word_1_405' title='bbox 1604 905 1630 932; x_wconf 93' lang='lat' dir='ltr'><strong>in</strong></span> <span class='ocrx_word' id='word_1_406' title='bbox 1642 904 1707 932; x_wconf 85' lang='lat' dir='ltr'><strong>alie-</strong></span> 
     </span>
    </p>
   </div>
   <div class='ocr_carea' id='block_1_65' title="bbox 927 950 1705 985">
    <p class='ocr_par' dir='ltr' id='par_1_65' title="bbox 927 950 1705 985">
     <span class='ocr_line' id='line_1_65' title="bbox 927 950 1705 985; baseline 0 -8"><span class='ocrx_word' id='word_1_407' title='bbox 927 957 976 978; x_wconf 85' lang='lat' dir='ltr'><strong>nos</strong></span> <span class='ocrx_word' id='word_1_408' title='bbox 989 955 1016 978; x_wconf 90' lang='lat' dir='ltr'><strong>et</strong></span> <span class='ocrx_word' id='word_1_409' title='bbox 1030 950 1146 978; x_wconf 85' lang='lat' dir='ltr'><strong>nefarios</strong></span> <span class='ocrx_word' id='word_1_410' title='bbox 1169 957 1262 978; x_wconf 84' lang='lat' dir='ltr'><strong>sensus</strong></span> <span class='ocrx_word' id='word_1_411' title='bbox 1286 958 1301 977; x_wconf 91' lang='lat' dir='ltr'><strong>a</strong></span> <span class='ocrx_word' id='word_1_412' title='bbox 1325 958 1353 978; x_wconf 91' lang='lat' dir='ltr'><strong>se</strong></span> <span class='ocrx_word' id='word_1_413' title='bbox 1367 951 1501 978; x_wconf 83' lang='lat' dir='ltr'><strong>contortis</strong></span> <span class='ocrx_word' id='word_1_414' title='bbox 1514 950 1641 985; x_wconf 84' lang='lat' dir='ltr'><strong>pestifera</strong></span> <span class='ocrx_word' id='word_1_415' title='bbox 1657 958 1705 978; x_wconf 89' lang='lat' dir='ltr'><strong>sua</strong></span> 
     </span>
    </p>
   </div>
   <div class='ocr_carea' id='block_1_66' title="bbox 927 995 1706 1032">
    <p class='ocr_par' dir='ltr' id='par_1_66' title="bbox 927 995 1706 1032">
     <span class='ocr_line' id='line_1_66' title="bbox 927 995 1706 1032; baseline -0.001 -9"><span class='ocrx_word' id='word_1_416' title='bbox 927 995 1049 1031; x_wconf 87' lang='lat' dir='ltr'><strong>dogmata</strong></span> <span class='ocrx_word' id='word_1_417' title='bbox 1069 996 1252 1024; x_wconf 84' lang='lat' dir='ltr'><strong>extuderunt?</strong></span> <span class='ocrx_word' id='word_1_418' title='bbox 1275 996 1337 1023; x_wconf 85' lang='lat' dir='ltr'><strong>Pari</strong></span> <span class='ocrx_word' id='word_1_419' title='bbox 1354 1003 1420 1032; x_wconf 82' lang='lat' dir='ltr'><strong>ergo</strong></span> <span class='ocrx_word' id='word_1_420' title='bbox 1436 996 1498 1032; x_wconf 78' lang='lat' dir='ltr'><strong>jure</strong></span> <span class='ocrx_word' id='word_1_421' title='bbox 1510 1003 1633 1023; x_wconf 86' lang='lat' dir='ltr'><strong>errorum</strong></span> <span class='ocrx_word' id='word_1_422' title='bbox 1646 1003 1706 1023; x_wconf 92' lang='lat' dir='ltr'><strong>om-</strong></span> 
     </span>
    </p>
   </div>
   <div class='ocr_carea' id='block_1_67' title="bbox 926 1041 1706 1076">
    <p class='ocr_par' dir='ltr' id='par_1_67' title="bbox 926 1041 1706 1076">
     <span class='ocr_line' id='line_1_67' title="bbox 926 1041 1706 1076; baseline 0.001 -8"><span class='ocrx_word' id='word_1_423' title='bbox 926 1041 1011 1074; x_wconf 89' lang='lat' dir='ltr'><strong>niuttt,</strong></span> <span class='ocrx_word' id='word_1_424' title='bbox 1026 1041 1049 1069; x_wconf 86' lang='lat' dir='ltr'><strong>si</strong></span> <span class='ocrx_word' id='word_1_425' title='bbox 1065 1041 1103 1069; x_wconf 89' lang='lat' dir='ltr'><strong>ita</strong></span> <span class='ocrx_word' id='word_1_426' title='bbox 1123 1041 1196 1076; x_wconf 92' lang='lat' dir='ltr'><strong>loqui</strong></span> <span class='ocrx_word' id='word_1_427' title='bbox 1211 1041 1282 1073; x_wconf 86' lang='lat' dir='ltr'><strong>licet,</strong></span> <span class='ocrx_word' id='word_1_428' title='bbox 1301 1042 1441 1076; x_wconf 88' lang='lat' dir='ltr'><strong>Scriptura</strong></span> <span class='ocrx_word' id='word_1_429' title='bbox 1458 1049 1547 1076; x_wconf 84' lang='lat' dir='ltr'><strong>sacra,</strong></span> <span class='ocrx_word' id='word_1_430' title='bbox 1568 1042 1637 1069; x_wconf 90' lang='lat' dir='ltr'><strong>male</strong></span> <span class='ocrx_word' id='word_1_431' title='bbox 1651 1042 1706 1070; x_wconf 83' lang='lat' dir='ltr'><strong>sci-</strong></span> 
     </span>
    </p>
   </div>
   <div class='ocr_carea' id='block_1_68' title="bbox 926 1085 1706 1122">
    <p class='ocr_par' dir='ltr' id='par_1_68' title="bbox 926 1085 1706 1122">
     <span class='ocr_line' id='line_1_68' title="bbox 926 1085 1706 1122; baseline 0.001 -9"><span class='ocrx_word' id='word_1_432' title='bbox 926 1085 989 1113; x_wconf 87' lang='lat' dir='ltr'><strong>licet</strong></span> <span class='ocrx_word' id='word_1_433' title='bbox 1004 1090 1126 1121; x_wconf 88' lang='lat' dir='ltr'><strong>accepta,</strong></span> <span class='ocrx_word' id='word_1_434' title='bbox 1144 1086 1204 1113; x_wconf 87' lang='lat' dir='ltr'><strong>fons</strong></span> <span class='ocrx_word' id='word_1_435' title='bbox 1219 1086 1324 1113; x_wconf 89' lang='lat' dir='ltr'><strong>dicatur</strong></span> <span class='ocrx_word' id='word_1_436' title='bbox 1346 1091 1374 1114; x_wconf 92' lang='lat' dir='ltr'><strong>et</strong></span> <span class='ocrx_word' id='word_1_437' title='bbox 1388 1086 1472 1121; x_wconf 85' lang='lat' dir='ltr'><strong>origo,</strong></span> <span class='ocrx_word' id='word_1_438' title='bbox 1489 1086 1524 1114; x_wconf 91' lang='lat' dir='ltr'><strong>ob</strong></span> <span class='ocrx_word' id='word_1_439' title='bbox 1544 1092 1706 1122; x_wconf 71' lang='lat' dir='ltr'><strong>praepostera</strong></span> 
     </span>
    </p>
   </div>
   <div class='ocr_carea' id='block_1_69' title="bbox 927 1132 1706 1168">
    <p class='ocr_par' dir='ltr' id='par_1_69' title="bbox 927 1132 1706 1168">
     <span class='ocr_line' id='line_1_69' title="bbox 927 1132 1706 1168; baseline 0.001 -9"><span class='ocrx_word' id='word_1_440' title='bbox 927 1139 1022 1168; x_wconf 87' lang='lat' dir='ltr'><strong>nempe</strong></span> <span class='ocrx_word' id='word_1_441' title='bbox 1044 1132 1231 1160; x_wconf 78' lang='lat' dir='ltr'><strong>haereticorum</strong></span> <span class='ocrx_word' id='word_1_442' title='bbox 1259 1132 1374 1168; x_wconf 80' lang='lat' dir='ltr'><strong>ingenia,</strong></span> <span class='ocrx_word' id='word_1_443' title='bbox 1392 1133 1492 1168; x_wconf 87' lang='lat' dir='ltr'><strong>optinta</strong></span> <span class='ocrx_word' id='word_1_444' title='bbox 1509 1140 1622 1168; x_wconf 74' lang='lat' dir='ltr'><strong>quaeque</strong></span> <span class='ocrx_word' id='word_1_445' title='bbox 1643 1139 1706 1168; x_wconf 91' lang='lat' dir='ltr'><strong>per-</strong></span> 
     </span>
    </p>
   </div>
   <div class='ocr_carea' id='block_1_70' title="bbox 926 1177 1097 1205">
    <p class='ocr_par' dir='ltr' id='par_1_70' title="bbox 926 1177 1097 1205">
     <span class='ocr_line' id='line_1_70' title="bbox 926 1177 1097 1205; baseline 0.012 -3"><span class='ocrx_word' id='word_1_446' title='bbox 926 1177 1097 1205; x_wconf 84' lang='lat' dir='ltr'><strong>vertentiunt.</strong></span> 
     </span>
    </p>
   </div>
   <div class='ocr_carea' id='block_1_71' title="bbox 959 1222 1705 1258">
    <p class='ocr_par' dir='ltr' id='par_1_71' title="bbox 959 1222 1705 1258">
     <span class='ocr_line' id='line_1_71' title="bbox 959 1222 1705 1258; baseline 0 -8"><span class='ocrx_word' id='word_1_447' title='bbox 959 1223 993 1250; x_wconf 83' lang='lat' dir='ltr'><strong>X.</strong></span> <span class='ocrx_word' id='word_1_448' title='bbox 1011 1223 1066 1258; x_wconf 72' lang='grc' dir='ltr'><strong>(Η)</strong></span> <span class='ocrx_word' id='word_1_449' title='bbox 1081 1222 1201 1257; x_wconf 88' lang='lat' dir='ltr'><strong>Denique</strong></span> <span class='ocrx_word' id='word_1_450' title='bbox 1222 1222 1392 1257; x_wconf 83' lang='lat' dir='ltr'><strong>potissimum</strong></span> <span class='ocrx_word' id='word_1_451' title='bbox 1403 1222 1508 1258; x_wconf 88' lang='lat' dir='ltr'><strong>Origeni</strong></span> <span class='ocrx_word' id='word_1_452' title='bbox 1525 1230 1559 1250; x_wconf 83' lang='lat' dir='ltr'><strong>ex</strong></span> <span class='ocrx_word' id='word_1_453' title='bbox 1575 1222 1705 1250; x_wconf 92' lang='lat' dir='ltr'><strong>librormn</strong></span> 
     </span>
    </p>
   </div>
   <div class='ocr_carea' id='block_1_72' title="bbox 926 1268 1707 1304">
    <p class='ocr_par' dir='ltr' id='par_1_72' title="bbox 926 1268 1707 1304">
     <span class='ocr_line' id='line_1_72' title="bbox 926 1268 1707 1304; baseline -0.001 -8"><span class='ocrx_word' id='word_1_454' title='bbox 926 1269 1010 1304; x_wconf 90' lang='lat' dir='ltr'><strong>ipsius</strong></span> <span class='ocrx_word' id='word_1_455' title='bbox 1025 1269 1215 1304; x_wconf 84' lang='lat' dir='ltr'><strong>depravatione</strong></span> <span class='ocrx_word' id='word_1_456' title='bbox 1232 1269 1412 1303; x_wconf 89' lang='lat' dir='ltr'><strong>patrocinium</strong></span> <span class='ocrx_word' id='word_1_457' title='bbox 1426 1268 1596 1296; x_wconf 90' lang='lat' dir='ltr'><strong>conciliatur.</strong></span> <span class='ocrx_word' id='word_1_458' title='bbox 1618 1268 1707 1302; x_wconf 87' lang='lat' dir='ltr'><strong>Argu-</strong></span> 
     </span>
    </p>
   </div>
   <div class='ocr_carea' id='block_1_73' title="bbox 926 1314 1707 1350">
    <p class='ocr_par' dir='ltr' id='par_1_73' title="bbox 926 1314 1707 1350">
     <span class='ocr_line' id='line_1_73' title="bbox 926 1314 1707 1350; baseline 0 -8"><span class='ocrx_word' id='word_1_459' title='bbox 926 1320 1045 1342; x_wconf 88' lang='lat' dir='ltr'><strong>mentum</strong></span> <span class='ocrx_word' id='word_1_460' title='bbox 1067 1314 1131 1341; x_wconf 89' lang='lat' dir='ltr'><strong>illad</strong></span> <span class='ocrx_word' id='word_1_461' title='bbox 1153 1314 1268 1348; x_wconf 90' lang='lat' dir='ltr'><strong>arripuit</strong></span> <span class='ocrx_word' id='word_1_462' title='bbox 1292 1322 1442 1350; x_wconf 84' lang='lat' dir='ltr'><strong>anonytnus</strong></span> <span class='ocrx_word' id='word_1_463' title='bbox 1471 1315 1554 1349; x_wconf 84' lang='lat' dir='ltr'><strong>ipsius</strong></span> <span class='ocrx_word' id='word_1_464' title='bbox 1582 1315 1707 1343; x_wconf 87' lang='lat' dir='ltr'><strong>defensor</strong></span> 
     </span>
    </p>
   </div>
   <div class='ocr_carea' id='block_1_74' title="bbox 924 1358 1707 1395">
    <p class='ocr_par' dir='ltr' id='par_1_74' title="bbox 924 1358 1707 1395">
     <span class='ocr_line' id='line_1_74' title="bbox 924 1358 1707 1395; baseline 0.001 -9"><span class='ocrx_word' id='word_1_465' title='bbox 924 1361 995 1394; x_wconf 84' lang='lat' dir='ltr'><strong>apud</strong></span> <span class='ocrx_word' id='word_1_466' title='bbox 1009 1358 1134 1386; x_wconf 83' lang='lat' dir='ltr'><strong>Photium</strong></span> <span class='ocrx_word' id='word_1_467' title='bbox 1148 1359 1208 1386; x_wconf 92' lang='lat' dir='ltr'><strong>cod.</strong></span> <span class='ocrx_word' id='word_1_468' title='bbox 1221 1367 1304 1386; x_wconf 84' lang='lat' dir='ltr'><strong>cxvn.</strong></span> <span class='ocrx_word' id='word_1_469' title='bbox 1316 1359 1388 1386; x_wconf 88' lang='lat' dir='ltr'><strong>Idem</strong></span> <span class='ocrx_word' id='word_1_470' title='bbox 1399 1367 1463 1387; x_wconf 87' lang='lat' dir='ltr'><strong>vero</strong></span> <span class='ocrx_word' id='word_1_471' title='bbox 1478 1360 1605 1395; x_wconf 89' lang='lat' dir='ltr'><strong>peculiari</strong></span> <span class='ocrx_word' id='word_1_472' title='bbox 1616 1360 1707 1387; x_wconf 87' lang='lat' dir='ltr'><strong>libello</strong></span> 
     </span>
    </p>
   </div>
   <div class='ocr_carea' id='block_1_75' title="bbox 926 1404 1705 1439">
    <p class='ocr_par' dir='ltr' id='par_1_75' title="bbox 926 1404 1705 1439">
     <span class='ocr_line' id='line_1_75' title="bbox 926 1404 1705 1439; baseline 0 -6"><span class='ocrx_word' id='word_1_473' title='bbox 926 1405 1048 1433; x_wconf 86' lang='lat' dir='ltr'><strong>dilatavit</strong></span> <span class='ocrx_word' id='word_1_474' title='bbox 1062 1404 1184 1437; x_wconf 75' lang='lat' dir='ltr'><strong>Ruﬁnus,</strong></span> <span class='ocrx_word' id='word_1_475' title='bbox 1201 1404 1279 1439; x_wconf 77' lang='lat' dir='ltr'><strong>cuius</strong></span> <span class='ocrx_word' id='word_1_476' title='bbox 1291 1413 1395 1432; x_wconf 88' lang='lat' dir='ltr'><strong>summa</strong></span> <span class='ocrx_word' id='word_1_477' title='bbox 1413 1405 1470 1433; x_wconf 83' lang='lat' dir='ltr'><strong>haec</strong></span> <span class='ocrx_word' id='word_1_478' title='bbox 1489 1410 1551 1433; x_wconf 85' lang='lat' dir='ltr'><strong>est:</strong></span> <span class='ocrx_word' id='word_1_479' title='bbox 1567 1405 1631 1433; x_wconf 91' lang='lat' dir='ltr'><strong>Inde</strong></span> <span class='ocrx_word' id='word_1_480' title='bbox 1644 1405 1705 1434; x_wconf 83' lang='lat' dir='ltr'><strong>Ori-</strong></span> 
     </span>
    </p>
   </div>
   <div class='ocr_carea' id='block_1_76' title="bbox 926 1450 1708 1487">
    <p class='ocr_par' dir='ltr' id='par_1_76' title="bbox 926 1450 1708 1487">
     <span class='ocr_line' id='line_1_76' title="bbox 926 1450 1708 1487; baseline 0.001 -9"><span class='ocrx_word' id='word_1_481' title='bbox 926 1451 1001 1486; x_wconf 87' lang='lat' dir='ltr'><strong>genis</strong></span> <span class='ocrx_word' id='word_1_482' title='bbox 1017 1450 1126 1478; x_wconf 84' lang='lat' dir='ltr'><strong>codices</strong></span> <span class='ocrx_word' id='word_1_483' title='bbox 1140 1450 1174 1477; x_wconf 88' lang='lat' dir='ltr'><strong>ab</strong></span> <span class='ocrx_word' id='word_1_484' title='bbox 1193 1450 1330 1478; x_wconf 69' lang='lat' dir='ltr'><strong>haereticis</strong></span> <span class='ocrx_word' id='word_1_485' title='bbox 1347 1455 1376 1478; x_wconf 89' lang='lat' dir='ltr'><strong>et</strong></span> <span class='ocrx_word' id='word_1_486' title='bbox 1391 1450 1530 1479; x_wconf 87' lang='lat' dir='ltr'><strong>malevolis</strong></span> <span class='ocrx_word' id='word_1_487' title='bbox 1548 1452 1708 1487; x_wconf 85' lang='lat' dir='ltr'><strong>depravatos</strong></span> 
     </span>
    </p>
   </div>
   <div class='ocr_carea' id='block_1_77' title="bbox 926 1496 1707 1532">
    <p class='ocr_par' dir='ltr' id='par_1_77' title="bbox 926 1496 1707 1532">
     <span class='ocr_line' id='line_1_77' title="bbox 926 1496 1707 1532; baseline 0.001 -8"><span class='ocrx_word' id='word_1_488' title='bbox 926 1497 1014 1531; x_wconf 87' lang='lat' dir='ltr'><strong>argui,</strong></span> <span class='ocrx_word' id='word_1_489' title='bbox 1026 1497 1098 1532; x_wconf 90' lang='lat' dir='ltr'><strong>quod</strong></span> <span class='ocrx_word' id='word_1_490' title='bbox 1110 1496 1245 1524; x_wconf 90' lang='lat' dir='ltr'><strong>contraria</strong></span> <span class='ocrx_word' id='word_1_491' title='bbox 1258 1501 1286 1524; x_wconf 90' lang='lat' dir='ltr'><strong>et</strong></span> <span class='ocrx_word' id='word_1_492' title='bbox 1299 1497 1487 1532; x_wconf 76' lang='lat' dir='ltr'><strong>repugnantia,</strong></span> <span class='ocrx_word' id='word_1_493' title='bbox 1505 1505 1558 1525; x_wconf 92' lang='lat' dir='ltr'><strong>non</strong></span> <span class='ocrx_word' id='word_1_494' title='bbox 1575 1497 1602 1525; x_wconf 93' lang='lat' dir='ltr'><strong>in</strong></span> <span class='ocrx_word' id='word_1_495' title='bbox 1617 1497 1707 1526; x_wconf 82' lang='lat' dir='ltr'><strong>diver-</strong></span> 
     </span>
    </p>
   </div>
   <div class='ocr_carea' id='block_1_78' title="bbox 925 1542 1707 1578">
    <p class='ocr_par' dir='ltr' id='par_1_78' title="bbox 925 1542 1707 1578">
     <span class='ocr_line' id='line_1_78' title="bbox 925 1542 1707 1578; baseline 0.001 -8"><span class='ocrx_word' id='word_1_496' title='bbox 925 1543 963 1570; x_wconf 90' lang='lat' dir='ltr'><strong>sis</strong></span> <span class='ocrx_word' id='word_1_497' title='bbox 975 1542 1061 1570; x_wconf 90' lang='lat' dir='ltr'><strong>solum</strong></span> <span class='ocrx_word' id='word_1_498' title='bbox 1075 1543 1158 1578; x_wconf 87' lang='lat' dir='ltr'><strong>Ipsius</strong></span> <span class='ocrx_word' id='word_1_499' title='bbox 1168 1542 1369 1577; x_wconf 83' lang='lat' dir='ltr'><strong>scriptionibus,</strong></span> <span class='ocrx_word' id='word_1_500' title='bbox 1384 1543 1430 1571; x_wconf 86' lang='lat' dir='ltr'><strong>sed</strong></span> <span class='ocrx_word' id='word_1_501' title='bbox 1443 1543 1536 1571; x_wconf 88' lang='lat' dir='ltr'><strong>iisdem</strong></span> <span class='ocrx_word' id='word_1_502' title='bbox 1547 1544 1628 1571; x_wconf 88' lang='lat' dir='ltr'><strong>etiam</strong></span> <span class='ocrx_word' id='word_1_503' title='bbox 1641 1544 1707 1572; x_wconf 86' lang='lat' dir='ltr'><strong>locis</strong></span> 
     </span>
    </p>
   </div>
   <div class='ocr_carea' id='block_1_79' title="bbox 924 1590 1708 1625">
    <p class='ocr_par' dir='ltr' id='par_1_79' title="bbox 924 1590 1708 1625">
     <span class='ocr_line' id='line_1_79' title="bbox 924 1590 1708 1625; baseline 0.001 -8"><span class='ocrx_word' id='word_1_504' title='bbox 924 1591 1134 1625; x_wconf 85' lang='lat' dir='ltr'><strong>comperiantur,</strong></span> <span class='ocrx_word' id='word_1_505' title='bbox 1151 1590 1240 1625; x_wconf 87' lang='lat' dir='ltr'><strong>qualia</strong></span> <span class='ocrx_word' id='word_1_506' title='bbox 1258 1590 1292 1618; x_wconf 85' lang='lat' dir='ltr'><strong>ab</strong></span> <span class='ocrx_word' id='word_1_507' title='bbox 1317 1591 1427 1618; x_wconf 90' lang='lat' dir='ltr'><strong>homine</strong></span> <span class='ocrx_word' id='word_1_508' title='bbox 1450 1598 1503 1618; x_wconf 91' lang='lat' dir='ltr'><strong>non</strong></span> <span class='ocrx_word' id='word_1_509' title='bbox 1530 1591 1637 1625; x_wconf 85' lang='lat' dir='ltr'><strong>insano,</strong></span> <span class='ocrx_word' id='word_1_510' title='bbox 1658 1600 1708 1619; x_wconf 89' lang='lat' dir='ltr'><strong>ttcc</strong></span> 
     </span>
    </p>
   </div>
   <div class='ocr_carea' id='block_1_80' title="bbox 924 1636 1706 1671">
    <p class='ocr_par' dir='ltr' id='par_1_80' title="bbox 924 1636 1706 1671">
     <span class='ocr_line' id='line_1_80' title="bbox 924 1636 1706 1671; baseline 0 -8"><span class='ocrx_word' id='word_1_511' title='bbox 924 1637 1032 1671; x_wconf 90' lang='lat' dir='ltr'><strong>penitus</strong></span> <span class='ocrx_word' id='word_1_512' title='bbox 1057 1643 1147 1664; x_wconf 88' lang='lat' dir='ltr'><strong>mente</strong></span> <span class='ocrx_word' id='word_1_513' title='bbox 1170 1641 1307 1664; x_wconf 90' lang='lat' dir='ltr'><strong>commoto</strong></span> <span class='ocrx_word' id='word_1_514' title='bbox 1332 1637 1432 1671; x_wconf 89' lang='lat' dir='ltr'><strong>scripta</strong></span> <span class='ocrx_word' id='word_1_515' title='bbox 1462 1636 1550 1663; x_wconf 91' lang='lat' dir='ltr'><strong>nullus</strong></span> <span class='ocrx_word' id='word_1_516' title='bbox 1576 1636 1706 1670; x_wconf 88' lang='lat' dir='ltr'><strong>suspicari</strong></span> 
     </span>
    </p>
   </div>
   <div class='ocr_carea' id='block_1_81' title="bbox 925 1682 1706 1718">
    <p class='ocr_par' dir='ltr' id='par_1_81' title="bbox 925 1682 1706 1718">
     <span class='ocr_line' id='line_1_81' title="bbox 925 1682 1706 1718; baseline 0 -8"><span class='ocrx_word' id='word_1_517' title='bbox 925 1682 1028 1718; x_wconf 80' lang='lat' dir='ltr'><strong>possit;</strong></span> <span class='ocrx_word' id='word_1_518' title='bbox 1045 1682 1155 1710; x_wconf 89' lang='lat' dir='ltr'><strong>Patrum</strong></span> <span class='ocrx_word' id='word_1_519' title='bbox 1172 1682 1287 1709; x_wconf 91' lang='lat' dir='ltr'><strong>aliorum</strong></span> <span class='ocrx_word' id='word_1_520' title='bbox 1304 1682 1389 1710; x_wconf 88' lang='lat' dir='ltr'><strong>libros</strong></span> <span class='ocrx_word' id='word_1_521' title='bbox 1410 1682 1468 1717; x_wconf 89' lang='lat' dir='ltr'><strong>pari</strong></span> <span class='ocrx_word' id='word_1_522' title='bbox 1484 1683 1563 1709; x_wconf 88' lang='lat' dir='ltr'><strong>modo</strong></span> <span class='ocrx_word' id='word_1_523' title='bbox 1578 1682 1706 1710; x_wconf 68' lang='lat' dir='ltr'><strong>Ecclesia:</strong></span> 
     </span>
    </p>
   </div>
   <div class='ocr_carea' id='block_1_82' title="bbox 925 1727 1705 1762">
    <p class='ocr_par' dir='ltr' id='par_1_82' title="bbox 925 1727 1705 1762">
     <span class='ocr_line' id='line_1_82' title="bbox 925 1727 1705 1762; baseline 0 -8"><span class='ocrx_word' id='word_1_524' title='bbox 925 1727 1077 1762; x_wconf 88' lang='lat' dir='ltr'><strong>perduelles</strong></span> <span class='ocrx_word' id='word_1_525' title='bbox 1108 1728 1282 1762; x_wconf 86' lang='lat' dir='ltr'><strong>corrupisse,</strong></span> <span class='ocrx_word' id='word_1_526' title='bbox 1311 1733 1375 1762; x_wconf 90' lang='lat' dir='ltr'><strong>pttta</strong></span> <span class='ocrx_word' id='word_1_527' title='bbox 1401 1728 1546 1755; x_wconf 88' lang='lat' dir='ltr'><strong>Clementis</strong></span> <span class='ocrx_word' id='word_1_528' title='bbox 1581 1728 1705 1760; x_wconf 78' lang='lat' dir='ltr'><strong>Romani,</strong></span> 
     </span>
    </p>
   </div>
   <div class='ocr_carea' id='block_1_83' title="bbox 923 1775 1705 1810">
    <p class='ocr_par' dir='ltr' id='par_1_83' title="bbox 923 1775 1705 1810">
     <span class='ocr_line' id='line_1_83' title="bbox 923 1775 1705 1810; baseline 0.003 -9"><span class='ocrx_word' id='word_1_529' title='bbox 923 1775 1071 1802; x_wconf 75' lang='lat' dir='ltr'><strong>Clementis</strong></span> <span class='ocrx_word' id='word_1_530' title='bbox 1099 1775 1209 1802; x_wconf 88' lang='lat' dir='ltr'><strong>alterius</strong></span> <span class='ocrx_word' id='word_1_531' title='bbox 1224 1775 1418 1808; x_wconf 88' lang='lat' dir='ltr'><strong>Alexandrini,</strong></span> <span class='ocrx_word' id='word_1_532' title='bbox 1450 1783 1482 1802; x_wconf 85' lang='lat' dir='ltr'><strong>ac</strong></span> <span class='ocrx_word' id='word_1_533' title='bbox 1502 1775 1618 1810; x_wconf 79' lang='lat' dir='ltr'><strong>Dionysii</strong></span> <span class='ocrx_word' id='word_1_534' title='bbox 1642 1775 1705 1803; x_wconf 89' lang='lat' dir='ltr'><strong>item</strong></span> 
     </span>
    </p>
   </div>
   <div class='ocr_carea' id='block_1_84' title="bbox 924 1820 1707 1856">
    <p class='ocr_par' dir='ltr' id='par_1_84' title="bbox 924 1820 1707 1856">
     <span class='ocr_line' id='line_1_84' title="bbox 924 1820 1707 1856; baseline 0.005 -10"><span class='ocrx_word' id='word_1_535' title='bbox 924 1820 1122 1854; x_wconf 86' lang='lat' dir='ltr'><strong>Alexandrini;</strong></span> <span class='ocrx_word' id='word_1_536' title='bbox 1143 1821 1202 1856; x_wconf 78' lang='lat' dir='ltr'><strong>ejus</strong></span> <span class='ocrx_word' id='word_1_537' title='bbox 1218 1821 1293 1848; x_wconf 91' lang='lat' dir='ltr'><strong>libris</strong></span> <span class='ocrx_word' id='word_1_538' title='bbox 1308 1829 1404 1849; x_wconf 87' lang='lat' dir='ltr'><strong>manus</strong></span> <span class='ocrx_word' id='word_1_539' title='bbox 1424 1823 1457 1850; x_wconf 88' lang='lat' dir='ltr'><strong>ab</strong></span> <span class='ocrx_word' id='word_1_540' title='bbox 1472 1822 1605 1849; x_wconf 65' lang='lat' dir='ltr'><strong>haereticis</strong></span> <span class='ocrx_word' id='word_1_541' title='bbox 1619 1822 1707 1850; x_wconf 86' lang='lat' dir='ltr'><strong>illatas</strong></span> 
     </span>
    </p>
   </div>
   <div class='ocr_carea' id='block_1_85' title="bbox 922 1866 1705 1899">
    <p class='ocr_par' dir='ltr' id='par_1_85' title="bbox 922 1866 1705 1899">
     <span class='ocr_line' id='line_1_85' title="bbox 922 1866 1705 1899; baseline 0.003 -7"><span class='ocrx_word' id='word_1_542' title='bbox 922 1866 1101 1893; x_wconf 86' lang='lat' dir='ltr'><strong>Athanasium</strong></span> <span class='ocrx_word' id='word_1_543' title='bbox 1128 1867 1344 1899; x_wconf 86' lang='lat' dir='ltr'><strong>demonstrasse;</strong></span> <span class='ocrx_word' id='word_1_544' title='bbox 1365 1868 1487 1894; x_wconf 89' lang='lat' dir='ltr'><strong>eumdem</strong></span> <span class='ocrx_word' id='word_1_545' title='bbox 1510 1875 1601 1895; x_wconf 84' lang='lat' dir='ltr'><strong>casum</strong></span> <span class='ocrx_word' id='word_1_546' title='bbox 1621 1867 1705 1894; x_wconf 88' lang='lat' dir='ltr'><strong>Atha-</strong></span> 
     </span>
    </p>
   </div>
   <div class='ocr_carea' id='block_1_86' title="bbox 924 1911 1707 1949">
    <p class='ocr_par' dir='ltr' id='par_1_86' title="bbox 924 1911 1707 1949">
     <span class='ocr_line' id='line_1_86' title="bbox 924 1911 1707 1949; baseline 0.004 -11"><span class='ocrx_word' id='word_1_547' title='bbox 924 1911 992 1938; x_wconf 90' lang='lat' dir='ltr'><strong>nasii</strong></span> <span class='ocrx_word' id='word_1_548' title='bbox 1013 1911 1100 1946; x_wconf 89' lang='lat' dir='ltr'><strong>ipsius</strong></span> <span class='ocrx_word' id='word_1_549' title='bbox 1113 1912 1221 1939; x_wconf 86' lang='lat' dir='ltr'><strong>codices</strong></span> <span class='ocrx_word' id='word_1_550' title='bbox 1240 1913 1414 1945; x_wconf 85' lang='lat' dir='ltr'><strong>sustinuisse;</strong></span> <span class='ocrx_word' id='word_1_551' title='bbox 1438 1913 1529 1940; x_wconf 86' lang='lat' dir='ltr'><strong>Ililarii</strong></span> <span class='ocrx_word' id='word_1_552' title='bbox 1551 1921 1657 1949; x_wconf 83' lang='lat' dir='ltr'><strong>quoque</strong></span> <span class='ocrx_word' id='word_1_553' title='bbox 1679 1920 1707 1941; x_wconf 89' lang='lat' dir='ltr'><strong>et</strong></span> 
     </span>
    </p>
   </div>
   <div class='ocr_carea' id='block_1_87' title="bbox 922 1957 1706 1995">
    <p class='ocr_par' dir='ltr' id='par_1_87' title="bbox 922 1957 1706 1995">
     <span class='ocr_line' id='line_1_87' title="bbox 922 1957 1706 1995; baseline 0.005 -11"><span class='ocrx_word' id='word_1_554' title='bbox 922 1957 1072 1993; x_wconf 87' lang='lat' dir='ltr'><strong>Cypriani;</strong></span> <span class='ocrx_word' id='word_1_555' title='bbox 1100 1966 1149 1986; x_wconf 90' lang='lat' dir='ltr'><strong>nec</strong></span> <span class='ocrx_word' id='word_1_556' title='bbox 1174 1959 1259 1987; x_wconf 90' lang='lat' dir='ltr'><strong>sacris</strong></span> <span class='ocrx_word' id='word_1_557' title='bbox 1288 1959 1353 1995; x_wconf 83' lang='lat' dir='ltr'><strong>ipsis</strong></span> <span class='ocrx_word' id='word_1_558' title='bbox 1374 1959 1559 1988; x_wconf 84' lang='lat' dir='ltr'><strong>Volumiuihus</strong></span> <span class='ocrx_word' id='word_1_559' title='bbox 1587 1961 1706 1988; x_wconf 85' lang='lat' dir='ltr'><strong>nefarios</strong></span> 
     </span>
    </p>
   </div>
   <div class='ocr_carea' id='block_1_88' title="bbox 922 2002 1705 2040">
    <p class='ocr_par' dir='ltr' id='par_1_88' title="bbox 922 2002 1705 2040">
     <span class='ocr_line' id='line_1_88' title="bbox 922 2002 1705 2040; baseline 0.004 -11"><span class='ocrx_word' id='word_1_560' title='bbox 922 2002 1046 2030; x_wconf 89' lang='lat' dir='ltr'><strong>homines</strong></span> <span class='ocrx_word' id='word_1_561' title='bbox 1065 2002 1253 2031; x_wconf 86' lang='lat' dir='ltr'><strong>Marcionistas</strong></span> <span class='ocrx_word' id='word_1_562' title='bbox 1274 2009 1301 2031; x_wconf 93' lang='lat' dir='ltr'><strong>et</strong></span> <span class='ocrx_word' id='word_1_563' title='bbox 1321 2004 1450 2038; x_wconf 89' lang='lat' dir='ltr'><strong>Apellitas</strong></span> <span class='ocrx_word' id='word_1_564' title='bbox 1464 2005 1634 2040; x_wconf 81' lang='lat' dir='ltr'><strong>pepercisse;</strong></span> <span class='ocrx_word' id='word_1_565' title='bbox 1653 2013 1705 2033; x_wconf 92' lang='lat' dir='ltr'><strong>non</strong></span> 
     </span>
    </p>
   </div>
   <div class='ocr_carea' id='block_1_89' title="bbox 922 2049 1705 2084">
    <p class='ocr_par' dir='ltr' id='par_1_89' title="bbox 922 2049 1705 2084">
     <span class='ocr_line' id='line_1_89' title="bbox 922 2049 1705 2084; baseline 0.003 -9"><span class='ocrx_word' id='word_1_566' title='bbox 922 2056 1002 2076; x_wconf 90' lang='lat' dir='ltr'><strong>unant</strong></span> <span class='ocrx_word' id='word_1_567' title='bbox 1028 2049 1243 2077; x_wconf 88' lang='lat' dir='ltr'><strong>lucubrationum</strong></span> <span class='ocrx_word' id='word_1_568' title='bbox 1269 2058 1378 2077; x_wconf 87' lang='lat' dir='ltr'><strong>suarutn</strong></span> <span class='ocrx_word' id='word_1_569' title='bbox 1404 2051 1583 2084; x_wconf 86' lang='lat' dir='ltr'><strong>corruptelam</strong></span> <span class='ocrx_word' id='word_1_570' title='bbox 1600 2050 1634 2077; x_wconf 91' lang='lat' dir='ltr'><strong>ab</strong></span> <span class='ocrx_word' id='word_1_571' title='bbox 1655 2050 1705 2077; x_wconf 88' lang='lat' dir='ltr'><strong>ad-</strong></span> 
     </span>
    </p>
   </div>
   <div class='ocr_carea' id='block_1_90' title="bbox 921 2094 1704 2131">
    <p class='ocr_par' dir='ltr' id='par_1_90' title="bbox 921 2094 1704 2131">
     <span class='ocr_line' id='line_1_90' title="bbox 921 2094 1704 2131; baseline 0.001 -9"><span class='ocrx_word' id='word_1_572' title='bbox 921 2094 1051 2123; x_wconf 86' lang='lat' dir='ltr'><strong>versariis</strong></span> <span class='ocrx_word' id='word_1_573' title='bbox 1074 2095 1132 2123; x_wconf 89' lang='lat' dir='ltr'><strong>suis</strong></span> <span class='ocrx_word' id='word_1_574' title='bbox 1156 2095 1304 2131; x_wconf 88' lang='lat' dir='ltr'><strong>profectam</strong></span> <span class='ocrx_word' id='word_1_575' title='bbox 1326 2095 1467 2130; x_wconf 83' lang='lat' dir='ltr'><strong>Origenem</strong></span> <span class='ocrx_word' id='word_1_576' title='bbox 1493 2097 1579 2131; x_wconf 86' lang='lat' dir='ltr'><strong>ipsum</strong></span> <span class='ocrx_word' id='word_1_577' title='bbox 1607 2097 1704 2131; x_wconf 89' lang='lat' dir='ltr'><strong>depre-</strong></span> 
     </span>
    </p>
   </div>
   <div class='ocr_carea' id='block_1_91' title="bbox 922 2140 1704 2177">
    <p class='ocr_par' dir='ltr' id='par_1_91' title="bbox 922 2140 1704 2177">
     <span class='ocr_line' id='line_1_91' title="bbox 922 2140 1704 2177; baseline 0 -9"><span class='ocrx_word' id='word_1_578' title='bbox 922 2140 1059 2174; x_wconf 85' lang='lat' dir='ltr'><strong>hendisse,</strong></span> <span class='ocrx_word' id='word_1_579' title='bbox 1076 2141 1113 2168; x_wconf 92' lang='lat' dir='ltr'><strong>uti</strong></span> <span class='ocrx_word' id='word_1_580' title='bbox 1141 2141 1197 2176; x_wconf 85' lang='lat' dir='ltr'><strong>ipse</strong></span> <span class='ocrx_word' id='word_1_581' title='bbox 1216 2143 1286 2177; x_wconf 90' lang='lat' dir='ltr'><strong>apud</strong></span> <span class='ocrx_word' id='word_1_582' title='bbox 1306 2143 1407 2170; x_wconf 90' lang='lat' dir='ltr'><strong>amicos</strong></span> <span class='ocrx_word' id='word_1_583' title='bbox 1424 2142 1618 2169; x_wconf 81' lang='lat' dir='ltr'><strong>Alexandrinos</strong></span> <span class='ocrx_word' id='word_1_584' title='bbox 1637 2150 1704 2177; x_wconf 80' lang='lat' dir='ltr'><strong>que-</strong></span> 
     </span>
    </p>
   </div>
   <div class='ocr_carea' id='block_1_92' title="bbox 86 2177 1705 2223">
    <p class='ocr_par' dir='ltr' id='par_1_92' title="bbox 86 2177 1705 2223">
     <span class='ocr_line' id='line_1_92' title="bbox 86 2177 1705 2223; baseline 0.007 -21"><span class='ocrx_word' id='word_1_585' title='bbox 86 2183 258 2211; x_wconf 68' lang='lat' dir='ltr'><strong>qutecunque</strong></span> <span class='ocrx_word' id='word_1_586' title='bbox 279 2177 357 2205; x_wconf 89' lang='lat' dir='ltr'><strong>nobis</strong></span> <span class='ocrx_word' id='word_1_587' title='bbox 378 2178 462 2212; x_wconf 88' lang='lat' dir='ltr'><strong>ipsius</strong></span> <span class='ocrx_word' id='word_1_588' title='bbox 486 2179 594 2207; x_wconf 88' lang='lat' dir='ltr'><strong>exhibet</strong></span> <span class='ocrx_word' id='word_1_589' title='bbox 608 2179 756 2207; x_wconf 80' lang='lat' dir='ltr'><strong>Philocalia</strong></span> <span class='ocrx_word' id='word_1_590' title='bbox 775 2181 869 2215; x_wconf 90' lang='lat' dir='ltr'><strong>(multa</strong></span> <span class='ocrx_word' id='word_1_591' title='bbox 888 2191 910 2219; x_wconf 75' lang='grc' dir='ltr'><strong><em>ῃ</em></strong></span> <span class='ocrx_word' id='word_1_592' title='bbox 923 2191 980 2214; x_wconf 90' lang='lat' dir='ltr'><strong>stus</strong></span> <span class='ocrx_word' id='word_1_593' title='bbox 997 2192 1038 2214; x_wconf 89' lang='lat' dir='ltr'><strong>est</strong></span> <span class='ocrx_word' id='word_1_594' title='bbox 1052 2187 1078 2214; x_wconf 91' lang='lat' dir='ltr'><strong>in</strong></span> <span class='ocrx_word' id='word_1_595' title='bbox 1091 2187 1215 2222; x_wconf 87' lang='lat' dir='ltr'><strong>epistola,</strong></span> <span class='ocrx_word' id='word_1_596' title='bbox 1229 2195 1308 2222; x_wconf 90' lang='lat' dir='ltr'><strong>quant</strong></span> <span class='ocrx_word' id='word_1_597' title='bbox 1325 2188 1467 2222; x_wconf 87' lang='lat' dir='ltr'><strong>descripsit</strong></span> <span class='ocrx_word' id='word_1_598' title='bbox 1481 2187 1705 2223; x_wconf 75' lang='lat' dir='ltr'><strong>ltullnus;|eam-</strong></span> 
     </span>
    </p>
   </div>
   <div class='ocr_carea' id='block_1_93' title="bbox 85 2223 872 2262">
    <p class='ocr_par' dir='ltr' id='par_1_93' title="bbox 85 2223 872 2262">
     <span class='ocr_line' id='line_1_93' title="bbox 85 2223 872 2262; baseline 0.008 -14"><span class='ocrx_word' id='word_1_599' title='bbox 85 2226 180 2249; x_wconf 76' lang='lat' dir='ltr'><strong>autem</strong></span> <span class='ocrx_word' id='word_1_600' title='bbox 195 2223 314 2255; x_wconf 80' lang='lat' dir='ltr'><strong>exhibet,</strong></span> <span class='ocrx_word' id='word_1_601' title='bbox 329 2223 410 2250; x_wconf 87' lang='lat' dir='ltr'><strong>etiam</strong></span> <span class='ocrx_word' id='word_1_602' title='bbox 428 2224 462 2251; x_wconf 89' lang='lat' dir='ltr'><strong>ab</strong></span> <span class='ocrx_word' id='word_1_603' title='bbox 478 2224 537 2258; x_wconf 88' lang='lat' dir='ltr'><strong>ejus</strong></span> <span class='ocrx_word' id='word_1_604' title='bbox 549 2225 765 2254; x_wconf 90' lang='lat' dir='ltr'><strong>criminatoribus</strong></span> <span class='ocrx_word' id='word_1_605' title='bbox 785 2235 872 2262; x_wconf 90' lang='lat' dir='ltr'><strong>repre-</strong></span> 
     </span>
    </p>
   </div>
   <div class='ocr_carea' id='block_1_94' title="bbox 85 2266 874 2304">
    <p class='ocr_par' dir='ltr' id='par_1_94' title="bbox 85 2266 874 2304">
     <span class='ocr_line' id='line_1_94' title="bbox 85 2266 874 2304; baseline 0.005 -9"><span class='ocrx_word' id='word_1_606' title='bbox 85 2266 184 2301; x_wconf 73' lang='lat' dir='ltr'><strong>hensa)</strong></span> <span class='ocrx_word' id='word_1_607' title='bbox 206 2268 332 2302; x_wconf 89' lang='lat' dir='ltr'><strong>quoniam</strong></span> <span class='ocrx_word' id='word_1_608' title='bbox 349 2276 364 2295; x_wconf 88' lang='lat' dir='ltr'><strong>a</strong></span> <span class='ocrx_word' id='word_1_609' title='bbox 376 2268 505 2303; x_wconf 80' lang='lat' dir='ltr'><strong>Gregorio</strong></span> <span class='ocrx_word' id='word_1_610' title='bbox 522 2269 658 2304; x_wconf 89' lang='lat' dir='ltr'><strong>Theologo</strong></span> <span class='ocrx_word' id='word_1_611' title='bbox 676 2276 703 2297; x_wconf 91' lang='lat' dir='ltr'><strong>et</strong></span> <span class='ocrx_word' id='word_1_612' title='bbox 722 2271 820 2299; x_wconf 84' lang='lat' dir='ltr'><strong>Basilio</strong></span> <span class='ocrx_word' id='word_1_613' title='bbox 833 2279 874 2299; x_wconf 62' lang='lat' dir='ltr'><strong>se</strong></span> 
     </span>
    </p>
   </div>
   <div class='ocr_carea' id='block_1_95' title="bbox 86 2311 873 2351">
    <p class='ocr_par' dir='ltr' id='par_1_95' title="bbox 86 2311 873 2351">
     <span class='ocr_line' id='line_1_95' title="bbox 86 2311 873 2351; baseline 0.008 -13"><span class='ocrx_word' id='word_1_614' title='bbox 86 2311 159 2339; x_wconf 88' lang='lat' dir='ltr'><strong>lecta</strong></span> <span class='ocrx_word' id='word_1_615' title='bbox 176 2312 330 2341; x_wconf 79' lang='lat' dir='ltr'><strong>Philocalia:</strong></span> <span class='ocrx_word' id='word_1_616' title='bbox 344 2315 452 2341; x_wconf 89' lang='lat' dir='ltr'><strong>nomine</strong></span> <span class='ocrx_word' id='word_1_617' title='bbox 465 2313 561 2342; x_wconf 83' lang='lat' dir='ltr'><strong>all&#39;ecta</strong></span> <span class='ocrx_word' id='word_1_618' title='bbox 573 2321 646 2348; x_wconf 87' lang='lat' dir='ltr'><strong>sunt,</strong></span> <span class='ocrx_word' id='word_1_619' title='bbox 663 2316 780 2350; x_wconf 82' lang='lat' dir='ltr'><strong>ipserum</strong></span> <span class='ocrx_word' id='word_1_620' title='bbox 795 2317 873 2351; x_wconf 86' lang='lat' dir='ltr'><strong>quasi</strong></span> 
     </span>
    </p>
   </div>
   <div class='ocr_carea' id='block_1_96' title="bbox 86 2357 871 2394">
    <p class='ocr_par' dir='ltr' id='par_1_96' title="bbox 86 2357 871 2394">
     <span class='ocr_line' id='line_1_96' title="bbox 86 2357 871 2394; baseline 0.006 -9"><span class='ocrx_word' id='word_1_621' title='bbox 86 2357 217 2394; x_wconf 74' lang='lat' dir='ltr'><strong>sullragio</strong></span> <span class='ocrx_word' id='word_1_622' title='bbox 233 2364 260 2386; x_wconf 92' lang='lat' dir='ltr'><strong>et</strong></span> <span class='ocrx_word' id='word_1_623' title='bbox 289 2360 486 2394; x_wconf 85' lang='lat' dir='ltr'><strong>approbatione</strong></span> <span class='ocrx_word' id='word_1_624' title='bbox 511 2361 613 2388; x_wconf 89' lang='lat' dir='ltr'><strong>munita</strong></span> <span class='ocrx_word' id='word_1_625' title='bbox 639 2362 739 2394; x_wconf 85' lang='lat' dir='ltr'><strong>videri;</strong></span> <span class='ocrx_word' id='word_1_626' title='bbox 763 2370 825 2389; x_wconf 90' lang='lat' dir='ltr'><strong>nant</strong></span> <span class='ocrx_word' id='word_1_627' title='bbox 848 2363 871 2391; x_wconf 87' lang='lat' dir='ltr'><strong>si</strong></span> 
     </span>
    </p>
   </div>
   <div class='ocr_carea' id='block_1_97' title="bbox 86 2404 872 2442">
    <p class='ocr_par' dir='ltr' id='par_1_97' title="bbox 86 2404 872 2442">
     <span class='ocr_line' id='line_1_97' title="bbox 86 2404 872 2442; baseline 0.004 -11"><span class='ocrx_word' id='word_1_628' title='bbox 86 2410 169 2431; x_wconf 85' lang='lat' dir='ltr'><strong>secus</strong></span> <span class='ocrx_word' id='word_1_629' title='bbox 179 2405 212 2430; x_wconf 88' lang='lat' dir='ltr'><strong>de</strong></span> <span class='ocrx_word' id='word_1_630' title='bbox 227 2404 259 2431; x_wconf 89' lang='lat' dir='ltr'><strong>iis</strong></span> <span class='ocrx_word' id='word_1_631' title='bbox 270 2406 426 2438; x_wconf 87' lang='lat' dir='ltr'><strong>sensissent,</strong></span> <span class='ocrx_word' id='word_1_632' title='bbox 435 2413 502 2434; x_wconf 88' lang='lat' dir='ltr'><strong>cane</strong></span> <span class='ocrx_word' id='word_1_633' title='bbox 518 2406 646 2440; x_wconf 82' lang='grc' dir='ltr'><strong>Ἐκλογὰς</strong></span> <span class='ocrx_word' id='word_1_634' title='bbox 653 2407 803 2442; x_wconf 79' lang='grc' dir='ltr'><strong>χρησίμους</strong></span> <span class='ocrx_word' id='word_1_635' title='bbox 816 2409 872 2440; x_wconf 85' lang='grc' dir='ltr'><strong>τοῖς</strong></span> 
     </span>
    </p>
   </div>
   <div class='ocr_carea' id='block_1_98' title="bbox 87 2448 871 2487">
    <p class='ocr_par' dir='ltr' id='par_1_98' title="bbox 87 2448 871 2487">
     <span class='ocr_line' id='line_1_98' title="bbox 87 2448 871 2487; baseline 0.008 -13"><span class='ocrx_word' id='word_1_636' title='bbox 87 2448 240 2484; x_wconf 82' lang='grc' dir='ltr'><strong>φιλολόγοις</strong></span> <span class='ocrx_word' id='word_1_637' title='bbox 251 2450 396 2485; x_wconf 84' lang='lat' dir='ltr'><strong>Gregorius</strong></span> <span class='ocrx_word' id='word_1_638' title='bbox 407 2451 565 2486; x_wconf 90' lang='lat' dir='ltr'><strong>appellasset</strong></span> <span class='ocrx_word' id='word_1_639' title='bbox 577 2452 603 2479; x_wconf 93' lang='lat' dir='ltr'><strong>in</strong></span> <span class='ocrx_word' id='word_1_640' title='bbox 614 2452 727 2487; x_wconf 86' lang='lat' dir='ltr'><strong>epistola</strong></span> <span class='ocrx_word' id='word_1_641' title='bbox 739 2453 773 2480; x_wconf 90' lang='lat' dir='ltr'><strong>ad</strong></span> <span class='ocrx_word' id='word_1_642' title='bbox 784 2452 871 2480; x_wconf 84' lang='lat' dir='ltr'><strong>Theo-</strong></span> 
     </span>
    </p>
   </div>
   <div class='ocr_carea' id='block_1_99' title="bbox 86 2494 530 2531">
    <p class='ocr_par' dir='ltr' id='par_1_99' title="bbox 86 2494 530 2531">
     <span class='ocr_line' id='line_1_99' title="bbox 86 2494 530 2531; baseline 0.007 -11"><span class='ocrx_word' id='word_1_643' title='bbox 86 2494 184 2521; x_wconf 89' lang='lat' dir='ltr'><strong>dorutn</strong></span> <span class='ocrx_word' id='word_1_644' title='bbox 201 2494 339 2530; x_wconf 86' lang='lat' dir='ltr'><strong>Tyaneum</strong></span> <span class='ocrx_word' id='word_1_645' title='bbox 353 2496 530 2531; x_wconf 79' lang='lat' dir='ltr'><strong>episcopum?</strong></span> 
     </span>
    </p>
   </div>
   <div class='ocr_carea' id='block_1_100' title="bbox 126 2539 872 2578">
    <p class='ocr_par' dir='ltr' id='par_1_100' title="bbox 126 2539 872 2578">
     <span class='ocr_line' id='line_1_100' title="bbox 126 2539 872 2578; baseline 0.007 -13"><span class='ocrx_word' id='word_1_646' title='bbox 126 2539 191 2567; x_wconf 86' lang='lat' dir='ltr'><strong>VIII.</strong></span> <span class='ocrx_word' id='word_1_647' title='bbox 211 2540 368 2576; x_wconf 66' lang='lat' dir='ltr'><strong>Allegorica:</strong></span> <span class='ocrx_word' id='word_1_648' title='bbox 382 2547 512 2576; x_wconf 65' lang='lat' dir='ltr'><strong>practerea</strong></span> <span class='ocrx_word' id='word_1_649' title='bbox 531 2542 615 2577; x_wconf 89' lang='lat' dir='ltr'><strong>ipsius</strong></span> <span class='ocrx_word' id='word_1_650' title='bbox 635 2542 872 2578; x_wconf 87' lang='lat' dir='ltr'><strong>interpretationes</strong></span> 
     </span>
    </p>
   </div>
   <div class='ocr_carea' id='block_1_101' title="bbox 87 2584 872 2625">
    <p class='ocr_par' dir='ltr' id='par_1_101' title="bbox 87 2584 872 2625">
     <span class='ocr_line' id='line_1_101' title="bbox 87 2584 872 2625; baseline 0.006 -13"><span class='ocrx_word' id='word_1_651' title='bbox 87 2584 205 2613; x_wconf 84' lang='lat' dir='ltr'><strong>lectores</strong></span> <span class='ocrx_word' id='word_1_652' title='bbox 229 2594 420 2622; x_wconf 90' lang='lat' dir='ltr'><strong>nonnunquam</strong></span> <span class='ocrx_word' id='word_1_653' title='bbox 445 2587 600 2616; x_wconf 78' lang='lat' dir='ltr'><strong>fefellerunt</strong></span> <span class='ocrx_word' id='word_1_654' title='bbox 615 2597 622 2615; x_wconf 91' lang='lat'>:</span> <span class='ocrx_word' id='word_1_655' title='bbox 637 2597 698 2616; x_wconf 87' lang='lat' dir='ltr'><strong>cutn</strong></span> <span class='ocrx_word' id='word_1_656' title='bbox 712 2589 783 2616; x_wconf 90' lang='lat' dir='ltr'><strong>enim</strong></span> <span class='ocrx_word' id='word_1_657' title='bbox 801 2596 872 2625; x_wconf 75' lang='lat' dir='ltr'><strong>saepe</strong></span> 
     </span>
    </p>
   </div>
   <div class='ocr_carea' id='block_1_102' title="bbox 86 2633 870 2670">
    <p class='ocr_par' dir='ltr' id='par_1_102' title="bbox 86 2633 870 2670">
     <span class='ocr_line' id='line_1_102' title="bbox 86 2633 870 2670; baseline 0.004 -11"><span class='ocrx_word' id='word_1_658' title='bbox 86 2633 123 2659; x_wconf 87' lang='lat' dir='ltr'><strong>ab</strong></span> <span class='ocrx_word' id='word_1_659' title='bbox 145 2633 313 2667; x_wconf 82' lang='lat' dir='ltr'><strong>expositione</strong></span> <span class='ocrx_word' id='word_1_660' title='bbox 340 2633 435 2661; x_wconf 69' lang='lat' dir='ltr'><strong>littera:</strong></span> <span class='ocrx_word' id='word_1_661' title='bbox 459 2635 492 2662; x_wconf 90' lang='lat' dir='ltr'><strong>ad</strong></span> <span class='ocrx_word' id='word_1_662' title='bbox 520 2635 668 2670; x_wconf 86' lang='lat' dir='ltr'><strong>spiritalem</strong></span> <span class='ocrx_word' id='word_1_663' title='bbox 697 2641 806 2662; x_wconf 90' lang='lat' dir='ltr'><strong>sensum</strong></span> <span class='ocrx_word' id='word_1_664' title='bbox 834 2635 870 2662; x_wconf 90' lang='lat' dir='ltr'><strong>ita</strong></span> 
     </span>
    </p>
   </div>
   <div class='ocr_carea' id='block_1_103' title="bbox 87 2681 873 2718">
    <p class='ocr_par' dir='ltr' id='par_1_103' title="bbox 87 2681 873 2718">
     <span class='ocr_line' id='line_1_103' title="bbox 87 2681 873 2718; baseline 0.005 -12"><span class='ocrx_word' id='word_1_665' title='bbox 87 2683 220 2711; x_wconf 84' lang='lat' dir='ltr'><strong>transeat,</strong></span> <span class='ocrx_word' id='word_1_666' title='bbox 248 2685 278 2707; x_wconf 91' lang='lat' dir='ltr'><strong>ut</strong></span> <span class='ocrx_word' id='word_1_667' title='bbox 306 2681 350 2707; x_wconf 83' lang='lat' dir='ltr'><strong>vix</strong></span> <span class='ocrx_word' id='word_1_668' title='bbox 384 2681 526 2715; x_wconf 86' lang='lat' dir='ltr'><strong>utriusque</strong></span> <span class='ocrx_word' id='word_1_669' title='bbox 557 2682 719 2718; x_wconf 86' lang='lat' dir='ltr'><strong>percipiatur</strong></span> <span class='ocrx_word' id='word_1_670' title='bbox 747 2682 873 2710; x_wconf 90' lang='lat' dir='ltr'><strong>commis-</strong></span> 
     </span>
    </p>
   </div>
   <div class='ocr_carea' id='block_1_104' title="bbox 87 2725 872 2763">
    <p class='ocr_par' dir='ltr' id='par_1_104' title="bbox 87 2725 872 2763">
     <span class='ocr_line' id='line_1_104' title="bbox 87 2725 872 2763; baseline 0.006 -12"><span class='ocrx_word' id='word_1_671' title='bbox 87 2732 171 2757; x_wconf 74' lang='lat' dir='ltr'><strong>sura,</strong></span> <span class='ocrx_word' id='word_1_672' title='bbox 195 2725 353 2761; x_wconf 85' lang='lat' dir='ltr'><strong>allegoricas</strong></span> <span class='ocrx_word' id='word_1_673' title='bbox 379 2726 614 2761; x_wconf 90' lang='lat' dir='ltr'><strong>interpretationes</strong></span> <span class='ocrx_word' id='word_1_674' title='bbox 644 2728 794 2756; x_wconf 85' lang='lat' dir='ltr'><strong>habuerunt</strong></span> <span class='ocrx_word' id='word_1_675' title='bbox 824 2736 872 2763; x_wconf 89' lang='lat' dir='ltr'><strong>pro</strong></span> 
     </span>
    </p>
   </div>
   <div class='ocr_carea' id='block_1_105' title="bbox 122 2791 872 2830">
    <p class='ocr_par' dir='ltr' id='par_1_105' title="bbox 122 2791 872 2830">
     <span class='ocr_line' id='line_1_105' title="bbox 122 2791 872 2830; baseline 0.004 -11"><span class='ocrx_word' id='word_1_676' title='bbox 122 2791 181 2830; x_wconf 63' lang='lat' dir='ltr'><strong>(ﬂ)</strong></span> <span class='ocrx_word' id='word_1_677' title='bbox 206 2791 324 2830; x_wconf 74' lang='lat' dir='ltr'><strong>Denique</strong></span> <span class='ocrx_word' id='word_1_678' title='bbox 357 2794 521 2830; x_wconf 72' lang='lat' dir='ltr'><strong>potissimum</strong></span> <span class='ocrx_word' id='word_1_679' title='bbox 549 2793 656 2830; x_wconf 80' lang='lat' dir='ltr'><strong>Origem&#39;</strong></span> <span class='ocrx_word' id='word_1_680' title='bbox 689 2803 722 2822; x_wconf 76' lang='lat' dir='ltr'><strong>ea:</strong></span> <span class='ocrx_word' id='word_1_681' title='bbox 745 2795 872 2822; x_wconf 84' lang='lat' dir='ltr'><strong>librorum</strong></span> 
     </span>
    </p>
   </div>
   <div class='ocr_carea' id='block_1_106' title="bbox 88 2827 867 2862">
    <p class='ocr_par' dir='ltr' id='par_1_106' title="bbox 88 2827 867 2862">
     <span class='ocr_line' id='line_1_106' title="bbox 88 2827 867 2862; baseline 0.004 -7"><span class='ocrx_word' id='word_1_682' title='bbox 88 2827 171 2862; x_wconf 70' lang='lat' dir='ltr'><strong>ipsius</strong></span> <span class='ocrx_word' id='word_1_683' title='bbox 196 2827 381 2861; x_wconf 77' lang='lat' dir='ltr'><strong>depravatione</strong></span> <span class='ocrx_word' id='word_1_684' title='bbox 408 2829 583 2862; x_wconf 82' lang='lat' dir='ltr'><strong>patrocinium</strong></span> <span class='ocrx_word' id='word_1_685' title='bbox 598 2827 782 2858; x_wconf 52' lang='lat' dir='ltr'><strong>&#39;conciliatur.</strong></span> <span class='ocrx_word' id='word_1_686' title='bbox 818 2831 867 2858; x_wconf 84' lang='lat' dir='ltr'><strong>Adi</strong></span> 
     </span>
    </p>
   </div>
   <div class='ocr_carea' id='block_1_107' title="bbox 251 2876 582 2907">
    <p class='ocr_par' dir='ltr' id='par_1_107' title="bbox 251 2876 582 2907">
     <span class='ocr_line' id='line_1_107' title="bbox 251 2876 582 2907; baseline 0.006 -2"><span class='ocrx_word' id='word_1_687' title='bbox 251 2876 387 2906; x_wconf 68' lang='lat' dir='ltr'><strong>Parsoe.</strong></span> <span class='ocrx_word' id='word_1_688' title='bbox 408 2876 466 2906; x_wconf 85' lang='lat' dir='ltr'><strong>Gn.</strong></span> <span class='ocrx_word' id='word_1_689' title='bbox 484 2876 582 2907; x_wconf 81' lang='lat' dir='ltr'><strong>XVII.</strong></span> 
     </span>
    </p>
   </div>
   <div class='ocr_carea' id='block_1_108' title="bbox 925 2232 1707 2268">
    <p class='ocr_par' dir='ltr' id='par_1_108' title="bbox 925 2232 1707 2268">
     <span class='ocr_line' id='line_1_108' title="bbox 925 2232 1707 2268; baseline 0.003 -10"><span class='ocrx_word' id='word_1_690' title='bbox 925 2232 984 2259; x_wconf 89' lang='lat' dir='ltr'><strong>dem</strong></span> <span class='ocrx_word' id='word_1_691' title='bbox 999 2239 1106 2266; x_wconf 87' lang='lat' dir='ltr'><strong>quoque</strong></span> <span class='ocrx_word' id='word_1_692' title='bbox 1127 2233 1263 2267; x_wconf 87' lang='lat' dir='ltr'><strong>querelam</strong></span> <span class='ocrx_word' id='word_1_693' title='bbox 1286 2234 1311 2260; x_wconf 89' lang='lat' dir='ltr'><strong>itt</strong></span> <span class='ocrx_word' id='word_1_694' title='bbox 1339 2234 1390 2260; x_wconf 78' lang='lat' dir='ltr'><strong>alia</strong></span> <span class='ocrx_word' id='word_1_695' title='bbox 1412 2234 1498 2268; x_wconf 85' lang='lat' dir='ltr'><strong>ipsum</strong></span> <span class='ocrx_word' id='word_1_696' title='bbox 1517 2233 1627 2268; x_wconf 83' lang='lat' dir='ltr'><strong>epistola</strong></span> <span class='ocrx_word' id='word_1_697' title='bbox 1657 2233 1707 2260; x_wconf 87' lang='lat' dir='ltr'><strong>ile-</strong></span> 
     </span>
    </p>
   </div>
   <div class='ocr_carea' id='block_1_109' title="bbox 924 2277 1704 2313">
    <p class='ocr_par' dir='ltr' id='par_1_109' title="bbox 924 2277 1704 2313">
     <span class='ocr_line' id='line_1_109' title="bbox 924 2277 1704 2313; baseline 0.001 -9"><span class='ocrx_word' id='word_1_698' title='bbox 924 2284 1007 2305; x_wconf 88' lang='lat' dir='ltr'><strong>rasse.</strong></span> <span class='ocrx_word' id='word_1_699' title='bbox 1027 2277 1084 2305; x_wconf 68' lang='lat' dir='ltr'><strong>Prae</strong></span> <span class='ocrx_word' id='word_1_700' title='bbox 1102 2278 1160 2306; x_wconf 91' lang='lat' dir='ltr'><strong>aliis</strong></span> <span class='ocrx_word' id='word_1_701' title='bbox 1174 2286 1238 2306; x_wconf 87' lang='lat' dir='ltr'><strong>vero</strong></span> <span class='ocrx_word' id='word_1_702' title='bbox 1251 2278 1408 2313; x_wconf 82' lang='lat' dir='ltr'><strong>depravalos</strong></span> <span class='ocrx_word' id='word_1_703' title='bbox 1429 2280 1512 2306; x_wconf 86' lang='lat' dir='ltr'><strong>fuisse</strong></span> <span class='ocrx_word' id='word_1_704' title='bbox 1533 2279 1616 2307; x_wconf 88' lang='lat' dir='ltr'><strong>libros</strong></span> <span class='ocrx_word' id='word_1_705' title='bbox 1635 2279 1704 2313; x_wconf 77' lang='grc' dir='ltr'><strong>Περὶ</strong></span> 
     </span>
    </p>
   </div>
   <div class='ocr_carea' id='block_1_110' title="bbox 923 2321 1704 2359">
    <p class='ocr_par' dir='ltr' id='par_1_110' title="bbox 923 2321 1704 2359">
     <span class='ocr_line' id='line_1_110' title="bbox 923 2321 1704 2359; baseline 0.004 -11"><span class='ocrx_word' id='word_1_706' title='bbox 923 2321 1024 2356; x_wconf 81' lang='grc' dir='ltr'><strong>ἀρχῶν</strong></span> <span class='ocrx_word' id='word_1_707' title='bbox 1042 2323 1111 2350; x_wconf 88' lang='lat' dir='ltr'><strong>idem</strong></span> <span class='ocrx_word' id='word_1_708' title='bbox 1127 2324 1208 2351; x_wconf 86' lang='lat' dir='ltr'><strong>tradit</strong></span> <span class='ocrx_word' id='word_1_709' title='bbox 1222 2324 1336 2351; x_wconf 85' lang='lat' dir='ltr'><strong>Rulinus</strong></span> <span class='ocrx_word' id='word_1_710' title='bbox 1357 2325 1382 2351; x_wconf 89' lang='lat' dir='ltr'><strong>itt</strong></span> <span class='ocrx_word' id='word_1_711' title='bbox 1404 2324 1517 2359; x_wconf 83' lang='lat' dir='ltr'><strong>Prologo</strong></span> <span class='ocrx_word' id='word_1_712' title='bbox 1531 2324 1564 2351; x_wconf 86' lang='lat' dir='ltr'><strong>iis</strong></span> <span class='ocrx_word' id='word_1_713' title='bbox 1584 2325 1704 2359; x_wconf 70' lang='lat' dir='ltr'><strong>praefixo.</strong></span> 
     </span>
    </p>
   </div>
   <div class='ocr_carea' id='block_1_111' title="bbox 925 2366 1704 2397">
    <p class='ocr_par' dir='ltr' id='par_1_111' title="bbox 925 2366 1704 2397">
     <span class='ocr_line' id='line_1_111' title="bbox 925 2366 1704 2397; baseline 0.003 -4"><span class='ocrx_word' id='word_1_714' title='bbox 925 2366 994 2394; x_wconf 82' lang='lat' dir='ltr'><strong>Huic</strong></span> <span class='ocrx_word' id='word_1_715' title='bbox 1014 2368 1128 2395; x_wconf 79' lang='lat' dir='ltr'><strong>adsonat</strong></span> <span class='ocrx_word' id='word_1_716' title='bbox 1141 2368 1295 2396; x_wconf 86' lang='lat' dir='ltr'><strong>Vincentius</strong></span> <span class='ocrx_word' id='word_1_717' title='bbox 1309 2369 1456 2397; x_wconf 84' lang='lat' dir='ltr'><strong>Lirinensis</strong></span> <span class='ocrx_word' id='word_1_718' title='bbox 1473 2370 1498 2396; x_wconf 92' lang='lat' dir='ltr'><strong>in</strong></span> <span class='ocrx_word' id='word_1_719' title='bbox 1511 2370 1599 2397; x_wconf 88' lang='lat' dir='ltr'><strong>libello</strong></span> <span class='ocrx_word' id='word_1_720' title='bbox 1613 2371 1704 2396; x_wconf 80' lang='lat' dir='ltr'><strong>adver-</strong></span> 
     </span>
    </p>
   </div>
   <div class='ocr_carea' id='block_1_112' title="bbox 925 2413 1702 2449">
    <p class='ocr_par' dir='ltr' id='par_1_112' title="bbox 925 2413 1702 2449">
     <span class='ocr_line' id='line_1_112' title="bbox 925 2413 1702 2449; baseline 0.004 -11"><span class='ocrx_word' id='word_1_721' title='bbox 925 2421 969 2438; x_wconf 76' lang='lat' dir='ltr'><strong>aus</strong></span> <span class='ocrx_word' id='word_1_722' title='bbox 985 2413 1113 2447; x_wconf 74' lang='lat' dir='ltr'><strong>Ita&#39;rues,</strong></span> <span class='ocrx_word' id='word_1_723' title='bbox 1130 2414 1213 2447; x_wconf 86' lang='lat' dir='ltr'><strong>capit.</strong></span> <span class='ocrx_word' id='word_1_724' title='bbox 1229 2414 1273 2440; x_wconf 77' lang='lat'><strong>‘25.</strong></span> <span class='ocrx_word' id='word_1_725' title='bbox 1301 2424 1310 2440; x_wconf 84' lang='grc' dir='ltr'><strong>ι</strong></span> <span class='ocrx_word' id='word_1_726' title='bbox 1326 2414 1378 2442; x_wconf 85' lang='lat' dir='ltr'><strong>Sed</strong></span> <span class='ocrx_word' id='word_1_727' title='bbox 1392 2415 1463 2441; x_wconf 90' lang='lat' dir='ltr'><strong>dicet</strong></span> <span class='ocrx_word' id='word_1_728' title='bbox 1479 2415 1585 2449; x_wconf 79' lang='lat' dir='ltr'><strong>aliquis,</strong></span> <span class='ocrx_word' id='word_1_729' title='bbox 1605 2415 1702 2449; x_wconf 84' lang='lat' dir='ltr'><strong>inquit,</strong></span> 
     </span>
    </p>
   </div>
   <div class='ocr_carea' id='block_1_113' title="bbox 924 2457 1705 2494">
    <p class='ocr_par' dir='ltr' id='par_1_113' title="bbox 924 2457 1705 2494">
     <span class='ocr_line' id='line_1_113' title="bbox 924 2457 1705 2494; baseline 0.003 -10"><span class='ocrx_word' id='word_1_730' title='bbox 924 2462 1065 2492; x_wconf 85' lang='lat' dir='ltr'><strong>corruptos</strong></span> <span class='ocrx_word' id='word_1_731' title='bbox 1086 2465 1146 2485; x_wconf 86' lang='lat' dir='ltr'><strong>esse</strong></span> <span class='ocrx_word' id='word_1_732' title='bbox 1161 2457 1284 2492; x_wconf 84' lang='lat' dir='ltr'><strong>Origenis</strong></span> <span class='ocrx_word' id='word_1_733' title='bbox 1308 2459 1391 2486; x_wconf 86' lang='lat' dir='ltr'><strong>libros</strong></span> <span class='ocrx_word' id='word_1_734' title='bbox 1409 2468 1415 2486; x_wconf 93' lang='lat'>:</span> <span class='ocrx_word' id='word_1_735' title='bbox 1432 2466 1485 2486; x_wconf 90' lang='lat' dir='ltr'><strong>non</strong></span> <span class='ocrx_word' id='word_1_736' title='bbox 1510 2459 1616 2491; x_wconf 88' lang='lat' dir='ltr'><strong>resisto,</strong></span> <span class='ocrx_word' id='word_1_737' title='bbox 1640 2459 1705 2494; x_wconf 82' lang='lat' dir='ltr'><strong>quiti</strong></span> 
     </span>
    </p>
   </div>
   <div class='ocr_carea' id='block_1_114' title="bbox 925 2503 1704 2539">
    <p class='ocr_par' dir='ltr' id='par_1_114' title="bbox 925 2503 1704 2539">
     <span class='ocr_line' id='line_1_114' title="bbox 925 2503 1704 2539; baseline 0.003 -10"><span class='ocrx_word' id='word_1_738' title='bbox 925 2503 1012 2537; x_wconf 86' lang='lat' dir='ltr'><strong>potius</strong></span> <span class='ocrx_word' id='word_1_739' title='bbox 1023 2508 1051 2530; x_wconf 92' lang='lat' dir='ltr'><strong>et</strong></span> <span class='ocrx_word' id='word_1_740' title='bbox 1071 2503 1141 2531; x_wconf 90' lang='lat' dir='ltr'><strong>malo</strong></span> <span class='ocrx_word' id='word_1_741' title='bbox 1157 2513 1163 2530; x_wconf 93' lang='lat'>:</span> <span class='ocrx_word' id='word_1_742' title='bbox 1181 2511 1241 2530; x_wconf 90' lang='lat' dir='ltr'><strong>nam</strong></span> <span class='ocrx_word' id='word_1_743' title='bbox 1267 2505 1291 2530; x_wconf 78' lang='lat' dir='ltr'><strong>itl</strong></span> <span class='ocrx_word' id='word_1_744' title='bbox 1316 2513 1329 2531; x_wconf 90' lang='lat' dir='ltr'><strong>a</strong></span> <span class='ocrx_word' id='word_1_745' title='bbox 1353 2506 1511 2539; x_wconf 89' lang='lat' dir='ltr'><strong>quibusdam</strong></span> <span class='ocrx_word' id='word_1_746' title='bbox 1526 2509 1553 2531; x_wconf 86' lang='lat' dir='ltr'><strong>et</strong></span> <span class='ocrx_word' id='word_1_747' title='bbox 1568 2505 1704 2537; x_wconf 87' lang='lat' dir='ltr'><strong>traditum,</strong></span> 
     </span>
    </p>
   </div>
   <div class='ocr_carea' id='block_1_115' title="bbox 924 2550 1705 2583">
    <p class='ocr_par' dir='ltr' id='par_1_115' title="bbox 924 2550 1705 2583">
     <span class='ocr_line' id='line_1_115' title="bbox 924 2550 1705 2583; baseline 0.001 -8"><span class='ocrx_word' id='word_1_748' title='bbox 924 2553 951 2575; x_wconf 92' lang='lat' dir='ltr'><strong>et</strong></span> <span class='ocrx_word' id='word_1_749' title='bbox 977 2550 1106 2583; x_wconf 86' lang='lat' dir='ltr'><strong>scriptum</strong></span> <span class='ocrx_word' id='word_1_750' title='bbox 1135 2554 1186 2582; x_wconf 90' lang='lat' dir='ltr'><strong>est,</strong></span> <span class='ocrx_word' id='word_1_751' title='bbox 1217 2557 1269 2576; x_wconf 90' lang='lat' dir='ltr'><strong>non</strong></span> <span class='ocrx_word' id='word_1_752' title='bbox 1297 2550 1444 2578; x_wconf 84' lang='lat' dir='ltr'><strong>Catholicis</strong></span> <span class='ocrx_word' id='word_1_753' title='bbox 1469 2555 1583 2582; x_wconf 88' lang='lat' dir='ltr'><strong>tatttutn,</strong></span> <span class='ocrx_word' id='word_1_754' title='bbox 1612 2557 1705 2577; x_wconf 85' lang='lat' dir='ltr'><strong>verum</strong></span> 
     </span>
    </p>
   </div>
   <div class='ocr_carea' id='block_1_116' title="bbox 924 2593 1702 2630">
    <p class='ocr_par' dir='ltr' id='par_1_116' title="bbox 924 2593 1702 2630">
     <span class='ocr_line' id='line_1_116' title="bbox 924 2593 1702 2630; baseline 0 -8"><span class='ocrx_word' id='word_1_755' title='bbox 924 2594 1006 2622; x_wconf 88' lang='lat' dir='ltr'><strong>etiam</strong></span> <span class='ocrx_word' id='word_1_756' title='bbox 1020 2593 1166 2622; x_wconf 74' lang='lat' dir='ltr'><strong>hzereticis.</strong></span> <span class='ocrx_word' id='word_1_757' title='bbox 1180 2605 1190 2621; x_wconf 76' lang='grc' dir='ltr'><strong>ι</strong></span> <span class='ocrx_word' id='word_1_758' title='bbox 1206 2595 1308 2621; x_wconf 85' lang='lat' dir='ltr'><strong>Auctor</strong></span> <span class='ocrx_word' id='word_1_759' title='bbox 1325 2595 1445 2630; x_wconf 83' lang='lat' dir='ltr'><strong>Calologi</strong></span> <span class='ocrx_word' id='word_1_760' title='bbox 1463 2596 1495 2622; x_wconf 93' lang='lat' dir='ltr'><strong>ad</strong></span> <span class='ocrx_word' id='word_1_761' title='bbox 1519 2595 1702 2623; x_wconf 83' lang='lat' dir='ltr'><strong>Desiderium:</strong></span> 
     </span>
    </p>
   </div>
   <div class='ocr_carea' id='block_1_117' title="bbox 928 2640 1705 2676">
    <p class='ocr_par' dir='ltr' id='par_1_117' title="bbox 928 2640 1705 2676">
     <span class='ocr_line' id='line_1_117' title="bbox 928 2640 1705 2676; baseline 0 -10"><span class='ocrx_word' id='word_1_762' title='bbox 928 2640 1024 2667; x_wconf 77' lang='lat' dir='ltr'><strong>thlulti</strong></span> <span class='ocrx_word' id='word_1_763' title='bbox 1057 2645 1145 2667; x_wconf 89' lang='lat' dir='ltr'><strong>tamett</strong></span> <span class='ocrx_word' id='word_1_764' title='bbox 1175 2641 1279 2676; x_wconf 85' lang='lat' dir='ltr'><strong>aliquos</strong></span> <span class='ocrx_word' id='word_1_765' title='bbox 1305 2647 1363 2674; x_wconf 66' lang='lat' dir='ltr'><strong>etus</strong></span> <span class='ocrx_word' id='word_1_766' title='bbox 1393 2640 1540 2676; x_wconf 83' lang='lat' dir='ltr'><strong>(Urigenis)</strong></span> <span class='ocrx_word' id='word_1_767' title='bbox 1574 2640 1705 2675; x_wconf 86' lang='lat' dir='ltr'><strong>pessimos</strong></span> 
     </span>
    </p>
   </div>
   <div class='ocr_carea' id='block_1_118' title="bbox 926 2685 1707 2720">
    <p class='ocr_par' dir='ltr' id='par_1_118' title="bbox 926 2685 1707 2720">
     <span class='ocr_line' id='line_1_118' title="bbox 926 2685 1707 2720; baseline 0 -7"><span class='ocrx_word' id='word_1_768' title='bbox 926 2686 1071 2720; x_wconf 84' lang='lat' dir='ltr'><strong>discipulos</strong></span> <span class='ocrx_word' id='word_1_769' title='bbox 1091 2685 1172 2713; x_wconf 83' lang='lat' dir='ltr'><strong>multa</strong></span> <span class='ocrx_word' id='word_1_770' title='bbox 1199 2693 1332 2713; x_wconf 83' lang='lat' dir='ltr'><strong>venenosa</strong></span> <span class='ocrx_word' id='word_1_771' title='bbox 1358 2685 1409 2712; x_wconf 90' lang='lat' dir='ltr'><strong>sub</strong></span> <span class='ocrx_word' id='word_1_772' title='bbox 1434 2686 1492 2719; x_wconf 83' lang='lat' dir='ltr'><strong>ejus</strong></span> <span class='ocrx_word' id='word_1_773' title='bbox 1515 2687 1622 2714; x_wconf 88' lang='lat' dir='ltr'><strong>nomine</strong></span> <span class='ocrx_word' id='word_1_774' title='bbox 1650 2687 1707 2713; x_wconf 84' lang='lat' dir='ltr'><strong>edi-</strong></span> 
     </span>
    </p>
   </div>
   <div class='ocr_carea' id='block_1_119' title="bbox 927 2728 1708 2764">
    <p class='ocr_par' dir='ltr' id='par_1_119' title="bbox 927 2728 1708 2764">
     <span class='ocr_line' id='line_1_119' title="bbox 927 2728 1708 2764; baseline 0 -8"><span class='ocrx_word' id='word_1_775' title='bbox 927 2728 999 2756; x_wconf 86' lang='lat' dir='ltr'><strong>disse</strong></span> <span class='ocrx_word' id='word_1_776' title='bbox 1016 2733 1165 2756; x_wconf 86' lang='lat' dir='ltr'><strong>testamur:</strong></span> <span class='ocrx_word' id='word_1_777' title='bbox 1179 2738 1188 2754; x_wconf 84' lang='grc'><strong>›</strong></span> <span class='ocrx_word' id='word_1_778' title='bbox 1215 2736 1275 2764; x_wconf 78' lang='lat' dir='ltr'><strong>quze</strong></span> <span class='ocrx_word' id='word_1_779' title='bbox 1296 2728 1377 2755; x_wconf 88' lang='lat' dir='ltr'><strong>verba</strong></span> <span class='ocrx_word' id='word_1_780' title='bbox 1395 2728 1490 2761; x_wconf 78' lang='lat' dir='ltr'><strong>repetit</strong></span> <span class='ocrx_word' id='word_1_781' title='bbox 1503 2728 1582 2756; x_wconf 76' lang='lat' dir='ltr'><strong>Beda.</strong></span> <span class='ocrx_word' id='word_1_782' title='bbox 1604 2729 1708 2760; x_wconf 77' lang='lat' dir='ltr'><strong>Auctor</strong></span> 
     </span>
    </p>
   </div>
   <div class='ocr_carea' id='block_1_120' title="bbox 924 2794 1708 2832">
    <p class='ocr_par' dir='ltr' id='par_1_120' title="bbox 924 2794 1708 2832">
     <span class='ocr_line' id='line_1_120' title="bbox 924 2794 1708 2832; baseline 0.003 -9"><span class='ocrx_word' id='word_1_783' title='bbox 924 2796 1111 2824; x_wconf 71' lang='lat' dir='ltr'><strong>Praefationem</strong></span> <span class='ocrx_word' id='word_1_784' title='bbox 1128 2797 1201 2832; x_wconf 17' lang='lat' dir='ltr'><strong>rtomi</strong></span> <span class='ocrx_word' id='word_1_785' title='bbox 1225 2795 1302 2832; x_wconf 87' lang='lat' dir='ltr'><strong>primi</strong></span> <span class='ocrx_word' id='word_1_786' title='bbox 1327 2804 1387 2832; x_wconf 90' lang='lat' dir='ltr'><strong>pag.</strong></span> <span class='ocrx_word' id='word_1_787' title='bbox 1405 2794 1440 2827; x_wconf 74' lang='lat'><strong>‘2,</strong></span> <span class='ocrx_word' id='word_1_788' title='bbox 1459 2794 1476 2821; x_wconf 78' lang='grc'><strong>5</strong></span> <span class='ocrx_word' id='word_1_789' title='bbox 1490 2801 1516 2822; x_wconf 85' lang='lat' dir='ltr'><strong>et</strong></span> <span class='ocrx_word' id='word_1_790' title='bbox 1529 2796 1563 2828; x_wconf 71' lang='grc'><strong>4,</strong></span> <span class='ocrx_word' id='word_1_791' title='bbox 1583 2796 1629 2825; x_wconf 89' lang='lat' dir='ltr'><strong>ubi</strong></span> <span class='ocrx_word' id='word_1_792' title='bbox 1650 2797 1708 2825; x_wconf 63' lang='lat' dir='ltr'><strong>hinc</strong></span> 
     </span>
    </p>
   </div>
   <div class='ocr_carea' id='block_1_121' title="bbox 922 2831 1233 2860">
    <p class='ocr_par' dir='ltr' id='par_1_121' title="bbox 922 2831 1233 2860">
     <span class='ocr_line' id='line_1_121' title="bbox 922 2831 1233 2860; baseline 0.003 -1"><span class='ocrx_word' id='word_1_793' title='bbox 922 2832 1055 2859; x_wconf 87' lang='lat' dir='ltr'><strong>sententia</strong></span> <span class='ocrx_word' id='word_1_794' title='bbox 1069 2831 1233 2860; x_wconf 64' lang='lat' dir='ltr'><strong>confutatur;</strong></span> 
     </span>
    </p>
   </div>
   <div class='ocr_carea' id='block_1_122' title="bbox 1507 2879 1544 2909">
    <p class='ocr_par' dir='ltr' id='par_1_122' title="bbox 1507 2879 1544 2909">
     <span class='ocr_line' id='line_1_122' title="bbox 1507 2879 1544 2909; baseline 0.027 -1"><span class='ocrx_word' id='word_1_795' title='bbox 1507 2879 1544 2909; x_wconf 75' lang='grc'><strong>35</strong></span> 
     </span>
    </p>
   </div>
  </div>
