1927 3076
275 137 341 163 l0’i9

275 197 470 229 l'ra'destinati,
486 197 549 224 bur.
567 196 602 222 22
617 201 645 223 et
664 196 709 227 ιδ,
725 196 834 223 minime
847 196 885 223 'ab
899 196 941 224 bis
953 196 1052 224 discre-

273 249 328 278 pat,
341 243 467 278 additque
476 242 673 276 Ampttllianum
685 245 829 277 quelntlam
845 243 1050 271 lneresiarcham

272 289 415 325 Bithynum
433 287 573 314 astruendi
591 288 631 314 sui
652 288 785 323 dogmatis
804 289 889 322 gratia
905 288 1013 315 vitiatos
1035 295 1050 315 a

271 343 300 362 se
312 334 440 369 Origenis
463 333 545 360 libros
566 333 722 368 protulisse.
747 333 865 368 Denique
883 333 984 368 Haymo
1005 334 1051 362 Al-

271 381 447 409 berstatensis
462 380 488 407 in
509 380 579 407 libro
598 380 635 408 De
653 380 863 407 Christianarum
888 388 974 407 rerum
997 389 1051 408 me-

270 428 354 454 moria
370 426 406 453 ita
419 426 526 453 disserit
543 435 550 453 :
568 435 577 451 4
592 425 646 460 Ego
664 433 730 454 sane
744 426 777 452 de
792 425 910 461 Origene
924 426 981 452 viro
997 431 1049 453 tam

269 473 377 505 illustri,
404 473 640 500 abstinentissimaz
664 472 724 499 vita:
744 476 771 499 et
790 472 961 503 castissimae,
978 480 1049 507 prte-

268 519 348 547 clara:
362 518 501 550 doctrinae,
520 519 579 553 puri
601 524 628 545 et
648 518 728 545 lucidi
751 519 895 550 sermonis,
909 518 980 545 salva
997 518 1049 545 fide

268 564 377 592 Patrum
397 564 522 598 dixerim,
545 564 614 599 quod
627 564 685 592 haec
704 565 816 592 omnino
830 572 881 591 non
897 564 1047 598 scripserit,

267 613 314 639 sed
331 611 364 638 ab
381 610 514 638 haereticis
541 610 576 637 ob
598 610 755 644 praeclarum
780 617 875 638 nomen
899 610 958 644 ejus
976 609 1046 636 oﬂ'u-

267 656 407 688 scandunt,
428 655 542 690 maligne
554 654 670 682 conﬁcta
699 659 761 681 sunt
788 660 815 682 et
838 655 1000 690 conscripta,
1022 658 1049 682 et

267 701 368 728 nomini
386 709 436 728 suo
448 701 620 736 prmtitulata.
637 711 645 727 ν

299 743 413 774 Constat
429 746 548 782 profecto
557 747 677 774 solemne
691 746 717 774 id
728 753 788 774 esse
799 746 933 773 haereticis
945 750 1050 773 veteres

265 792 348 820 libros
359 793 528 820 arcessenda:
537 793 587 820 sibi
597 793 765 820 auctoritatis
773 799 854 820 causa
867 791 976 820 violare.
990 792 1050 819 Fre-

264 839 373 874 quentia
393 844 541 866 occurrunt
567 839 690 873 exempla
710 838 736 866 in
753 838 874 866 Panario
892 838 1045 873 Epiphanii.

264 885 367 916 Scribit
383 885 446 912 item
460 885 591 919 Evngrius
606 884 652 912 lib.
672 893 714 916 nr,
733 892 792 918 cap.
805 885 849 918 51,
872 884 1044 912 NestOr'ranos

264 936 291 958 et
313 931 493 967 Eulychianos
520 935 675 958 sanctorum
706 931 814 957 Patrum
842 929 1045 958 lucubrationes

263 984 334 1012 saepe
348 977 518 1013 depravasse,
537 976 688 1010 multosque
702 975 860 1010 Apollinarii
882 975 965 1003 libros
978 974 1046 1003 Gre-

262 1024 338 1060 gorio
355 1023 568 1058 Thaurnaturgo,
586 1022 736 1050 Athanasio
760 1021 867 1049 eIJulio
883 1022 992 1049 mutatis
1012 1021 1045 1048 ti-

263 1069 327 1096 tulis
351 1068 521 1103 ascripsisse.
549 1066 759 1102 Apollinarislas
782 1072 889 1100 quoque
905 1065 996 1101 Cyrilli
1012 1064 1044 1091 li-

263 1115 328 1142 bros
345 1114 508 1149 pervertisse
519 1118 613 1140 auctor
628 1117 669 1140 est
682 1111 823 1139 Leontius.
844 1111 967 1139 Notarios
980 1118 1045 1146 prte-

263 1166 336 1188 terea
360 1160 485 1188 homilias
501 1159 642 1194 Origenis,
660 1162 686 1186 et
706 1158 807 1185 dictata
833 1165 866 1184 ex
886 1158 969 1193 ipsius
997 1165 1044 1186 ore

261 1207 427 1242 excipientes
440 1214 488 1240 per
506 1206 615 1233 nimiam
632 1205 831 1232 festinationem
846 1204 984 1232 erroribus
996 1203 1042 1230 ali-

261 1253 358 1288 quibus
375 1252 536 1287 respersisse
548 1251 709 1280 crediderim
724 1258 732 1283 ;
753 1257 856 1278 necnon
877 1253 904 1276 et
923 1249 1044 1276 indoctas

260 1297 372 1333 puellas,
398 1304 512 1331 quarmn
526 1304 607 1332 opera
620 1297 654 1324 ad
672 1295 822 1324 exarandos
839 1295 931 1323 nitidis
947 1294 1043 1322 litteris

260 1343 366 1370 codices
381 1343 516 1369 utebatur.

296 1389 350 1416 Sed
371 1388 550 1422 Hieronymus
575 1391 659 1415 totam
687 1388 757 1414 banc
768 1386 903 1421 Origenis,
927 1394 986 1422 quae
1009 1393 1041 1413 ex

261 1435 391 1462 librorum
417 1433 502 1468 ipsius
526 1433 718 1467 depravatione
734 1432 843 1467 petitur,
859 1431 1040 1459 defensionem

260 1480 335 1508 flocci
349 1479 414 1507 facit
429 1479 475 1506 lib.
491 1486 510 1506 ιι
536 1478 645 1513 Apolog.
663 1479 765 1505 advers.
781 1477 869 1511 Ruﬁn.
880 1498 888 1510 ,
908 1485 967 1511 cap.
983 1477 1000 1504 4
1015 1482 1042 1504 et

260 1527 288 1558 5,
313 1531 341 1553 et
363 1533 424 1553 cum
438 1525 535 1552 Rufino
552 1526 644 1558 pedem
664 1524 785 1556 confert,
801 1532 832 1551 ac
848 1524 906 1552 loca
919 1523 1041 1558 Origcnis

261 1573 286 1599 in
303 1572 400 1607 quibus
417 1572 594 1607 repugnantia
609 1577 719 1598 exstare
737 1570 844 1598 dixerat
858 1571 981 1602 Huliuus,
994 1571 1042 1597 de-

258 1618 360 1654 signari
374 1618 424 1645 sibi
440 1618 566 1652 postulat.
588 1617 643 1644 Nos
660 1621 734 1644 certe
756 1617 782 1643 in
802 1615 943 1650 superiore
956 1616 1042 1650 capite

260 1664 414 1692 testimonia
440 1663 580 1690 attulimus
595 1667 648 1690 tam
670 1662 721 1689 sibi
739 1661 886 1693 contraria,
903 1666 932 1687 ut
946 1659 1043 1688 Hiero-

259 1718 342 1746 nymo
364 1709 522 1738 satisfacere
544 1710 658 1744 possint.
685 1708 731 1736 Ait
753 1708 850 1736 deinde
866 1708 917 1735 hac
933 1715 1042 1743 respon-

258 1757 334 1785 sione
353 1763 429 1783 nsum
455 1763 506 1782 non
534 1762 596 1782 esse
621 1755 773 1790 Didyumm,
805 1761 857 1781 noa
886 1754 1040 1782 Eusebium.

259 1802 328 1837 Quid
345 1807 399 1829 tum
415 1807 504 1828 autem
518 1801 529 1828 τ
546 1800 573 1828 Si
588 1808 648 1836 quas
666 1800 699 1828 ab
716 1800 848 1828 haereticis
860 1800 958 1828 inserta
968 1804 1041 1831 sunt,

259 1849 374 1884 benigna
391 1849 614 1883 interpretatione
628 1847 742 1875 mollivit
761 1847 903 1883 Didymus,
923 1847 966 1873 vel
981 1854 1042 1880 per-

258 1902 350 1930 peram
365 1894 484 1922 defcndit
499 1894 646 1925 Eusebius;
662 1893 684 1920 si
699 1893 834 1927 objeclum
858 1892 1040 1919 testimonium

258 1941 366 1969 solvere
388 1941 551 1972 maluerunt,
571 1939 642 1974 quod
658 1943 715 1966 erat
729 1939 754 1966 in
773 1943 908 1973 promptu,
921 1946 1000 1972 quam
1014 1944 1043 1965 nt

259 1987 356 2014 falsum
372 1986 525 2021 repudiare,
543 1985 613 2020 quod
628 1985 743 2020 probatu
759 1983 893 2012 dillicilius
907 1989 978 2018 erat,
992 1984 1043 2011 mi-

260 2041 346 2060 nusne
359 2032 460 2059 idcirco
477 2034 578 2058 incerta
598 2035 626 2058 et
637 2030 782 2057 adventitia
800 2030 884 2058 sunt?
901 2030 971 2057 Usus
985 2034 1042 2057 erat

259 2078 356 2106 deinde
372 2077 486 2104 Ruﬁnus
501 2076 613 2104 aliorum
630 2075 739 2103 Patrum
766 2076 900 2110 exemplo,
924 2083 1040 2111 quorum

260 2124 460 2151 lucubrationes
474 2122 581 2149 fuerant
596 2121 710 2149 violatae.
727 2122 772 2149 Ait
788 2129 851 2149 vero
863 2121 1042 2156 Hieronymus

258 2169 378 2196 futurum
395 2175 423 2196 ut
443 2170 465 2196 si
479 2169 504 2196 id
516 2169 692 2200 concedatur,
709 2167 764 2201 jam
781 2169 875 2195 incerti
887 2168 941 2195 sint
960 2168 1041 2195 libro-

258 2222 318 2242 rum
333 2220 467 2246 auctores,
483 2214 550 2241 nihil
566 2214 598 2240 ad
617 2220 666 2241 eos
681 2213 793 2241 relatum
818 2213 849 2240 iri
861 2213 907 2248 qui
920 2214 1037 2248 scripse-

257 2265 332 2292 runt,
349 2260 395 2287 sed
411 2260 444 2287 ad
460 2264 633 2294 corruptores
646 2259 746 2290 omnia,
759 2267 791 2286 ac
809 2267 842 2286 ne
855 2259 887 2285 ad
906 2259 964 2286 illos
980 2258 1040 2294 qui-

257 2306 330 2337 dem,
342 2313 403 2332 cum
415 2305 496 2339 ignoti
508 2304 572 2331 sint.
587 2313 596 2330 ι
609 2303 666 2330 Hac
679 2303 852 2335 defensionis,
867 2303 964 2338 inquit,
977 2311 1038 2338 per-

257 2351 420 2383 turbatione,
437 2358 486 2378 nec
496 2348 625 2380 Marcion,
641 2357 689 2377 nec
701 2349 875 2382 Manichaeus,
892 2357 940 2376 nec
949 2349 1039 2381 Arius,

257 2405 306 2426 nec
319 2397 466 2425 Eunomius
485 2395 606 2423 accusari
627 2400 761 2431 poterunt.
775 2405 785 2420 ι
798 2394 963 2422 Attendisset
976 2401 1041 2422 vero

257 2443 437 2479 Hieronymus
450 2443 482 2469 ad
496 2442 633 2476 superiora
650 2450 656 2468 :
678 2441 773 2469 scribit
788 2441 900 2468 Ruﬁnus
923 2440 983 2468 falsi
1008 2448 1039 2468 ea

256 2498 318 2517 esse
341 2494 476 2524 suspecta,
505 2489 602 2523 quibus
624 2488 675 2515 alia
700 2488 726 2515 in
750 2487 844 2515 eodem
862 2486 993 2520 scriptore
1006 2493 1039 2513 ex

256 2536 370 2562 adverso
386 2533 509 2568 opposita
532 2537 663 2560 exstant:
690 2532 731 2559 bis
759 2532 889 2559 duntaxat
916 2530 1042 2558 falsitatis

257 2579 465 2613 notamapponit
477 2578 613 2605 Rufinum
625 2577 680 2604 Non
690 2577 773 2609 enim,
787 2586 796 2602 ›
808 2577 892 2611 inquit
907 2576 1005 2604 invect.
1024 2575 1037 2602 1

256 2629 283 2652 tn
295 2624 459 2659 Hieronym.,
473 2632 482 2649 ε
500 2624 663 2658 generaliter
674 2623 784 2658 promisi
805 2630 849 2649 me
871 2622 1039 2657 prolaturum

257 2678 316 2705 quae
332 2675 425 2697 essent
440 2669 503 2697 ﬁdei
521 2670 658 2696 contraria
672 2689 680 2700 ,
703 2668 750 2696 sed
774 2676 834 2703 qua:
855 2668 905 2703 ipsi
923 2668 973 2695 sibi
994 2674 1039 2694 es-

257 2720 318 2742 sent
336 2716 490 2747 contraria;
505 2724 514 2740 ι
533 2715 629 2742 idcone
647 2721 728 2749 porro
748 2714 844 2741 incerti
864 2719 943 2740 erunt
957 2713 1039 2739 libro-

259 2767 317 2786 rum
337 2765 472 2793 auctores,
498 2761 519 2787 si
547 2768 578 2788 ea
601 2761 732 2787 duntaxat
758 2759 809 2787 illis
835 2759 1036 2794 abjudicentur,

257 2811 317 2840 qua:
331 2805 442 2838 reliquis
457 2805 664 2832 contradicunt?
681 2805 784 2839 ecquod
803 2805 866 2832 hinc
880 2805 931 2832 sibi
946 2809 1038 2839 patro-

259 2848 357 2876 ciniqu
368 2850 499 2882 spondere
516 2855 642 2884 poterunt
657 2850 790 2883 Marcion,
812 2849 984 2883 Manicbteus,
1013 2854 1039 2877 et

904 135 934 162 Ρ.
954 134 1111 163 DANlELlS
1128 135 1244 164 HUETH

1802 138 1854 167 “(10

1067 199 1089 227 Α
1104 196 1171 224 alii?
1186 195 1253 223 Tum
1273 195 1365 231 objicit
1389 195 1440 224 sibi
1456 195 1653 231 Hieronymus:
1671 206 1680 222 Ι
1695 196 1820 230 Quomodo
1834 200 1852 225 in

1102 242 1177 269 libris
1200 249 1292 270 eorum
1318 241 1438 277 (Palmm
1463 241 1600 278 Ecclesia)
1629 243 1724 270 vitiosa
1750 246 1853 272 nonnulla

1101 289 1184 316 sunt?
1197 299 1206 315 ι
1225 289 1378 324 respondet,
1397 297 1406 314 ε
1421 288 1449 316 Si
1468 296 1511 317 me
1528 296 1625 316 causas
1635 289 1757 316 vitiorum
1771 291 1853 319 nescire

1101 335 1274 369 respondero,
1293 342 1344 361 non
1371 334 1462 362 statim
1491 334 1551 362 illos
1567 335 1710 362 haereticos
1729 334 1854 368 iudicabo:

1099 381 1157 408 fieri
1171 382 1242 408 enim
1258 386 1361 415 potest,
1378 387 1407 408 ut
1422 381 1463 409 vel
1482 381 1640 417 simpliciter
1653 381 1813 414 erraverint,
1825 383 1855 410 vel

1100 426 1152 454 alio
1179 434 1259 454 sensu
1286 427 1465 462 scripserint,
1493 426 1534 454 vel
1561 434 1576 453 a
1608 425 1726 453 librariis
1746 427 1855 461 imperitis

1099 479 1192 499 eorum
1215 472 1344 507 paulatim
1368 473 1468 508 scripta
1489 476 1614 507 corrupta
1636 472 1691 499 sint
1707 480 1713 498 :
1729 472 1768 499 vel
1789 479 1854 503 certe.

1099 522 1243 553 antequam
1260 518 1284 545 in
1299 517 1471 549 Alexandria,
1485 517 1561 552 quasi
1574 518 1734 545 daemonium
1747 519 1854 546 meridia-

1099 571 1180 595 num,
1205 563 1285 591 Arius
1312 567 1486 596 nasceretur,
1519 564 1677 591 innocenter
1703 564 1814 598 quaedam
1835 571 1855 593 et

1099 608 1188 636 minus
1201 614 1280 636 caute
1305 608 1384 636 locuti
1409 615 1483 642 sunt,
1504 614 1530 636 et
1553 617 1614 644 quae
1630 617 1683 637 non
1701 610 1797 645 possint
1808 619 1855 645 per-

1099 661 1237 682 versorum
1251 655 1388 682 hominum
1400 655 1560 682 calumniam
1575 656 1723 682 declinare.
1737 665 1745 682 ι
1761 656 1855 684 Excusa-

1100 702 1198 729 tionem
1223 702 1336 736 accipio,
1361 709 1409 728 cur
1431 707 1457 728 tu
1481 703 1601 728 eamdem
1617 710 1665 736 pro
1677 702 1788 737 Origene
1797 704 1855 730 adhi-

1098 747 1181 775 bitam
1202 747 1377 783 repudiabis?
1398 756 1412 774 a
1435 748 1553 776 librariis
1573 749 1675 784 scripta
1687 749 1744 783 ejus
1764 749 1856 778 fortasse

1098 798 1226 829 corrupta
1247 793 1329 821 fuisse
1356 795 1489 828 dicimus;
1515 799 1577 822 ante
1593 795 1689 822 Arium
1704 796 1786 822 minus
1796 802 1856 823 caule

1099 840 1219 867 locutum
1238 841 1454 875 pronuntiamus,
1476 841 1517 868 vel
1542 840 1596 868 alio
1619 848 1701 868 sensu
1725 840 1853 876 scripsisse,

1097 886 1138 913 vel
1165 886 1278 921 denique
1306 893 1431 919 errasse;
1461 887 1596 915 idcircone
1623 888 1756 915 haereseos
1785 888 1852 922 ipsum

1095 932 1252 960 damnabis?
1264 932 1350 960 Allata
1365 933 1472 960 demum
1488 933 1597 960 Patrum
1619 933 1736 961 aliorum
1752 933 1850 966 exempla

1094 978 1219 1005 dcridens
1243 978 1281 1004 ait
1304 985 1355 1004 non
1376 978 1507 1005 hrcreseos
1530 978 1685 1013 suspicione
1707 985 1795 1005 vacare
1807 977 1854 1005 Ori-

1094 1031 1199 1058 genem,
1210 1023 1314 1051 etiamsi
1333 1024 1360 1050 in
1375 1024 1468 1051 h:eresi
1483 1024 1576 1051 Patres
1592 1024 1636 1052 alii
1661 1024 1768 1052 fuerint.
1782 1023 1854 1050 Dicen-

1093 1070 1154 1096 dum
1170 1070 1258 1105 potius
1273 1070 1367 1098 bzeresl
1380 1077 1475 1097 vacare
1488 1070 1642 1106 Origenem,
1658 1070 1776 1105 quamvis
1789 1071 1810 1096 in
1820 1077 1852 1096 er-

1094 1122 1168 1142 rores
1185 1114 1274 1149 lapsus
1298 1115 1354 1147 sit,
1371 1115 1442 1149 quod
1466 1114 1576 1149 paribus
1600 1115 1724 1150 impliciti
1740 1114 1855 1142 erroribus

1093 1160 1197 1194 Patres,
1224 1161 1297 1188 omni
1315 1166 1402 1188 tatueu
1422 1161 1557 1188 haereseos
1577 1165 1640 1187 nota
1663 1160 1721 1188 sint
1735 1159 1852 1186 immunes.

1093 1205 1220 1233 Mutilata:
1234 1205 1400 1240 postmodum
1414 1205 1534 1240 epistola:
1552 1205 1708 1233 Adamantii
1728 1205 1760 1232 ad
1775 1205 1854 1232 amicos

1092 1252 1288 1279 Alexandrinos
1310 1251 1434 1278 Hulinum
1461 1251 1550 1287 arguit
1574 1251 1770 1288 Hieronymus;
1793 1256 1817 1278 ut
1836 1251 1853 1278 si

1092 1297 1154 1332 quis
1179 1298 1331 1325 mutilatum
1351 1305 1365 1324 a
1386 1304 1428 1324 me
1451 1297 1609 1332 scriptorem
1635 1305 1698 1325 esse
1711 1297 1785 1329 dicat,
1807 1304 1853 1323 cum

1093 1344 1275 1371 testimonium
1292 1343 1400 1378 aliquod
1415 1351 1447 1371 ex
1462 1351 1495 1371 eo
1508 1345 1551 1370 vel
1564 1343 1744 1378 fragmentum
1766 1343 1794 1370 ad
1811 1350 1852 1370 rem

1092 1389 1118 1415 in
1135 1388 1319 1423 disputatione
1335 1388 1450 1423 positam
1462 1388 1600 1423 pertinens
1610 1388 1734 1416 adduco:
1749 1394 1853 1422 quorsum

1091 1435 1162 1462 enim
1176 1434 1300 1469 Origenis
1320 1434 1449 1461 adversus
1466 1434 1629 1461 Demetrium
1653 1433 1776 1468 querelas
1788 1453 1794 1465 ,
1809 1440 1853 1467 qua

1091 1480 1118 1507 in
1137 1480 1237 1515 reliqua
1255 1479 1376 1515 epistolae
1384 1485 1462 1513 parte
1477 1480 1661 1512 continentur,
1678 1480 1805 1506 retulisset
1815 1478 1852 1504 Ru-

1055 1538 1076 1567 (χ
1095 1529 1174 1561 tinus,
1187 1529 1220 1555 de
1236 1527 1366 1555 librorum
1380 1528 1464 1563 ipsius
1479 1527 1701 1562 coristupratione
1714 1526 1808 1562 agens?
1822 1526 1851 1553 At!

1093 1574 1118 1601 id
1136 1579 1228 1601 autem
1243 1574 1316 1609 quod
1332 1579 1460 1602 causatus
1475 1574 1562 1601 fuerat
1576 1573 1709 1608 Origenes
1722 1574 1746 1600 in
1762 1573 1852 1608 epistola

1092 1620 1125 1647 ad
1147 1620 1354 1653 Alexandrinos,
1376 1620 1558 1647 adulteratum
1583 1628 1598 1647 a
1620 1620 1742 1648 Candido
1761 1619 1854 1647 Valenti-

1092 1667 1173 1693 niano
1199 1666 1330 1694 haeretica
1346 1666 1429 1694 habiti
1447 1674 1538 1694 secum
1552 1666 1657 1701 Dialogi
1675 1667 1798 1698 codicem,
1808 1665 1854 1692 sul)-

1089 1712 1148 1747 jicit
1175 1711 1380 1747 Hieronymus:
1409 1711 1609 1746 «Intelligimus
1642 1711 1669 1739 in
1696 1711 1747 1739 hoc
1773 1715 1852 1737 tantum

1092 1757 1202 1792 Diulogo
1218 1757 1252 1784 ab
1269 1756 1385 1792 Origene
1405 1757 1481 1793 argui
1505 1757 1660 1784 litereticam
1679 1757 1823 1787 falsitatem,
1834 1760 1853 1782 et

1092 1810 1143 1830 non
1167 1803 1193 1830 in
1216 1803 1322 1830 caneris
1347 1803 1435 1836 libris,
1456 1803 1490 1831 de
1505 1803 1602 1838 quibus
1617 1811 1753 1838 nunquam
1765 1800 1853 1837 quaestio

1091 1847 1142 1875 fuit
1159 1859 1165 1875 :
1182 1848 1284 1883 alioqui
1313 1849 1336 1876 si
1367 1848 1457 1876 omnia
1487 1855 1546 1883 qua!
1569 1848 1698 1876 haeretica
1726 1853 1793 1881 sunt,
1814 1853 1852 1873 non

1090 1899 1168 1921 erunt
1196 1895 1338 1930 Origenis.
1362 1895 1408 1922 sed
1436 1895 1636 1926 haereticorum,
1669 1901 1761 1921 omnes
1783 1896 1851 1919 auterr

1092 1941 1285 1975 propemodum
1315 1940 1387 1968 illius
1413 1941 1476 1967 tomi
1497 1940 1539 1967 bis
1555 1940 1697 1968 erroribus
1712 1939 1779 1975 pleni
1796 1940 1851 1967 sunt,

1091 1986 1156 2013 nihil
1169 1986 1294 2022 Origenis
1319 1987 1380 2018 erit,
1404 1986 1451 2014 sed
1475 1994 1569 2013 eorum
1592 1993 1707 2020 quorum
1725 1985 1852 2020 ignoramus

1091 2030 1257 2058 vocabula.»
1284 2030 1353 2064 Quid
1383 2030 1428 2057 fiet
1456 2035 1546 2057 autem
1571 2030 1656 2057 altera
1678 2029 1794 2065 Origenis
1810 2027 1853 2061 epi-

1091 2075 1178 2107 stola,
1203 2075 1229 2102 in
1261 2082 1313 2110 qua
1341 2075 1435 2103 scribit
1461 2074 1576 2102 Rufinus
1608 2082 1700 2109 parem
1729 2073 1809 2102 haberi
1828 2071 1852 2098 de

1092 2119 1167 2147 libris
1191 2120 1249 2155 ejus
1279 2119 1386 2148 violatis
1411 2119 1626 2155 querimoniam?
1651 2120 1751 2147 Deinde
1771 2116 1851 2145 nonid

1092 2164 1159 2191 velle
1181 2164 1309 2192 Ruﬁnum
1333 2165 1460 2196 diximus,
1478 2172 1646 2200 quacunque
1669 2164 1787 2192 haeretica
1801 2167 1850 2190 sunt

1053 2218 1077 2248 υ
1091 2207 1118 2236 in
1132 2209 1255 2245 Origenis
1274 2210 1515 2242 lucubrationibus,
1533 2210 1720 2238 haereticorum
1735 2216 1802 2239 esse,
1814 2208 1849 2234 sed

1092 2263 1123 2283 ea
1141 2261 1243 2283 tantum
1265 2256 1365 2291 quibus
1386 2260 1568 2291 repugnantes
1586 2256 1735 2283 sententias
1746 2253 1850 2288 Origenes

1093 2303 1221 2330 asseruit.
1239 2302 1266 2329 ln
1284 2301 1396 2337 epistola
1409 2309 1516 2336 quoque
1533 2301 1569 2329 65
1590 2302 1623 2328 ad
1637 2300 1822 2328 Pammachium
1830 2302 1850 2324 et

1093 2348 1240 2380 Oceanum,
1254 2355 1313 2382 cap.
1328 2347 1355 2381 4,
1371 2347 1452 2374 ruulta
1466 2347 1491 2374 in
1508 2348 1632 2374 eamdem
1646 2346 1797 2374 sententiain
1807 2343 1850 2371 llie

1094 2400 1222 2428 ronymus
1236 2393 1338 2427 colligit
1349 2412 1357 2425 ,
1372 2393 1497 2427 idemque
1511 2393 1604 2425 habet,
1621 2393 1693 2427 quod
1708 2392 1733 2419 in
1748 2390 1849 2424 Apologia

1093 2439 1216 2466 adversus
1235 2437 1358 2473 Ruﬁnum
1374 2438 1539 2473 propositum
1553 2443 1606 2470 est,
1621 2443 1648 2465 et
1674 2445 1689 2465 a
1705 2437 1775 2464 nobis
1787 2440 1847 2467 supra

1091 2485 1268 2514 confutatum.
1295 2491 1390 2518 nempe
1410 2483 1566 2511 defensores
1583 2483 1705 2519 Origenis
1729 2481 1847 2509 Eusebium

1092 2535 1119 2557 et
1130 2529 1285 2565 Didymum.
1296 2530 1346 2557 hac
1358 2530 1530 2565 responsione
1540 2536 1599 2564 quae
1610 2537 1642 2556 ex
1651 2530 1772 2555 librorum
1784 2524 1847 2559 ipsius

1091 2575 1315 2610 constupratione
1333 2576 1443 2610 petitur,
1467 2575 1578 2602 tninirne
1605 2582 1668 2602 usos
1687 2574 1773 2601 fuisse.
1795 2570 1846 2596 Tum

1092 2621 1152 2647 ait:
1178 2621 1279 2648 «Solus
1299 2621 1426 2648 inventus
1450 2625 1492 2648 est
1514 2620 1657 2656 Origenes,
1680 2619 1752 2654 cujus
1766 2616 1844 2649 scripta

1093 2666 1121 2692 in
1138 2671 1193 2693 toto
1207 2666 1271 2694 orbe
1288 2666 1463 2694 falsarentur.
1475 2676 1486 2694 ι
1504 2668 1579 2694 Itane
1591 2667 1673 2694 vero?
1685 2667 1773 2693 Annon
1783 2669 1846 2690 evan-

1093 2712 1248 2747 gelistarum
1263 2713 1500 2747 apostolorumque
1523 2714 1622 2747 scripta
1636 2712 1765 2740 adulteras
1778 2709 1842 2735 haere-

1093 2759 1206 2786 ticorum
1221 2766 1318 2786 manus
1329 2760 1491 2786 senserunt?
1503 2758 1600 2786 Parum
1608 2765 1713 2794 quoque
1722 2752 1842 2788 valetquod

1092 2803 1275 2831 subnectitur:
1294 2814 1303 2830 ι
1316 2804 1374 2840 Ipse
1387 2804 1517 2840 Origenes
1538 2806 1564 2833 in
1577 2802 1687 2840 epistola
1709 2809 1780 2839 quam
1792 2798 1842 2827 scri-

1092 2849 1131 2877 bit
1144 2850 1177 2877 ad
1195 2849 1362 2884 Fabianum,
1380 2851 1565 2886 poenitentiam
1577 2853 1643 2886 agit,
1658 2858 1704 2878 cur
1730 2848 1782 2876 talia
1792 2843 1842 2873 scri-
