1927 3076
79 142 149 170 1201

614 142 901 176 ORIGENIANORUM
921 145 986 175 LIB.
1007 147 1040 182 li,
1060 146 1135 177 CAP.
1157 146 1205 176 lli.

1634 153 1703 181 “0'2

76 199 183 233 pserit;
204 203 233 227 et
249 207 356 228 causam
371 202 531 230 temeritatis
545 202 573 231 in
584 203 753 233 Ambrosium
771 206 864 241 refert,
879 212 901 241 Α
919 207 1072 242 requirendi
1088 215 1148 235 esse
1168 208 1308 242 discussa;
1323 218 1332 235 ι
1350 213 1376 237 et
1393 210 1471 244 paulo
1484 215 1554 245 post,
1573 218 1646 240 num.
1664 211 1698 241 ὅς

75 246 153 279 (ιιιοά
168 251 275 273 secreto
290 247 361 274 edita
388 248 413 275 iu
439 249 573 283 publicum
594 251 756 285 protulerit:
771 262 782 280 ι
799 261 860 282 nam

76 299 129 318 nec
147 292 290 320 inereticus
307 293 351 320 ille
364 298 413 326 est,
432 302 481 322 nec
496 296 634 325 habendus
647 303 701 331 est,
718 306 798 333 quem
822 305 863 328 te-

76 345 155 365 mere
172 338 306 366 dictorum
321 340 449 374 pcenituit
481 341 558 369 Aliud
574 348 704 377 praeterea
718 344 759 371 his
773 346 861 374 verbis

74 385 200 420 suggerit
223 385 300 413 nobis
327 386 487 414 defendendi
515 388 642 424 Origenis
672 395 861 424 argumentum

75 428 274 466 Hieronymus;
299 439 439 467 perperam
465 433 569 462 scilicet
586 435 620 462 ab
643 435 786 463 Ambrosio
804 436 863 463 vui-

72 480 155 511 gatos
170 477 252 505 fuisse
270 478 392 511 codices,
410 486 477 514 quos
499 480 704 508 exercitationis
718 482 803 516 gratia
818 489 862 509 se-

71 528 154 549 creto
173 521 302 557 Origenes
314 523 530 552 eluettbraveret.
555 525 623 553 Hinc
637 525 756 561 denique
780 526 860 555 refel-

71 568 141 596 litur
159 568 223 596 illud
239 569 347 597 Baronii
367 571 401 597 ad
416 578 460 598 au.
476 571 547 603 252,
567 578 627 606 cap.
643 571 676 598 10
690 579 698 599 :
715 580 724 598 ι
738 572 772 599 At
787 572 814 599 in
826 579 860 601 eo

70 617 150 640 certe
165 614 253 641 minus
266 615 441 642 excusatione
454 615 551 651 dignus
564 623 625 644 esse
646 617 761 652 videtur,
787 617 858 652 quod

69 667 137 687 cum
161 660 243 688 sciret
266 668 314 688 sua
329 661 363 688 ab
377 662 505 689 omnibus
521 662 684 698 impugnari,
701 668 860 692 retractato-

69 705 145 732 rium
162 705 262 733 nullum
278 706 394 735 ediderit
409 709 650 741 commentarium;
669 717 730 737 cum
748 709 797 744 ipsi
817 715 859 737 ta-

69 758 135 778 men
149 752 218 780 satis
230 752 277 779 otii
295 757 323 779 et
339 754 468 789 temporis
481 754 656 789 superfuerit,
672 760 701 782 ut
715 758 748 783 ad
765 764 859 785 omnes

68 798 214 826 catholica
229 798 289 826 fidei
307 807 444 832 numeros,
464 806 561 828 cuncta
585 808 645 837 quae
669 811 683 828 a
702 809 731 830 se
755 804 858 838 scripta

67 849 175 878 essent,
190 850 397 880 attemperaret:
408 856 418 873 Ι
435 855 496 874 llam
509 852 536 874 et
550 855 599 882 pro
614 850 770 876 retractario
784 857 857 876 conb-

67 892 201 918 ntertlario
218 892 309 919 haberi
327 897 416 928 potest
441 892 485 920 illa
505 893 538 920 ad
558 893 707 921 Fabianum
729 895 855 930 epistola,
872 886 893 914 Β

66 941 98 963 et
114 935 182 964 alios
197 936 307 972 insuper
332 937 445 966 fortasse
469 937 588 973 scripsit,
612 943 746 967 vetustate
761 939 856 968 deinde

66 987 256 1017 consumptos.

107 1026 154 1055 XI.
171 1028 238 1061 Quae
255 1029 288 1056 ad
311 1027 472 1064 frangendas
488 1028 612 1065 Origetiis
636 1035 853 1066 oppugnatorum

67 1073 268 1108 accusationes,
282 1081 399 1109 eumque
411 1075 540 1104 adversus
554 1075 703 1105 calumnias
716 1078 855 1112 tuendum,

65 1124 96 1147 et
119 1120 267 1148 immunem
291 1121 368 1157 culpa
396 1123 576 1157 praestandum
607 1122 698 1151 valere
720 1128 854 1157 poterant,

67 1167 229 1202 collegimus
244 1175 252 1195 :
268 1176 340 1196 nttnc
358 1168 422 1204 quid
439 1170 471 1196 ad
487 1177 548 1197 eum
563 1169 759 1203 excusandum,
779 1175 808 1198 et
821 1171 854 1198 ad

65 1213 270 1242 conciliandum
290 1215 364 1248 huic,
386 1215 468 1243 etiam
490 1217 604 1251 erranti,
624 1218 761 1245 hominum
778 1217 854 1245 favo-

67 1267 126 1286 rem
144 1258 277 1291 couferat,
292 1260 439 1288 videamus.
456 1260 635 1289 Utilissimum
646 1266 689 1290 est
708 1262 735 1289 in
748 1263 852 1297 primis,

66 1306 141 1342 quod
159 1305 259 1333 nullam
284 1305 311 1333 in
333 1307 515 1341 proponeudis
535 1308 709 1342 opinionibus
731 1310 853 1341 pervica-

65 1351 152 1383 ciam,
182 1350 282 1378 nullam
312 1351 338 1378 in
364 1351 541 1380 defendendis
570 1353 764 1388 pertinaciam,
795 1361 854 1389 qua:

66 1399 205 1433 prmcipua
233 1398 367 1426 haereseos
391 1403 454 1426 nota
480 1403 540 1431 est,
571 1406 627 1434 prze
656 1407 686 1427 se
709 1398 782 1432 fert,
806 1400 854 1427 sed

64 1444 203 1472 ﬂuctuans
217 1451 324 1479 semper
339 1449 366 1471 et
376 1444 496 1472 incertus
510 1445 626 1480 cogitata
643 1453 691 1473 sua
706 1445 809 1480 profert
825 1447 852 1474 in

65 1491 198 1523 medium,
213 1490 325 1518 solemni
340 1491 390 1518 hac
406 1490 498 1518 vocula
515 1491 633 1527 μήποτε,
653 1499 713 1527 qua:
727 1493 854 1520 haesitan-

65 1538 103 1565 tis
116 1543 168 1570 est,
182 1538 313 1566 lectorum
331 1538 436 1567 animos
449 1546 594 1574 occupans,
611 1545 639 1567 et
654 1540 850 1575 disputationes

63 1592 131 1612 suas
145 1585 263 1618 ordiens,
276 1585 437 1621 easdemque
448 1591 575 1614 consueta
589 1587 768 1615 obtestatione
783 1595 849 1615 con-

64 1631 193 1661 cludens.
206 1639 258 1666 qua
273 1632 414 1660 universos
430 1633 462 1659 ad
473 1632 525 1659 alia
542 1634 735 1668 perscrutanda
747 1639 775 1661 et
786 1642 849 1670 pro-

63 1679 192 1712 ponenda
213 1678 355 1712 hortatur,
379 1684 504 1714 paratum
529 1687 558 1706 se
580 1679 735 1714 significans
754 1687 768 1707 a
794 1681 850 1708 suis

63 1724 216 1756 discedere,
238 1724 272 1751 ad
298 1724 407 1752 meliora
434 1725 563 1752 transire.
588 1725 664 1759 Saepe
687 1726 794 1760 quidem
823 1726 850 1753 in

63 1770 145 1798 libris
159 1770 228 1804 Περὶ
244 1770 344 1805 ἀρχῶν
358 1771 550 1799 dubitationem
563 1779 639 1799 suam
658 1772 768 1806 fatetur,
792 1772 848 1799 vel-

62 1821 96 1844 ut
113 1816 159 1844 lib.
174 1824 193 1848 t,
208 1824 267 1851 cap.
284 1816 313 1849 6,
330 1825 404 1844 ltllm.
426 1818 438 1844 1
458 1826 465 1845 :
487 1827 496 1843 ι
517 1817 581 1851 Quae
604 1818 710 1853 quidem
732 1826 748 1845 a
772 1818 850 1845 nobis

63 1860 150 1888 etiam
168 1869 229 1888 cum
245 1869 340 1897 magno
355 1867 426 1890 metu
439 1867 466 1890 et
480 1863 585 1890 cautela
600 1863 736 1896 dicuntur,
758 1863 850 1890 discu-

64 1907 198 1936 tientibus
216 1909 301 1944 magis
314 1914 340 1936 et
361 1910 600 1944 pertractantibus,
618 1917 699 1944 quain
716 1917 763 1944 pro
774 1914 849 1936 certo

62 1962 98 1981 ac
109 1955 221 1982 definito
235 1956 424 1983 statuentlbus.
451 1955 598 1983 indicatum
611 1963 746 1991 uaniquea
768 1955 845 1983 nobis

63 2000 91 2028 in
108 2001 294 2035 superioribus
312 2005 362 2035 est,
380 2007 440 2036 quite
461 2002 516 2029 sint
530 2003 562 2029 de
584 2003 681 2036 quibus
702 2001 845 2029 manifesto

62 2047 190 2082 dogmate
207 2047 405 2075 terminandum
422 2048 468 2080 sit,
480 2048 550 2083 quod
572 2053 599 2075 ct
612 2055 660 2083 pro
679 2049 782 2076 viribus
798 2056 848 2075 nos

62 2092 162 2120 fecisse
183 2098 256 2127 puto,
285 2101 346 2120 cum
365 2093 399 2120 de
411 2093 543 2120 Trinitate
564 2094 744 2128 loqueremur.
772 2093 848 2121 Nunc

61 2145 154 2166 autem
181 2139 334 2173 disputandi
357 2139 448 2174 specie
468 2140 561 2174 magis,
589 2148 669 2174 quam
691 2140 847 2172 definiendi,

62 2190 145 2220 prout
160 2193 310 2220 possumus,
332 2192 513 2213 exercemur:
531 2193 540 2211 ι
563 2186 635 2220 quod
653 2186 736 2212 iterat
751 2186 775 2212 in
794 2186 847 2214 line

918 263 927 280 ι
945 254 1007 281 ilico
1023 259 1102 289 prout
1115 255 1249 289 potuimus
1270 256 1303 282 de
1327 256 1478 284 rationabili
1503 258 1592 285 anima
1604 259 1697 286 discu—

916 300 1007 327 tienda
1024 302 1109 335 magis
1124 308 1138 326 a
1151 300 1310 336 legentibus,
1329 308 1410 336 quam
1423 307 1522 330 statuta
1536 311 1568 331 ac
1587 305 1698 332 deﬁnita

914 347 1084 382 protulimus.
1107 356 1117 374 ι
1141 346 1222 374 Plena
1246 353 1309 375 sunt
1332 348 1462 384 ejusmodi
1485 350 1696 378 obtestationum

913 393 1015 426 omnia,
1043 399 1058 420 e
1087 393 1184 428 quibus
1219 394 1360 422 nonnullas
1392 396 1501 424 adducit
1540 396 1696 432 Pamphilus

913 446 988 466 suam
1001 446 1047 472 pro
1064 438 1175 474 Origene
1187 438 1343 474 Apologiam
1359 441 1512 473 exordiens,
1528 448 1561 468 ex
1580 441 1693 476 ejusque

912 483 1080 510 haesitatione
1091 482 1285 510 validissimum
1301 484 1391 511 tuendi
1408 484 1491 520 ipsius
1506 490 1695 521 argumentum

912 529 1005 562 sumit,
1025 529 1104 564 idque
1123 536 1177 556 non
1193 530 1275 557 semel
1297 531 1460 559 adversariis
1481 531 1607 566 obiectat.
1627 533 1694 560 Hinc

911 575 1060 604 Gulielmus
1086 575 1245 604 Parisiensis
1271 577 1298 604 in
1332 582 1401 611 part.
1428 586 1448 610 ι,
1484 577 1522 605 De
1552 579 1692 612 ιιηὶιιαηο,

910 629 970 657 cap.
987 622 1031 656 l9,
1047 624 1103 651 inec
1118 624 1211 652 scribit
1227 634 1234 652 :
1252 634 1262 651 ι
1283 624 1350 652 Hinc
1364 629 1407 652 est
1424 631 1501 651 error
1515 624 1560 659 qui
1583 626 1694 659 imposi-

912 674 954 697 tus
969 670 1019 697 fuit
1041 677 1055 696 a
1076 670 1235 704 quibusdam
1259 670 1304 697 uni
1328 677 1344 698 e
1372 670 1514 705 praecipuis
1540 670 1694 698 doctoribus

909 716 1137 750 Christianorum,
1151 721 1178 745 et
1197 717 1247 744 iste
1269 717 1320 743 fuit
1341 724 1357 744 e
1374 716 1542 751 sapientibus
1563 709 1693 751 theologis

909 762 1076 794 Graecorum,
1091 767 1118 790 et
1128 767 1238 790 vocatus
1257 762 1307 790 fuit
1320 762 1463 798 Origenes.
1477 762 1627 797 Apparebit
1644 769 1694 790 au-

910 811 963 834 tent
976 807 1022 835 tibi
1039 808 1125 843 ipsum
1135 807 1285 835 nullatenus
1298 815 1330 835 es
1353 808 1485 836 sententia
1502 813 1529 836 et
1543 809 1693 836 assertione

910 853 1022 880 dixisse.
1037 862 1046 879 ι
1061 853 1110 886 Qui
1131 854 1219 881 minus
1234 858 1321 881 autem
1334 853 1403 881 hanc
1421 861 1469 889 pro
1479 853 1595 888 Origene
1613 862 1693 882 excu-

908 898 1039 925 sationem
1056 899 1258 933 usurpabimus.
1274 906 1334 926 cum
1354 899 1476 926 eamdem
1500 906 1548 934 pro
1566 899 1691 933 Origenis

906 943 1038 977 discipulo
1060 943 1189 979 Gregorio
1203 943 1406 979 Thaumaturgo
1427 946 1599 979 usurpaverit
1615 945 1690 973 Basia

906 989 968 1022 lius,
985 991 1065 1024 epist.
1086 990 1138 1017 641
1166 989 1262 1017 Merito
1282 990 1373 1025 itaque
1401 989 1622 1025 JoannesJ’icus
1638 991 1690 1018 Mi-

906 1035 1080 1069 randuianus,
1097 1037 1217 1064 secundo
1232 1036 1345 1064 articulo
1360 1036 1494 1071 Apologia:
1504 1044 1552 1071 pro
1564 1036 1687 1071 Origene,

905 1082 1000 1117 probat
1019 1089 1091 1115 eum,
1107 1083 1129 1110 si
1144 1082 1206 1115 quid
1223 1082 1283 1110 fidei
1298 1083 1386 1109 minus
1400 1090 1549 1110 consonum
1563 1083 1686 1117 scripsit.

908 1138 918 1155 ι
941 1136 1027 1164 neque
1042 1129 1205 1165 dogmatice,
1220 1136 1307 1164 neque
1324 1130 1463 1162 assertive,
1478 1130 1525 1157 sed
1539 1129 1688 1157 dubitativa

904 1184 1010 1212 semper
1022 1176 1210 1211 etinqulsitive
1225 1176 1386 1211 procedam;
1405 1184 1415 1202 ι
1434 1176 1569 1210 multaque
1592 1176 1688 1210 Orige-

905 1222 947 1249 nis
955 1226 1099 1256 congregat
1106 1221 1173 1253 loca,
1184 1221 1209 1247 in
1219 1221 1315 1255 quibus
1325 1225 1436 1255 apparet
1447 1220 1529 1255 ipsius
1539 1219 1687 1248 ﬂuctuatio.

939 1267 1050 1295 Multum
1063 1267 1143 1295 etiam
1165 1268 1324 1294 modestiam
1337 1266 1471 1301 Origcnis,
1491 1272 1520 1294 et
1540 1269 1688 1296 submissos

903 1322 935 1341 ac
948 1314 1061 1342 humiles
1075 1314 1107 1341 de
1127 1321 1167 1346 se,
1178 1319 1281 1347 suaque
1304 1313 1426 1340 doctrina
1446 1319 1540 1340 sensus
1560 1314 1688 1348 praedicat

903 1359 1058 1394 Pamphilus
1078 1359 1156 1386 initio
1170 1359 1304 1394 Apologia
1318 1366 1327 1385 :
1343 1364 1371 1386 et
1394 1360 1509 1393 merito;
1530 1360 1596 1394 quid
1613 1361 1686 1388 enim

904 1410 958 1433 tam
979 1405 1012 1432 ab
1027 1405 1122 1432 haeresi
1136 1404 1264 1437 alienum,
1287 1403 1363 1438 cujus
1377 1409 1466 1433 certus
1479 1406 1622 1434 character
1644 1409 1688 1433 est

903 1451 1048 1488 superbiai
1064 1451 1176 1479 Factum
1198 1452 1289 1486 itaque
1308 1451 1410 1486 optime
1431 1457 1472 1479 est
1496 1452 1529 1479 ab
1554 1452 1685 1485 lialloxio.

903 1506 964 1526 cum
987 1498 1015 1526 in
1040 1498 1098 1533 ejus
1116 1499 1293 1525 contestanda
1318 1498 1481 1525 deinissione
1501 1503 1528 1525 et
1556 1499 1686 1527 modestia

903 1551 1013 1578 operam
1028 1551 1104 1570 suam
1121 1543 1220 1577 posuit,
1243 1546 1271 1569 et
1280 1542 1338 1570 loca
1363 1542 1448 1577 ipsius
1474 1543 1556 1570 multa
1576 1551 1687 1571 coacer-

901 1590 983 1621 vavit,
997 1588 1072 1623 Orig.
1084 1589 1184 1622 delent.
1197 1587 1242 1614 lib.
1254 1595 1284 1620 ιι,
1297 1594 1357 1621 cap.
1369 1586 1397 1614 2.

939 1635 994 1662 XII.
1023 1635 1092 1669 Quid
1120 1635 1190 1669 quod
1221 1635 1418 1662 internecinum
1453 1641 1513 1661 cum
1551 1634 1687 1662 haereticis

901 1682 997 1708 bellum
1008 1686 1137 1716 perpetuo
1151 1681 1221 1715 gerit
1237 1680 1378 1715 Origenes,
1394 1680 1599 1713 Valentinianis,
1615 1681 1687 1708 Mar‘

901 1725 1032 1758 cionlstis,
1050 1725 1233 1758 Basilidianis,
1249 1725 1383 1759 Apellitis,
1399 1724 1576 1757 Helcesaitis;
1595 1733 1683 1760 eaque

901 1771 986 1797 teucri
1003 1778 1035 1797 ac
1054 1771 1127 1798 credi
1136 1770 1362 1804 duntaxatjubet,
1375 1777 1435 1804 quae
1455 1770 1488 1796 ab
1508 1769 1628 1797 Ecclesia
1642 1778 1684 1797 re‘

900 1823 976 1852 cepta
999 1822 1072 1844 sunt.
1093 1826 1102 1842 ι
1122 1815 1169 1843 illa
1184 1816 1252 1847 sola,
1276 1825 1286 1841 ι
1307 1815 1395 1850 inquit
1408 1815 1442 1846 ,in
1460 1814 1595 1843 Protemio
1613 1815 1682 1844 Iib.t

900 1863 969 1898 Περὶ
982 1862 1092 1898 ἀρχῶν,
1106 1870 1179 1889 num.
1196 1861 1226 1894 2,
1251 1871 1260 1888 ι
1283 1861 1415 1890 credenda
1438 1865 1481 1889 est
1498 1862 1609 1894 veritas,
1625 1870 1684 1897 qua:

900 1909 925 1936 in
949 1908 1022 1936 nullo
1046 1909 1081 1936 ab
1104 1907 1288 1935 ecclesiastica
1315 1912 1342 1934 et
1371 1907 1518 1941 apostolica
1548 1908 1685 1935 discordat

900 1955 1054 1986 traditione.
1080 1964 1090 1981 ι
1114 1954 1185 1988 quod
1212 1961 1282 1988 saepe
1308 1953 1429 1986 repetit;
1448 1958 1475 1980 et
1501 1953 1594 1981 homil.
1613 1954 1684 1982 16in

900 2001 964 2028 Luc.
980 2009 989 2028 :
1005 2009 1014 2027 t
1035 1999 1091 2035 Ego
1105 2007 1168 2027 vero
1181 2000 1242 2034 quia
1262 2004 1326 2033 opto
1354 2006 1413 2026 esse
1427 1999 1635 2032 ecclesiasticus,
1656 2005 1684 2027 et

900 2056 952 2074 non
970 2047 1003 2074 ab
1021 2045 1200 2073 haeresiarcha
1217 2045 1316 2080 aliquo,
1337 2045 1384 2073 sed
1401 2053 1416 2072 a
1433 2044 1533 2072 Christi
1552 2045 1683 2073 vocabulo

899 2092 1060 2127 nuncupari,
1080 2096 1107 2119 et
1122 2091 1221 2118 habere
1239 2099 1336 2134 qomen
1359 2091 1430 2126 quod
1448 2090 1622 2118 benediretur
1636 2098 1683 2118 su-

899 2147 947 2174 per
962 2145 1074 2171 terram.
1093 2144 1121 2166 et
1148 2139 1227 2174 cupio
1253 2144 1306 2165 tam
1330 2146 1420 2174 opere,
1443 2146 1524 2174 quam
1549 2147 1630 2167 sensu
1654 2144 1682 2167 et

899 2194 959 2214 esse
974 2190 1001 2214 et
1024 2187 1076 2214 dici
1091 2185 1273 2218 Christianus,
1288 2185 1418 2220 aequalem
1435 2191 1462 2213 et
1477 2186 1502 2213 in
1517 2186 1600 2213 veteri
1611 2191 1639 2213 et
1654 2187 1681 2214 in

63 2230 163 2265 capitis
186 2230 305 2264 ejusdem
339 2235 366 2257 et
389 2230 464 2257 initio
485 2230 632 2265 sequentis.
661 2230 697 2256 De
721 2231 846 2257 incarns-
863 2239 884 2266 υ
900 2240 967 2260 nova
993 2232 1050 2267 lege
1076 2239 1168 2267 quam)
1198 2228 1348 2259 rationem.
1382 2241 1391 2257 ι
1424 2232 1501 2260 Unde
1526 2232 1682 2268 Pamphilus

63 2277 137 2304 tione
159 2276 258 2304 Christi
280 2277 401 2304 dicturus
425 2276 482 2303 haec
513 2275 641 2310 praefatur
665 2276 708 2302 lib.
733 2284 751 2302 ll
775 2275 846 2310 Περὶ

60 2321 174 2357 ἀρχῶν,
188 2329 249 2357 cap.
267 2322 294 2354 6,
315 2330 389 2349 num.
411 2323 449 2349 2:
468 2331 477 2348 t
497 2322 535 2350 De
551 2330 604 2356 quo
618 2330 666 2349 nos
687 2330 738 2348 non
763 2329 848 2350 teme-

62 2370 144 2396 ritate
157 2369 256 2403 aliqua,
279 2369 326 2396 sed
348 2369 475 2404 quoniam
499 2369 566 2396 ordo
587 2368 638 2395 loci
665 2369 795 2402 deposcit,
811 2376 845 2395 ea

61 2416 150 2450 magis
170 2422 229 2450 qme
245 2415 310 2442 fides
324 2421 415 2442 nostra
431 2415 560 2448 continet,
578 2422 658 2449 quam
678 2422 737 2448 quae
749 2416 846 2441 huma»

62 2470 106 2490 nae
123 2462 237 2489 rationis
254 2462 370 2489 assertio
383 2461 521 2489 vindicare
538 2460 617 2494 solet,
636 2469 716 2495 quam
735 2461 845 2495 paucis-

61 2508 139 2535 simis
153 2507 331 2542 proferemus,
349 2507 516 2542 suspiciones
528 2507 618 2541 potius
633 2512 749 2539 nostras,
766 2514 845 2542 quam

62 2554 223 2582 manifestas
239 2553 343 2588 aliquas
358 2553 548 2581 aliirmatioues
565 2553 591 2580 in
618 2553 734 2580 medium
756 2552 846 2585 profe-

62 2607 163 2630 reutes.
181 2610 192 2627 ι
209 2600 263 2628 Nec
279 2600 360 2627 aliter
377 2607 453 2628 suam
475 2601 508 2627 de
520 2599 610 2627 anima
636 2599 844 2634 disputationem

62 2645 149 2681 accipi
176 2645 247 2677 vult;
273 2645 310 2671 ait
336 2645 408 2671 enim
430 2645 456 2671 in
481 2645 574 2671 eodem
601 2644 647 2671 lib.
668 2652 686 2671 ιι
707 2644 775 2678 Περὶ
792 2643 845 2678 ἀρ-

60 2690 133 2727 χῶν,
149 2698 208 2724 cap.
222 2691 248 2722 8,
267 2698 341 2718 num.
359 2689 394 2716 4:
415 2698 425 2715 ‹
439 2688 629 2717 Verumtamen
647 2691 718 2725 quod
729 2690 846 2717 diximus

62 2742 180 2765 utentem
199 2736 226 2763 in
244 2735 361 2762 animam
376 2734 456 2767 verti,
472 2735 514 2762 vel
527 2735 550 2762 si
563 2743 614 2770 qua
627 2735 678 2762 alia
698 2735 725 2762 in
741 2736 792 2763 hoc
807 2736 845 2763 vi-

61 2783 162 2810 dentur
173 2782 306 2816 aspicere,
321 2781 447 2809 discutiat
460 2781 531 2815 apud
551 2789 580 2809 se
596 2782 642 2816 qui
656 2782 720 2816 legit
732 2782 847 2818 diligen-

62 2831 116 2858 tius
143 2835 170 2857 et
190 2834 356 2864 pertractet;
387 2836 402 2856 tt
429 2828 506 2855 nobis
531 2832 619 2855 tamen
648 2836 700 2855 non
719 2834 846 2863 putentur

62 2877 137 2905 velut
153 2877 278 2913 dogmata
292 2883 353 2905 esse
368 2874 482 2911 prolata,
503 2873 550 2903 sed
572 2874 705 2903 tractandi
723 2882 797 2904 more
814 2882 847 2904 ac

897 2279 1031 2313 Apologite
1058 2287 1119 2314 cap.
1148 2279 1161 2306 1
1181 2288 1188 2306 :
1215 2289 1224 2305 ι
1253 2279 1310 2307 Hoc
1330 2279 1400 2306 idem
1419 2278 1484 2306 facit
1505 2279 1587 2306 etiam
1607 2279 1681 2314 (Ori-

897 2325 989 2360 gentes)
1014 2332 1075 2352 cum
1097 2325 1283 2352 haereticorum
1313 2325 1424 2352 disCutit
1450 2329 1550 2357 sectas,
1583 2326 1682 2360 quibus

896 2370 1023 2397 onmibtts
1044 2369 1190 2397 confutatis
1214 2374 1296 2405 atque
1320 2370 1462 2403 convictis,
1485 2379 1566 2398 unatn
1594 2371 1681 2399 solam

895 2423 1020 2450 eamque,
1034 2423 1114 2450 quain
1137 2423 1218 2451 supra
1243 2417 1378 2451 expasuit,
1403 2417 1543 2444 catholica:
1559 2418 1681 2445 veritatis

897 2461 1057 2488 sententiam
1078 2465 1161 2488 tenet.
1181 2461 1218 2488 De
1244 2462 1342 2496 quibus
1362 2462 1473 2497 singulis
1495 2463 1610 2497 qualiter
1638 2470 1681 2490 rev

895 2507 1034 2541 sponderit
1056 2506 1201 2539 hatreticis,
1231 2513 1258 2534 et
1280 2509 1414 2543 quomodo
1444 2509 1568 2535 universa
1587 2516 1679 2536 eorum

896 2554 1020 2587 dogmata
1045 2553 1188 2580 destruens
1211 2553 1267 2588 ipse
1288 2561 1396 2589 semper
1417 2555 1591 2589 apostolicam
1610 2563 1677 2582 con-

896 2598 1149 2639 ﬁrmaveritlidem,
1164 2597 1187 2625 si
1206 2597 1431 2626 velimus°omnes
1452 2600 1599 2627 sententias
1621 2600 1679 2634 ejus

895 2651 1072 2679 congregare,
1087 2649 1115 2671 et
1127 2643 1237 2678 longum
1254 2643 1322 2671 satis
1338 2648 1389 2677 est,
1402 2649 1430 2671 et
1444 2645 1497 2672 erit
1521 2650 1574 2673 tam
1600 2647 1678 2674 nobis

895 2691 941 2725 qui
955 2690 1099 2718 scribimus
1118 2697 1273 2722 onerosum,
1296 2697 1376 2724 quam
1406 2690 1558 2725 legentibus
1588 2693 1678 2720 taedio-

896 2743 965 2763 sum.
988 2745 997 2761 I
1014 2734 1139 2763 Profecto
1155 2735 1283 2768 hereses,
1302 2735 1498 2770 liaereseonque
1514 2737 1650 2772 principes
1664 2745 1678 2765 a

896 2783 1010 2818 pueritia
1027 2789 1112 2817 usque
1125 2782 1192 2810 adeo
1199 2783 1386 2815 aversabatur,
1400 2788 1429 2810 ut
1439 2784 1524 2811 Paulo
1538 2785 1677 2818 baareticu,

896 2828 1052 2856 excellentis
1081 2828 1144 2856 licet
1170 2828 1304 2857 facundia:
1326 2830 1395 2861 viro,
1422 2829 1449 2857 in
1477 2831 1679 2865 precationibus

896 2875 1022 2904 assistere
1037 2882 1176 2911 nunquam
1190 2874 1322 2911 .voluerit,
1344 2875 1450 2904 etiamsi
1466 2876 1561 2905 eodem
1584 2884 1616 2905 ac
1634 2875 1680 2905 ille
