1927 3076
251 146 322 176 nos

879 144 909 172 P.
930 145 1087 173 DANIELIS
1105 146 1221 175 HUETII

1797 147 1859 175 “(ll

252 205 428 232 contubernio
457 207 576 230 uteretur
598 211 603 229 :
626 202 778 234 Φυλάττων.
797 202 881 237 inquit
902 203 1030 231 Eusebius
1044 208 1066 234 Α
1080 213 1139 239 quae
1153 213 1204 231 non
1218 205 1318 239 possint
1336 212 1525 239 perversurum
1545 203 1681 231 hominum
1699 203 1857 231 calumniam

252 251 298 279 lib.
315 259 341 277 vt
356 250 468 280 Ηὶιιον..
488 249 583 282 cap.‘2,
597 248 627 280 ἐξ
639 248 779 280 ἕτιπαιδὸς
795 248 893 275 κανόνα
910 249 1027 284 Ἐκκλη-

253 297 323 328 ciu,
341 294 544 331 βδελυττόμενός
564 303 605 326 τε,
622 293 659 325 ὼς
681 293 754 328 αὑτῷ
770 294 870 329 ῥήματι
894 295 961 330 φησι
977 303 1029 321 που

253 342 343 374 αὐτὸς,
369 341 417 372 τὰς
446 340 500 367 τῶν
524 340 653 377 αἰρεσέων
672 339 853 372 διδασκαλίας.
882 349 891 366 1
914 341 1030 368 Servans

254 386 378 414 Ecclesia:
393 386 511 421 regulam
524 385 578 420 jam
598 386 658 412 inde
675 394 689 412 a
709 393 802 420 puero,
819 391 846 412 et
866 391 894 412 ut
917 386 1031 421 ipsemet

253 432 350 459 alicubi
367 432 493 467 loquitur,
507 433 642 460 btereseon
656 432 790 459 doctrinas
803 433 970 459 abominans.
983 441 993 458 1

290 477 357 504 Xlll.
376 478 457 505 Suam
476 483 603 512 praeterea
623 478 649 504 iu
670 477 812 505 scribendo
829 477 1030 505 festinationem

253 522 360 558 Origeni
377 523 499 550 nocuisse
513 523 640 550 credibile
658 527 700 550 est
716 530 723 555 ;
739 530 800 549 nam
819 531 879 550 cttm
903 528 941 550 tot
962 523 1032 550 inter

251 576 332 597 curas
344 569 462 596 animum
480 569 652 602 distraheret,
669 576 721 604 qua
756 569 837 597 verba
860 569 983 597 faciendo
996 570 1029 598 ad

253 615 390 650 populum,
411 622 463 649 qua
486 615 697 642 catechumenos
714 615 887 648 instituendo,
904 623 954 650 qua
972 624 1031 642 11111-

254 661 297 687 nia
308 661 397 687 omnia
410 661 516 695 pietatis
529 660 710 694 exsequendo,
732 669 785 688 non
802 661 913 688 multum
925 661 1031 689 scilicet

255 706 381 733 succisivi
394 710 532 740 supererat
545 706 593 733 otii
609 706 642 732 ad
658 705 835 733 elaborandas
851 707 1030 741 scriptiones;

254 751 418 785 proindeque
436 750 505 785 quod
524 750 575 785 piis
595 750 833 779 exercitationibus
864 750 1033 785 impenderat

255 796 393 831 temporis,
408 804 511 824 summa
524 797 660 832 diligentia
679 797 900 832 reprmsentabat,
924 802 951 825 ut
972 798 1033 833 plus

254 847 356 877 septem
380 844 500 871 notarios
516 844 660 872 scribendo
683 844 855 878 defatigaret,
876 849 1031 880 tantumque

1080 251 1223 278 declinare.
1254 260 1263 276 1
1296 250 1440 278 Reddimus
1465 251 1554 285 itaque
1583 250 1749 285 Hieronymo
1789 258 1861 278 vove:

1079 302 1152 328 suas,
1168 300 1194 321 et
1209 295 1280 330 quod
1290 302 1338 329 pro
1350 295 1408 322 aliis
1423 294 1510 322 valere
1523 295 1592 326 vult,
1609 295 1727 329 idipsum
1744 302 1796 328 pro
1807 293 1861 323 Ori-

1081 348 1149 376 gene
1159 344 1187 366 ut
1199 340 1297 371 valeat.
1311 339 1370 374 jure
1384 344 1475 367 nostro
1490 341 1667 373 postulamus.

1115 384 1173 412 XV.
1187 385 1306 420 Denique
1318 392 1377 412 cum
1394 385 1419 411 in
1432 384 1542 420 epistola
1551 384 1594 416 65,
1613 391 1673 419 qua:
1686 387 1730 411 est
1745 384 1781 410 ad
1793 382 1862 411 Pan)

1081 431 1213 458 macbium
1234 435 1261 457 et
1283 429 1429 463 Oceanum,
1453 437 1514 464 cap.
1535 429 1563 462 4,
1590 429 1751 457 testiﬁcetur
1772 428 1861 456 Hiero-

1080 485 1195 512 nymus,
1221 482 1251 504 ut
1271 477 1370 504 dictum
1400 476 1520 510 superius
1550 485 1565 503 a
1593 477 1670 504 nobis
1710 481 1763 507 est,
1791 483 1861 502 erro-

1082 531 1140 549 rum
1180 530 1289 550 suorum
1324 521 1464 556 Origenem
1498 521 1673 556 potnituisse,
1707 521 1790 556 idque
1813 520 1859 547 Fa-

1081 569 1161 596 biano
1200 576 1275 604 papa:
1308 568 1392 602 ipsum
1420 567 1583 603 signiﬁcasse
1618 575 1666 602 per
1695 567 1814 598 litteras,
1838 573 1862 595 et

1082 614 1241 642 temeritatis
1265 621 1375 642 causam
1401 613 1427 640 in
1451 613 1622 640 Ambrosium
1646 612 1784 643 retulisse,
1797 613 1862 647 quod

1081 665 1185 687 secreto
1201 659 1273 687 edita
1284 659 1462 694 publica-aet;
1479 659 1502 687 is
1523 659 1556 686 ab
1576 658 1647 686 omni
1676 659 1813 686 haereseos
1825 658 1860 685 111-

1082 706 1161 733 famia
1179 705 1258 740 plane
1283 705 1445 736 vindicatur,
1470 713 1521 739 qua
1539 705 1556 732 ii
1578 710 1709 732 notantur
1726 705 1861 735 duntaxat,

1081 752 1138 786 qui.
1156 756 1255 778 temere
1293 751 1462 786 pronuntiata
1496 751 1666 786 pertinaciter
1701 750 1856 778 defendunt.

1083 796 1188 831 Optime
1211 797 1236 823 id
1258 804 1306 831 pro
1332 797 1432 830 ingenii
1457 796 1497 824 sui
1527 796 1736 831 perspicacitate
1765 796 1863 823 notarit

1084 843 1162 871 Picus
1177 843 1375 870 Mirandulanus
1401 847 1454 870 art.
1476 842 1494 870 4
1513 842 1646 878 Apologia:
1667 849 1724 870 suae
1746 841 1862 876 111-11011-

254 890 382 917 librorum
408 890 523 918 ediderit
545 891 572 918 in
601 891 753 926 publicum,
771 877 813 918 iul
840 891 962 918 mirabile
983 877 1029 920 sit.
1046 877 1067 907 Β
1081 897 1169 924 gene:
1194 888 1358 924 (45);\erunt
1381 889 1469 916 minus
1495 892 1568 915 recte
1589 877 1692 915 addidit
1722 887 1862 922 Origene-II

255 935 312 968 Quo
336 934 436 962 factum
461 940 521 967 est,
545 940 574 962 ut
596 943 666 970 saepe
688 943 749 962 eum
776 935 958 969 σοΛοικίζοντσ.
987 937 1033 964 de—

254 981 489 1016 prehenderimus;
510 981 600 1009 animo
616 982 696 1009 rebus
723 982 835 1012 intortio.
854 982 887 1009 ad
906 982 1034 1010 orationis

254 1028 463 1060 compositurum
477 1027 621 1054 incurioso.
637 1027 706 1061 Quid
731 1034 796 1062 ergo
822 1027 918 1054 mirum
943 1028 1033 1063 aliqua

255 1079 308 1100 nou
323 1071 388 1098 satis
403 1075 481 1098 caute
493 1071 563 1098 dicta
587 1070 650 1098 hinc
666 1070 800 1097 interdum
813 1071 964 1098 excidisse?

290 1116 358 1144 XIV.
387 1116 557 1144 Potissimum
584 1124 649 1143 vero
671 1116 748 1150 juvat
774 1117 935 1152 Origenem,
964 1116 1035 1151 quod

255 1163 415 1196 qumtiones
429 1162 561 1196 pleraeque
585 1162 700 1190 nondum
719 1161 825 1190 fuerant
849 1161 1034 1196 theologorum

256 1208 480 1243 disputatiOnibus
494 1208 629 1236 ventilata
653 1213 681 1235 et
699 1208 851 1241 illustratae,
872 1215 923 1236 nec
943 1208 1035 1236 Eccle-

256 1254 305 1281 siae
325 1253 441 1281 decretis
464 1258 491 1281 et
517 1254 703 1281 sanctionibus
728 1254 857 1282 deﬁnitae.
882 1254 948 1281 Avia
971 1261 1036 1287 ergo

256 1299 364 1333 loca,et
375 1299 473 1327 nullius
484 1305 548 1327 ante
563 1299 620 1328 solo
639 1300 701 1327 trita
715 1304 891 1335 peragrantes
905 1299 1034 1334 theologi,

257 1353 316 1380 quae
327 1345 448 1380 proxima
466 1346 499 1373 ad
516 1352 609 1372 verum
625 1345 764 1373 videbatur
777 1345 831 1376 via,
848 1346 898 1372 hac
910 1344 1035 1372 fereban-

259 1396 303 1418 tur
316 1390 469 1423 confestim,
482 1395 509 1418 et
519 1391 683 1418 aberrabant
695 1398 776 1426 saepe,
794 1391 841 1418 sed
857 1391 932 1418 venia
955 1392 1036 1425 digno

257 1444 360 1469 errore,
380 1437 496 1464 non-lum
513 1442 586 1465 recto
603 1438 710 1465 tramite
729 1444 777 1471 per
797 1437 943 1464 Ecclesiam
965 1445 1038 1464 mon-

258 1486 352 1511 strato.
369 1482 444 1514 Quod
464 1482 526 1510 aliis
558 1482 638 1517 igitur
662 1481 788 1512 Patribus
811 1482 924 1517 benigne
939 1483 1039 1510 condo-

259 1528 317 1555 nari
338 1528 415 1560 solet,
429 1527 500 1554 idem
515 1533 543 1554 ut
565 1527 734 1562 indulgeatur
755 1526 862 1562 Origeni
878 1535 983 1562 aequum
1006 1534 1037 1554 ac

1083 940 1145 962 ante
1161 935 1358 970 sexagesimum
1384 934 1471 961 aetatis
1492 940 1546 961 suae
1567 940 1666 961 annum
1690 932 1779 960 multa
1807 932 1865 959 tita-

1082 979 1178 1007 banter
1193 979 1362 1014 proposuisse
1376 998 1384 1010 .
1408 982 1501 1013 utpote
1520 978 1548 1005 in
1563 977 1721 1011 theologicis
1741 978 1864 1011 quastio-

1083 1026 1161 1053 nibus
1174 1026 1290 1053 nondum
1302 1026 1368 1053 satis
1386 1025 1525 1053 subactum
1540 1033 1547 1057 ;
1572 1032 1632 1060 quas
1648 1032 1716 1052 vero
1743 1025 1864 1058 deinceps

1083 1071 1258 1103 elucubravit.
1276 1076 1337 1104 puta
1349 1070 1431 1098 libros
1446 1076 1537 1098 contra
1552 1070 1666 1104 Celsum,
1679 1075 1708 1098 et
1733 1069 1866 1098 Cosa-tcu-

1085 1117 1153 1144 laria
1177 1117 1203 1142 in
1223 1115 1378 1142 Matt/ta'u‘m
1393 1137 1401 1148 ,
1416 1123 1448 1143 ea
1470 1120 1525 1143 tum
1550 1116 1707 1150 scripsisse.
1731 1123 1796 1143 cum
1815 1115 1864 1148 jam

1084 1163 1216 1192 catholica
1234 1163 1332 1190 veritas
1348 1162 1399 1197 ipsi
1421 1161 1515 1190 fuisset
1532 1167 1672 1196 comperta
1693 1170 1700 1188 :
1722 1162 1803 1196 quasi
1819 1169 1864 1188 non

1085 1209 1166 1237 iidem
1184 1213 1358 1243 compareant
1378 1207 1406 1235 in
1421 1207 1455 1235 iis
1467 1214 1586 1241 errores,
1600 1215 1668 1242 quos
1682 1207 1711 1235 in
1733 1207 1864 1242 prioribus

1086 1255 1239 1282 admiserat.

1122 1300 1189 1328 XVI.
1218 1299 1350 1333 Quoniam
1375 1303 1464 1326 autem
1490 1299 1644 1327 defensores
1666 1299 1795 1334 Origenis
1812 1307 1866 1334 per-

1086 1354 1225 1375 censemus
1241 1347 1290 1373 hoc
1303 1345 1402 1380 capite,
1417 1350 1446 1373 et
1459 1353 1519 1380 qua».
1542 1345 1577 1372 illi
1605 1346 1706 1372 tuendo
1729 1346 1865 1373 commoda

1087 1399 1147 1420 esse
1161 1396 1283 1426 possunt,
1303 1392 1457 1419 summatim
1478 1391 1638 1425 colligimus,
1657 1390 1735 1418 locus
1752 1397 1804 1418 nos
1825 1391 1866 1418 ad‘

1088 1443 1188 1471 monet,
1205 1441 1235 1465 ut
1248 1437 1382 1472 Apologia:
1404 1437 1454 1464 sub
1480 1437 1587 1464 nomine
1614 1436 1749 1471 Pamphili
1774 1444 1823 1472 pro
1837 1443 1867 1464 eo

1087 1484 1204 1518 scriptae,
1226 1482 1302 1518 cujus
1329 1482 1514 1510 testimonium
1538 1487 1593 1509 toto
1615 1482 1667 1510 hoc
1691 1489 1778 1517 opere
1803 1490 1868 1517 sape

1089 1529 1269 1561 adhibuimus,
1284 1536 1377 1556 verum
1396 1535 1427 1556 ac
1447 1528 1594 1563 legitimum
1611 1532 1751 1556 auctorem
1771 1528 1866 1555 indice-

260 1579 353 1600 rerum
370 1578 417 1600 est.
434 1573 562 1606 Quaenam
577 1578 667 1600 autem
680 1573 815 1601 communi
835 1572 961 1600 Ecclesiae
977 1580 1037 1601 con-
1050 1574 1071 1603 C
1089 1582 1157 1602 mus.
1184 1573 1372 1601 Lucubrationi
1398 1574 1459 1601 huic
1481 1581 1495 1600 a
1514 1581 1545 1601 se
1573 1572 1676 1600 Latinis
1701 1573 1802 1600 litteris
1817 1573 1867 1600 red-

259 1626 338 1646 sensu
349 1625 396 1646 sua
408 1623 487 1646 (male
501 1623 606 1652 recepta
619 1623 647 1645 el
663 1618 772 1653 probata
791 1623 893 1650 essent,
908 1622 963 1644 111111
981 1625 1039 1652 quae

260 1665 287 1692 111
306 1669 447 1699 utramque
464 1669 568 1699 partem
592 1669 701 1699 possent
713 1664 859 1700 disputari,
884 1671 965 1692 causa
983 1664 1038 1691 dis-

261 1710 511 1738 tinctionesecrevit
527 1710 583 1743 ipse
597 1708 726 1744 Origenes
749 1709 776 1737 in
792 1709 927 1737 Prommio
946 1708 1005 1736 libri
1031 1715 1038 1735 l

260 1754 450 1790 Περὶάρχῶν.
470 1755 497 1782 111
513 1759 678 1789 postremum
700 1754 771 1782 hunc
794 1762 903 1782 sensum
931 1754 1040 1788 conjicit

260 1801 421 1835 quaestiones
430 1801 464 1828 de
477 1801 574 1828 anima:
592 1800 708 1835 origine,
719 1801 752 1828 de
766 1805 860 1827 natura
882 1799 1039 1835 angelorum

260 1853 288 1874 et
303 1848 464 1879 daemonum,
484 1847 517 1874 de
538 1846 570 1874 iis
584 1853 644 1881 quae
659 1846 750 1874 mundi
775 1850 863 1873 ortum
887 1851 1040 1873 antecesse-

261 1897 334 1925 runt,
352 1897 380 1919 ct
393 1899 453 1927 quae
465 1896 525 1927 post
539 1892 598 1927 ejus
618 1892 755 1919 interitum
774 1891 864 1919 futura
880 1896 954 1924 sunt,
970 1890 1038 1917 alia-

261 1945 313 1972 que
328 1937 464 1965 nonnulla.
487 1937 587 1965 Eadem
612 1938 638 1964 In
660 1937 741 1964 simili
756 1944 836 1965 causa
852 1945 917 1965 usus
938 1941 978 1965 est
991 1944 1040 1964 ex-

261 1983 383 2017 ceptione
396 1982 572 2018 Hieronymus
588 1983 633 2010 lib.
649 1991 668 2010 11
693 1983 804 2018 Apolog.
816 1984 918 2010 advers.
932 1982 1038 2017 Ruﬁn.,

261 2035 320 2063 cap.
337 2028 365 2061 1,
381 2035 441 2055 cum
456 2032 559 2055 veteres
586 2027 712 2055 Ecclesiae
735 2029 894 2063 scriptores,
919 2035 1032 2063 quorum

261 2073 369 2101 codices
393 2073 532 2100 erroribus
560 2073 651 2100 infecti
681 2078 753 2107 sunt,
776 2080 909 2101 excusare
932 2073 1012 2101 vellet
1032 2082 1038 2100 :

264 2128 273 2144 1
295 2118 365 2146 Fieri
383 2123 469 2154 potest
489 2123 517 2146 ut
539 2122 681 2153 antequam
712 2120 739 2146 in
762 2119 938 2151 Alexandria,
963 2119 1039 2154 quasi

261 2165 422 2192 daEIIIOIlilllll
445 2163 633 2195 meridianum,
658 2165 738 2192 Arius
766 2170 934 2197 nasceretur,
963 2165 1041 2192 inno-

262 2214 355 2238 center
367 2211 488 2246 quaedam
514 2215 540 2236 ct
564 2211 651 2238 minus
671 2216 750 2238 caute
774 2211 854 2238 locuti
871 2221 880 2238 1
894 2212 966 2244 sint,
985 2220 994 2237 t
1012 2217 1040 2239 et

1088 1620 1150 1647 dita;
1169 1619 1297 1655 Pamphili
1311 1627 1407 1647 nomen
1425 1619 1538 1646 Ruﬁnus
1561 1619 1735 1654 ascripserat,
1764 1619 1802 1646 uti
1825 1619 1868 1646 bo-

1087 1663 1183 1698 dieque
1194 1665 1339 1698 ascriptum
1355 1669 1461 1696 exstat;
1478 1668 1505 1690 et
1522 1664 1547 1690 in
1568 1663 1706 1691 lnvectiva
1731 1664 1823 1699 priore
1844 1665 1868 1689 ia

1092 1707 1281 1744 Hieronymum
1300 1714 1425 1744 tauquam
1440 1717 1454 1736 a
1472 1708 1613 1742 Pamphilo
1629 1709 1798 1737 elaboratam
1814 1709 1868 1736 lan-

1089 1754 1198 1782 daverat
1221 1764 1228 1782 :
1256 1762 1335 1790 quem
1364 1755 1448 1783 secuti
1472 1761 1535 1783 sunt
1553 1755 1648 1784 deinde
1674 1761 1770 1783 auctor
1799 1754 1869 1782 Pre-

1088 1801 1209 1828 destinati
1232 1801 1279 1828 lib.
1302 1809 1321 1833 I,
1347 1801 1413 1829 hter.
1436 1801 1487 1834 i5;
1517 1801 1643 1829 Socrates
1664 1801 1712 1829 lib.
1738 1809 1766 1828 tv
1793 1800 1864 1828 Hist.

1087 1846 1189 1880 octies"
1207 1854 1266 1881 cap.
1283 1847 1327 1879 27;
1339 1846 1541 1882 etNicephorus
1559 1847 1606 1874 lib.
1623 1855 1650 1879 ι,
1665 1855 1728 1882 cap.
1749 1848 1794 1875 ﬂ.
1813 1848 1866 1874 Bu-

1088 1892 1143 1919 ﬁno
1162 1892 1318 1920 reclamavit
1334 1892 1527 1929 Hieronymus,
1554 1893 1699 1927 fucumque
1725 1893 1870 1921 lectoribus

1089 1936 1188 1964 factum
1206 1943 1369 1972 conquestus
1382 1943 1423 1966 est
1443 1947 1450 1965 :
1472 1943 1500 1965 at
1519 1938 1545 1966 111
1565 1938 1728 1973 assignando
1752 1939 1872 1974 scriptio-

1089 1983 1131 2011 nis
1147 1983 1225 2018 hujus
1239 1989 1350 2012 auctore
1371 1984 1444 2011 varia
1457 1984 1592 2012 disseruit.
1607 1983 1673 2011 Nam
1694 1985 1722 2012 in
1740 1986 1871 2020 protemio

1089 2028 1115 2056 in
1138 2029 1261 2065 Dialogos
1297 2031 1399 2058 adven.
1427 2029 1592 2066 Pelagianos.
1619 2035 1647 2058 et
1670 2030 1782 2066 Apolog.
1806 2031 1820 2058 1
1846 2031 1871 2057 111

1090 2074 1193 2110 Ruﬁn.,
1217 2083 1277 2111 cap.
1299 2076 1327 2109 2,
1350 2084 1409 2104 eam
1429 2077 1507 2104 docet
1527 2077 1642 2112 primum
1659 2084 1720 2104 esse
1741 2077 1839 2104 librum
1857 2084 1871 2102 e

1089 2129 1137 2149 sex
1158 2122 1243 2153 libris,
1264 2123 1363 2157 quibus
1379 2123 1519 2150 constabat
1542 2123 1670 2158 Apologia
1692 2123 1804 2151 Eusebii
1825 2132 1868 2157 pro

1091 2166 1219 2202 Origene;
1231 2175 1263 2195 ex
1279 2175 1364 2203 eoque
1387 2169 1412 2195 id
1425 2175 1484 2196 esse
1500 2168 1683 2200 manifestum,
1698 2171 1770 2203 quod
1793 2169 1819 2196 in
1835 2177 1871 2196 se-

1091 2213 1236 2248 quentibus
1250 2213 1356 2242 Eusebii
1377 2214 1453 2241 libris
1477 2214 1575 2242 citetur
1594 2213 1638 2242 ilie
1665 2215 1788 2249 primus;
1806 2221 1833 2243 et
1846 2215 1869 2242 iu

298 2321 354 2358 (45)
363 2321 454 2348 Verum
468 2323 552 2362 minus
563 2327 632 2349 recte
640 2323 887 2362 addiditOn'genem
897 2329 956 2350 ante
967 2333 1043 2352 texa-
1059 2328 1082 2355 D
1096 2333 1159 2353 suos
1173 2327 1304 2360 quosdam
1317 2327 1454 2362 scrupulos
1469 2334 1500 2355 ac
1510 2327 1747 2358 dubitatiunculas,
1769 2327 1803 2354 ad
1817 2328 1869 2355 cla-

263 2365 387 2391 gestmum
402 2358 486 2392 (etatis
504 2365 558 2384 sua:
571 2366 669 2384 annum
693 2357 775 2384 multa
789 2360 928 2385 titubanter
944 2367 1039 2392 propa-

262 2394 356 2427 suiue,
369 2397 423 2418 etc.
434 2391 516 2427 Miror
527 2392 582 2418 hac
596 2392 735 2419 Miranduli
750 2393 830 2420 verba
845 2391 1039 2427 reprehendere

263 2426 401 2459 Huetium,
416 2426 461 2460 qui
476 2427 532 2460 ipse
547 2427 609 2453 alibi
624 2428 662 2453 ait
676 2435 683 2452 :
700 2436 708 2452 I
728 2427 784 2454 Alia
805 2426 885 2454 senet
904 2428 1039 2455 Adaman-

263 2463 328 2495 tius,
350 2462 456 2497 ingenio
480 2469 527 2495 per
544 2466 648 2497 aetatem
670 2463 754 2497 inagis
765 2462 887 2494 subacto,
900 2463 1037 2496 elimavit;

264 2497 315 2523 alia
341 2496 468 2523 ell‘erente
494 2504 553 2523 sese
581 2497 606 2522 in
628 2496 776 2531 iuventutis
792 2502 857 2524 aestu
878 2498 1040 2526 fecunditate

263 2531 403 2572 profundit:
421 2540 431 2557 1
446 2531 478 2572 de
491 2531 593 2572 quibus
616 2532 743 2572 praeclare
768 2532 836 2572 dixit
861 2532 1039 2572 Hieronymus

264 2565 290 2593 in
306 2566 414 2601 prologo
437 2566 470 2592 ad
487 2565 692 2593 Commentarios
725 2567 750 2593 in
770 2565 878 2598 Lucam,
900 2565 1041 2601 Orig'enein

263 2601 291 2628 in
307 2600 467 2635 quibusdam
489 2602 658 2632 tractatibus,
675 2610 685 2626 1
705 2600 786 2634 Quasi
803 2601 898 2633 itemm
923 2600 982 2629 talis
1002 2603 1043 2629 lu-

264 2636 336 2666 dere.
352 2635 403 2662 alia
414 2642 474 2662 esse
489 2635 574 2662 virilia
589 2635 645 2669 ejus
657 2641 684 2662 et
698 2637 844 2663 senectutis
859 2638 937 2664 seria.
958 2647 966 2663 I
979 2637 1041 2664 Cer-

265 2674 291 2696 te
307 2670 359 2696 alia
375 2670 536 2705 ad‘amicos
551 2677 655 2697 Secreto
665 2671 778 2705 scripsit
798 2672 836 2705 {ut
856 2673 943 2699 verbis
956 2672 1041 2700 Geor-

264 2704 300 2742 gii
327 2709 386 2730 utar
402 2703 621 2742 Δ[υρῖιννιιι-βαώ
644 2703 746 2742 Nician.
770 2703 804 2732 de
817 2705 882 2733 Filii
893 2707 931 2742 τῷ
946 2708 1041 2742 ὁμοθυ-

266 2739 315 2773 σιῳ
329 2746 387 2771 cap.
400 2739 427 2769 9,
443 2747 516 2775 num.
534 2739 574 2774 5],
597 2747 656 2773 quae
680 2741 765 2766 lucem
790 2739 924 2775 nunquani
950 2739 1039 2768 visura

265 2774 397 2810 speravit;
414 2774 439 2799 in
451 2774 547 2807 quibus
557 2775 639 2802 libere
648 2782 681 2801 ac
690 2782 757 2808 pene
769 2774 886 2810 sceptice
900 2777 1036 2808 disseruit,

265 2814 297 2833 ac
310 2807 463 2846 plerumque
488 2816 540 2834 non
565 2807 712 2846 tamuttuain
731 2807 831 2836 certain
851 2818 882 2838 ac
899 2807 1037 2838 deﬁnitam

267 2844 435 2873 sententiam,
453 2850 530 2875 quam
547 2844 589 2870 vel
606 2844 717 2870 aliorum
740 2845 968 2878 ratiocinationes,
998 2846 1039 2872 vel

1097 2362 1193 2388 riorcin
1206 2362 1326 2389 veritatis
1341 2362 1547 2390 elucidalioncm
1565 2363 1715 2397 proposuit.
1738 2363 1800 2389 Alia
1819 2363 1870 2397 ipse

1091 2395 1117 2422 in
1135 2397 1270 2430 publicum
1291 2397 1390 2430 emisit,
1411 2398 1467 2424 sive
1480 2395 1572 2424 contra
1590 2395 1723 2429 inﬁdeles.
1748 2398 1806 2424 sive
1827 2395 1869 2424 ad-

1091 2437 1186 2466 versus
1198 2432 1346 2463 haereticos,
1361 2439 1407 2458 seu
1431 2432 1545 2466 denique
1559 2432 1591 2458 ad
1613 2432 1800 2459 instruendatn
1818 2433 1869 2465 ple-

1091 2465 1150 2501 bem
1170 2465 1352 2501 Christianam
1365 2475 1371 2499 ;
1387 2467 1412 2494 in
1424 2465 1520 2501 quibus
1537 2468 1590 2493 vita
1604 2467 1667 2493 trita
1681 2475 1713 2493 ac
1729 2471 1788 2493 tuta
1799 2467 1869 2493 ince-

1091 2500 1168 2533 dens,
1179 2500 1319 2536 receptam
1336 2503 1362 2529 in
1373 2500 1493 2529 Ecclesia
1505 2501 1637 2529 catholica
1652 2502 1806 2528 doctrinam
1817 2508 1870 2529 stn-

1090 2536 1200 2571 djosius
1218 2536 1336 2571 tradidit.
1367 2537 1463 2571 Negari
1488 2541 1576 2563 autem
1600 2543 1652 2563 non
1677 2541 1780 2570 potest,
1809 2537 1869 2570 quin

1096 2569 1218 2605 Origcnis
1230 2570 1385 2606 suffragium
1408 2569 1443 2597 In:
1459 2571 1589 2598 catholica
1616 2569 1739 2598 doctrina
1759 2569 1869 2605 pelide-

1095 2606 1155 2641 beat
1174 2613 1207 2632 ex
1223 2606 1256 2641 iis
1273 2607 1405 2641 praecipue
1419 2606 1538 2640 scriptis,
1563 2613 1622 2640 qua:
1644 2606 1760 2640 publicis
1782 2607 1869 2632 usibus

1095 2640 1151 2674 ipse
1170 2640 1326 2676 destinavit,
1352 2640 1411 2676 qua:
1431 2641 1549 2675 cogitate
1568 2646 1595 2667 et
1614 2645 1718 2668 attente
1738 2642 1866 2670 exaravit,

1095 2682 1152 2708 qua:
1165 2675 1279 2709 denique
1291 2675 1346 2710 jam
1362 2675 1443 2703 Senex
1457 2681 1484 2703 et
1497 2677 1572 2710 longo
1584 2683 1674 2702 rerum
1687 2684 1736 2702 nsu
1749 2680 1776 2703 et
1792 2683 1867 2709 expe-

1094 2709 1190 2736 riemia
1200 2709 1310 2737 edoctus
1325 2713 1483 2745 composuit.
1498 2709 1653 2744 Huiusmodi
1666 2716 1740 2744 sunt,
1753 2711 1866 2737 omnium

1093 2751 1235 2777 consensu,
1253 2745 1312 2772 libri
1328 2751 1389 2772 octo
1413 2751 1503 2772 contra
1530 2745 1634 2772 Celsum
1658 2745 1816 2778 Epicureum
1832 2750 1865 2777 (et

1090 2778 1282 2815 Commentario
1294 2781 1321 2807 in
1338 2780 1511 2815 Mattlmum).
1529 2790 1537 2806 I
1551 2781 1677 2807 Attamen
1691 2788 1745 2808 non
1758 2787 1863 2815 negave—

1093 2814 1142 2850 ritu
1171 2814 1312 2848 plerosque
1336 2823 1442 2844 errores
1471 2814 1497 2843 in
1514 2815 1547 2843 iis
1565 2822 1734 2850 comparere,
1759 2814 1823 2850 quos
1841 2814 1862 2840 in

1093 2848 1227 2882 prioribus
1239 2850 1395 2877 admiserat.
