1927 3076
97 80 191 110 ’,τιθὸ

641 90 921 124 ORIGENMNORUM
941 96 1004 125 LIB.
1024 97 1055 131 ll,
1076 98 1150 127 CAP.
1171 98 1214 128 Ill.

1659 100 1733 129 ηοσ

98 143 341 195 arbuti-vicissim
357 153 497 195 sequentes
511 158 518 182 ;
539 150 609 178 nihil
635 151 811 188 Pamphilum,
834 161 899 187 teste
914 160 936 187 Α
950 165 1009 193 cap.
1025 158 1059 192 4,
1079 167 1133 194 qtto
1144 164 1277 194 postremo
1298 159 1356 187 loco
1374 159 1462 195 aliqua
1477 159 1563 188 etiam
1573 159 1728 188 orthodoxa

99 184 389 241 Eusebioup-roprii-
403 195 495 241 operis
519 198 670 226 condidisse
693 209 698 226 :
723 206 749 227 et
777 202 801 228 in
829 201 898 230 libro
951 184 1012 232 ﬁdrei
1029 184 1118 232 minits
1132 184 1247 240 congrua
1259 205 1285 232 in
1299 205 1386 233 Ruﬁtti
1401 184 1622 241 interpretatione
1636 207 1718 234 exoti-

102 233 224 280 azdscrs.
245 234 338 273 Pelag.
355 239 389 265 ad
402 238 527 274 Ctesiph.,
544 250 603 277 cap.
624 244 651 276 2,
670 255 679 270 «
699 245 810 274 Fecerat
837 248 896 280 hoc,

101 277 217 328 inquit,
246 282 314 310 etin
340 287 426 314 sancti
453 287 584 322 Pamphili
615 292 744 327 martyris
780 277 898 328 nomine,

101 330 146 375 ue
163 325 261 355 librum
281 329 394 363 primum
417 340 462 360 sex
479 333 606 362 librorum
631 325 793 366 defensionis
807 325 899 375 Orige;

103 372 172 406 nis,
195 373 301 403 Eusebii
331 375 516 412 Caesariensis,
546 388 626 416 quem
656 383 740 411 fuisse
768 372 897 412 Arianum

101 424 197 445 nemo
218 424 260 447 est
284 421 330 456 qui
352 424 471 458 nesciat,
490 427 598 454 nomine
619 427 750 464 Pamphili
771 424 899 466 martyris

101 470 278 497 praenotaret
296 476 303 495 :
320 477 330 494 ι
346 473 373 496 et.
391 469 437 497 lib.
458 479 482 498 vt
510 473 538 499 in
553 471 661 507 Haecin,
677 482 736 510 cap.
752 475 784 503 l8
799 485 805 503 :
822 485 831 501 t
845 476 898 505 Nec

103 511 215 556 snit-um
233 512 255 540 si
279 514 406 548 gentilem
429 516 616 554 philosophum
645 519 673 547 iu
702 525 847 556 martyrem
871 527 898 550 et

106 555 245 585 Romanae
260 558 334 587 urbis
348 560 501 596 episcopum
518 564 700 598 transtulerit;
713 555 780 594 cum?
790 567 897 596 Eusebii

106 608 226 635 quinque
241 602 415 633 Caesariensis
440 607 554 641 primum
579 617 627 644 pro
648 609 764 645 Origene
787 611 896 646 librum,

104 646 248 683 Pamphili
260 651 388 686 martyris
403 653 533 681 vocabulo
549 657 735 688 commutarit;
752 663 780 684 ιιι
793 657 898 686 facilius

105 694 162 720 tali
179 694 316 724 laudatore
329 697 412 726 libros
424 699 595 734 impiissimos
607 702 676 737 Περὶ
689 703 788 738 ἀρχῶν
801 703 896 732 Roma-

106 740 159 767 nis
174 742 330 770 conciliaret
353 744 472 773 auribus.
493 755 502 772 r
523 747 579 782 (46)
602 748 636 776 At
666 749 693 776 in
717 750 831 784 epistola
852 751 896 785 Η,

106 786 184 815 alias
194 787 238 817 65.
258 789 291 817 ad
305 789 461 818 Pammach.
476 798 503 820 et
515 794 627 828 Ocean.,
647 802 706 830 cap.
721 796 749 827 4,
765 797 895 832 composi-

105 838 171 861 tum
185 834 219 861 ab
234 835 328 863 amicis
338 835 460 872 Origenis
471 845 498 866 et
511 841 688 868 sectatoribus
699 841 795 869 librum
808 844 894 877 suspi-

104 884 202 914 catur,
216 887 302 915 eoque
313 881 418 910 facilius
437 885 626 918 compositum,
642 886 723 920 quod,
741 886 818 914 nullis
835 888 895 915 aliis

106 933 126 952 a
139 925 280 962 Pamphilo
299 928 379 956 cditis
400 929 601 964 scriptionibus,
618 939 649 958 ex
669 939 761 960 earum
771 934 894 962 conﬂictu

104 981 207 1001 verum
234 975 393 1009 deprehendi
414 984 465 1003 tton
490 981 580 1011 posset
604 977 678 1014 (47),
692 979 817 1015 additque
832 988 895 1015 sup-

108 1020 264 1054 posititium
285 1021 335 1048 huc
355 1029 421 1056 opus
448 1022 481 1050 ad
505 1022 577 1050 mille
603 1030 698 1052 versus
727 1032 743 1053 e
765 1026 894 1060 principio

105 1066 174 1093 libri
184 1067 252 1094 sexti
271 1067 428 1095 Eusebiana'.
447 1068 580 1103 Apologia:
600 1072 751 1098 continere.
781 1071 894 1106 Subjun-

107 1113 153 1147 git
180 1114 348 1148 postmodum
382 1113 555 1149 Pamphilum
592 1116 662 1143 inter
688 1122 715 1144 et
750 1117 892 1145 Eusebium

109 1167 237 1194 ntagnam
249 1158 331 1187 fuisse
344 1159 493 1187 animorum
517 1162 688 1189 concordiam
703 1172 709 1189 ε
729 1171 739 1189 r
753 1162 892 1196 Quomodo

106 1203 213 1239 igitur,
236 1203 338 1238 ittqttit,
365 1204 434 1231 inter
456 1212 486 1232 se
510 1205 651 1233 dissentire
677 1212 837 1241 potnertmt,
863 1212 892 1235 ut

106 1248 241 1276 Eusebius
256 1249 281 1276 in
304 1253 359 1276 toto
371 1257 452 1284 opere
474 1257 523 1277 suo
538 1250 680 1285 Origenem
695 1252 785 1279 Ariani
800 1254 893 1288 probet

106 1294 256 1328 dogmatis,
272 1300 300 1321 el
323 1294 478 1328 Pamphilus
503 1294 616 1323 Nicaeum
637 1297 742 1332 synodi,
767 1306 826 1332 qua:
843 1298 892 1326 fuit

105 1344 216 1374 postea,
236 1339 425 1368 defensorem?
443 1350 452 1366 ι
472 1340 547 1369 Unde
567 1342 703 1370 concludit
722 1343 764 1370 vel
787 1343 891 1379 Didymi

105 1392 173 1412 esse
190 1384 252 1412 illud
272 1385 439 1419 opusculum,
467 1386 508 1413 vel
526 1387 635 1414 alterius
659 1387 819 1421 cujuslibet,
846 1390 890 1424 qui

107 1431 180 1458 sexti
193 1430 299 1458 Eusebii
312 1431 372 1459 libri
392 1440 402 1457 ι
423 1432 510 1467 capite
524 1433 685 1461 detruncato
696 1440 795 1462 caetera
810 1444 892 1462 inetu-

106 1478 159 1504 bra
172 1476 300 1504 sociarit:
318 1487 327 1504 ι
346 1477 396 1505 hoc
421 1482 472 1510 est,
490 1479 535 1512 qui
554 1479 615 1506 libri
641 1481 708 1507 sexti
731 1481 836 1509 initium
865 1483 890 1510 iit
904 1494 925 1522 ρ

105 1523 228 1558 priorem
245 1523 400 1551 inseruerit.
416 1523 482 1551 Nam
503 1524 572 1553 libro
597 1533 628 1553 Ill
650 1527 760 1563 Apolog.
787 1529 889 1557 advers.

106 1567 212 1602 Ruﬁn,
223 1576 282 1603 cap.
296 1569 324 1601 4,
337 1569 394 1596 ha:c
410 1569 490 1597 habet
506 1579 513 1597 τ
529 1579 539 1596 t
560 1571 588 1598 In
601 1571 759 1600 Caesariensi
792 1574 890 1602 biblio-

109 1615 190 1642 theca
202 1614 307 1643 Eusebii
319 1623 366 1644 sex
378 1615 510 1644 volumina
532 1618 617 1652 reperi
644 1619 791 1654 ἀπολογίας
819 1622 890 1657 Ὦρι-

109 1661 217 1696 γένους,
245 1668 304 1695 quae
320 1669 381 1688 cum
407 1662 541 1696 legissent,
569 1664 684 1698 primunt
705 1673 765 1692 eum
794 1667 889 1695 lihrutn

107 1708 285 1742 deprehendi,
306 1715 384 1742 quem
407 1713 433 1735 tu
460 1708 533 1736 solus
557 1709 607 1737 sub
633 1711 742 1738 nomine
766 1711 891 1748 Martyris

104 1752 226 1786 edidisti,
241 1753 274 1780 de
285 1753 354 1780 Filio
367 1758 394 1781 et
404 1754 505 1788 Spiritu
523 1760 617 1782 sancto
633 1756 658 1783 in
673 1757 770 1784 bonam
786 1763 888 1792 partem

104 1800 245 1836 plerisque
279 1799 450 1834 blasphemiis
482 1802 671 1834 commutatis;
711 1807 738 1829 et
775 1803 827 1832 hoc
850 1806 889 1832 vel

105 1844 261 1880 Didymum,
282 1845 323 1871 vel
341 1849 375 1878 te,
391 1846 433 1872 vel
455 1846 536 1872 alium
563 1846 659 1875 fecisse
690 1849 781 1876 nescio
795 1858 887 1884 quem.

104 1892 181 1926 quod
209 1897 237 1918 tu
257 1891 425 1926 apertissime
442 1892 468 1919 in
490 1892 565 1920 libris
586 1893 658 1928 Περὶ
673 1894 774 1929 ἀρχῶν
795 1895 890 1924 fecisse

104 1937 277 1965 convinceris
293 1946 299 1965 :
315 1937 431 1966 maxime
445 1946 505 1966 cum
527 1939 595 1966 idem
626 1939 766 1971 Eusebius.
785 1946 813 1968 ιιι
832 1941 888 1976 jam

105 1983 212 2010 duobus
227 1982 302 2010 libris
312 1983 400 2015 docui,
429 1984 531 2010 scribat
557 1983 725 2020 Pamphilum
744 1986 811 2013 nihil
826 1995 888 2022 pro-

106 2029 160 2063 prii
174 2029 263 2063 operis
280 2029 405 2056 edidisse.
433 2038 442 2056 ι
467 2030 504 2056 Ex
534 2030 575 2058 his
599 2031 711 2058 ellicitur
737 2032 887 2068 Didymum,

105 2080 155 2101 aut
174 2073 254 2101 alium
270 2075 428 2109 quemlibet,
441 2075 466 2102 itt
481 2077 599 2110 priorem
614 2076 770 2105 Eusebianos
789 2079 887 2112 Apolo-

951 250 1015 278 tisse
1029 251 1110 278 tradit
1131 250 1320 286 Hieronymus,
1332 258 1391 286 quae
1408 259 1542 286 nusquam
1559 251 1638 279 hodie
1656 259 1728 279 com-

949 301 1059 330 parent;
1075 296 1131 332 (48)
1147 305 1162 323 a
1178 297 1285 329 Ruﬁno.
1297 303 1324 324 ut
1335 298 1441 332 opinor.
1454 305 1542 331 erasa,
1552 305 1605 333 quo
1618 305 1725 326 omnem

949 341 1065 376 querelae
1085 349 1178 369 ansam
1197 342 1365 377 praecideret.
1388 342 1461 370 Libri
1478 343 1596 377 ejusdem
1617 343 1726 370 secundi

949 388 1041 422 capite
1066 392 1142 415 sexto
1183 393 1277 415 narrat
1308 388 1486 424 Hieronymus
1522 388 1728 423 Apologeticum

951 433 1035 465 hunc,
1050 433 1165 469 primum
1184 434 1234 461 sibi
1254 434 1280 461 in
1301 434 1395 462 codice
1419 434 1506 461 Ruﬁni
1528 435 1625 466 visum,
1647 433 1727 460 Pam-
1749 441 1753 447 ”

949 477 1013 511 phili
1045 478 1153 506 nomine
1181 479 1355 514 inscriptum,
1381 479 1516 506 diversum
1549 479 1583 506 ab
1617 477 1724 506 Eusebii

949 523 1117 558 Apologrtico
1140 524 1284 558 aliquando
1308 524 1475 552 existimasse
1501 532 1508 550 :
1533 523 1582 551 sed
1612 523 1730 558 pellecto

949 574 1063 604 utroque
1079 569 1156 597 facile
1182 569 1344 597 intellexisse
1364 570 1479 604 primum
1505 577 1537 597 ex
1567 569 1728 596 Eusebianis

948 623 993 643 sex
1009 615 1096 648 libris,
1109 623 1169 643 eum
1185 623 1245 643 esse
1261 615 1304 643 cui
1324 623 1338 642 a
1357 615 1454 643 Ruﬁno
1468 614 1598 649 Pamphili
1626 621 1724 641 nomen

949 661 1084 688 inductum
1106 664 1158 694 est,
1180 661 1280 695 quique
1307 662 1357 688 hoc
1375 661 1451 688 titulo
1471 660 1566 687 Latine
1586 667 1617 686 ac
1632 658 1725 686 Graece

947 707 1036 735 editus
1047 712 1101 739 est,
1121 716 1132 733 ι
1149 707 1297 734 immutatis
1312 707 1443 733 duntaxat
1463 706 1587 733 sensibus
1606 706 1639 732 de
1658 704 1727 732 Filio

951 756 978 779 et
992 752 1093 786 Spiritu
1114 756 1217 784 sancto,
1238 752 1283 786 qui
1303 757 1423 786 apertam
1445 750 1637 786 blasphemiam
1658 757 1726 785 pra:-

948 795 1091 824 ferebant:
1111 805 1121 822 ι
1141 804 1174 823 eo
1191 795 1290 823 factum
1313 801 1341 823 ut
1362 796 1388 823 itt
1413 796 1480 823 libro
1504 796 1541 822 De
1556 795 1726 828 scriptoribus

946 841 1130 868 ecclesiasticis
1150 841 1291 876 Pamphilo
1311 841 1524 868 lucubrationem
1555 841 1624 868 hanc
1640 840 1727 868 ascri-

945 888 1037 922 pserit.
1063 886 1149 916 Verba
1174 887 1233 922 ejus
1258 891 1322 914 sunt
1343 896 1350 914 :
1378 896 1389 913 ι
1404 886 1543 922 chripsit,
1579 890 1725 921 antequam

945 932 1075 961 Eusebius
1096 933 1242 967 scriberet,
1267 933 1466 968 Apologeticum
1491 940 1537 968 pro
1563 931 1689 967 Origene.
1712 941 1722 958 ι

945 979 972 1007 Id
989 980 1026 1007 ita
1043 980 1148 1007 demum
1166 979 1331 1008 excusatlib.
1343 987 1362 1006 ll
1375 979 1484 1014 Apolog.
1498 978 1602 1006 advers.
1621 977 1724 1012 Rsﬁn.,

944 1031 1003 1058 cap.
1021 1024 1037 1051 6
1054 1032 1061 1052 :
1084 1034 1094 1050 ε
1114 1023 1167 1052 Sed
1182 1032 1244 1052 cum
1261 1024 1318 1059 ipse
1331 1024 1401 1052 dicat
1414 1023 1545 1050 Eusebius
1556 1022 1723 1058 Pamphilum

946 1070 1011 1098 nibil
1029 1070 1179 1105 scripsisse,
1196 1070 1315 1105 exceptis
1328 1069 1455 1097 brevibus
1467 1069 1588 1103 epistolis
1610 1069 1643 1095 ad
1655 1068 1723 1096 ami-

947 1122 1006 1146 cos,
1020 1119 1047 1142 et
1064 1115 1165 1149 primus
1175 1114 1242 1142 liber
1255 1122 1301 1142 sex
1319 1113 1485 1141 voluminum
1501 1114 1572 1141 illius
1587 1114 1682 1141 eadem
1695 1117 1724 1141 et

945 1159 1038 1186 iisdem
1053 1159 1143 1186 verbis
1158 1158 1304 1190 contineat,
1324 1165 1383 1193 qua:
1397 1157 1447 1185 sub
1467 1157 1574 1184 nomine
1592 1156 1724 1192 Pamphili

944 1213 959 1232 a
980 1210 1005 1232 te
1028 1205 1089 1232 ﬁcta
1106 1209 1182 1238 sunt,
1199 1205 1371 1239 perspicuum
1387 1209 1428 1231 est
1451 1208 1477 1230 te
1503 1203 1604 1231 idcirco
1624 1203 1723 1230 librum

944 1251 1014 1279 hunc
1026 1250 1204 1278 disseminare
1215 1250 1342 1284 voluisse,
1360 1255 1389 1277 ut
1405 1249 1455 1276 sub
1466 1256 1581 1284 persona
1596 1249 1724 1284 martyris

942 1297 1066 1324 haeresim
1082 1297 1285 1329 iutroduceres;
1301 1303 1415 1330 ctuuque
1429 1296 1461 1323 de
1474 1295 1532 1330 ipso
1549 1295 1630 1327 libro,
1642 1301 1723 1329 quem

942 1340 1075 1376 Pamphili
1103 1341 1226 1373 simulas,
1253 1341 1335 1368 multa
1359 1340 1533 1375 perveneris,
1549 1339 1670 1367 etaliter
1695 1339 1722 1366 in

941 1386 1044 1420 Graeco,
1062 1387 1138 1414 aliter
1161 1387 1186 1414 in
1204 1386 1299 1414 Latino
1316 1386 1362 1418 sit.
1387 1386 1509 1414 fraudem
1536 1390 1610 1414 tuam
1637 1385 1722 1413 erraui

942 1439 1001 1460 meo
1018 1432 1150 1468 imputare
1170 1441 1222 1459 non
1237 1432 1337 1466 debes;
1365 1432 1466 1459 credidi
1484 1431 1556 1459 enim
1580 1431 1639 1465 ejus
1661 1438 1724 1458 esse

943 1478 1051 1511 librum,
1070 1486 1151 1513 quem
1172 1478 1262 1505 titulus
1276 1477 1457 1512 praeferebat:
1475 1487 1485 1503 ι
1503 1482 1586 1512 atque
1605 1477 1663 1504 haec
1680 1483 1724 1503 re-

945 1523 1012 1559 petit
1037 1523 1083 1551 lib.
1108 1531 1136 1551 in
1159 1523 1279 1558 Apolag.,
1296 1531 1356 1558 cap.
1380 1523 1407 1550 4.
1426 1522 1554 1556 Quamvis
1580 1526 1670 1550 autem
1695 1522 1724 1550 in

940 1569 1102 1604 assignando
1120 1569 1279 1604 Apologctici
1297 1569 1375 1603 hujus
1389 1573 1498 1596 auctore
1514 1568 1610 1596 dubius
1624 1569 1723 1595 haereat

942 1615 1128 1652 Hieronymus,
1146 1615 1281 1642 Marianus
1307 1620 1394 1642 tamen
1418 1614 1558 1642 Victorius
1579 1618 1723 1642 accuratus

941 1662 1095 1697 Hieroitymi
1118 1662 1204 1689 editor
1227 1668 1288 1688 eum
1318 1660 1376 1688 sine
1405 1659 1572 1687 dubitatione
1602 1660 1720 1689 Eusebio

939 1708 1072 1735 ascribere
1085 1714 1135 1734 nou
1157 1706 1298 1734 dubitavit.

977 1752 1073 1780 Verum
1083 1753 1308 1780 concertationem
1320 1752 1423 1780 dirimit
1431 1753 1541 1782 Photius
1548 1754 1608 1781 cod.
1616 1762 1700 1782 cxvnt
1712 1764 1721 1788 ς

939 1799 1017 1825 docet
1036 1798 1107 1825 enim
1125 1797 1292 1833 Pamphilum
1306 1818 1314 1830 ,
1330 1806 1392 1826 cum
1407 1799 1568 1827 attineretur
1586 1801 1611 1827 in
1627 1808 1720 1828 carce-

941 1852 980 1876 re,
996 1844 1113 1878 quinque
1130 1844 1234 1878 priores
1259 1843 1419 1879 Apologctici
1445 1845 1517 1873 illius
1530 1846 1625 1879 libros,
1651 1841 1721 1882 prae:

940 1894 1016 1916 sente
1036 1888 1162 1919 Eusebio.
1180 1889 1352 1922 elaborasse;
1368 1895 1473 1918 sextum
1497 1898 1578 1924 vero,
1594 1899 1721 1927 perpesso

941 1934 1096 1969 martyrium
1113 1934 1263 1969 Pamphilo.
1279 1935 1314 1962 ab
1331 1935 1444 1962 Eusebio
1460 1935 1544 1964 fuisse
1556 1937 1718 1965 absolutmn.

941 1980 1105 2014 Prtecipuutn
1135 1988 1229 2015 nempe
1260 1981 1350 2016 operis
1383 1987 1521 2009 auctoretn
1551 1983 1719 2017 Pamphilum

940 2026 1073 2061 agnoscit,
1091 2027 1192 2054 sociqu
1218 2034 1282 2054 vero
1301 2027 1443 2055 Eusebium
1472 2033 1499 2055 et
1521 2029 1718 2055 administrum.

941 2073 993 2100 Res
1004 2080 1036 2100 ex
1051 2073 1133 2107 ipsius
1148 2073 1235 2100 verbis
1247 2074 1341 2101 tnelius
1353 2075 1519 2108 spectabitur
1531 2083 1538 2101 :
1548 2074 1718 2110 Ἀνεγνὼσϐη

105 2121 159 2155 gite
183 2120 280 2148 librum
305 2121 376 2148 mille
403 2121 509 2148 circiter
538 2130 631 2150 versus
658 2130 689 2150 ex
717 2124 785 2151 sexti
812 2125 888 2152 initio

944 2119 1082 2154 Παμφίλου
1093 2119 1138 2146 τοῦ
1153 2120 1298 2156 μάρτυρος,
1314 2121 1361 2147 καὶ
1375 2121 1502 2148 Εὐσεϐίου
1530 2121 1599 2157 ὑπὲρ
1618 2122 1720 2157 Ὠριγέ-

106 2166 245 2194 detractos
273 2167 436 2200 inseruisse,
472 2167 597 2194 Ruﬁnum
634 2176 696 2196 vero
730 2171 888 2204 exposuisse

106 2210 214 2243 Latine,
233 2215 259 2238 et
274 2211 323 2239 sub
345 2210 475 2246 Pamphili
503 2212 610 2240 nomine
636 2213 795 2248 publicasse,
826 2222 886 2242 cum

108 2256 218 2284 Eusebii
235 2257 322 2291 potius
334 2256 463 2286 dicendus
475 2263 564 2290 esset;
586 2266 617 2285 ac
635 2259 760 2287 nonnulla
781 2267 888 2296 quoque

107 2302 141 2328 de
155 2300 222 2329 Filio
237 2302 282 2330 Dei
300 2307 326 2329 et
341 2302 442 2337 Spiritu
460 2310 565 2337 sancto,
582 2305 609 2330 in
624 2311 657 2330 eo
670 2311 711 2331 vet
732 2304 831 2339 ipsum,
847 2306 887 2333 vel

109 2347 261 2383 Didymum,
277 2349 318 2376 vel
338 2348 419 2376 alium
438 2354 626 2377 commutasse.
647 2349 702 2377 Hoc
720 2351 788 2378 idetn
809 2359 884 2385 repe-

109 2394 177 2420 ritur
191 2393 238 2421 lib.
256 2401 264 2420 t
288 2393 398 2428 Apolog.
411 2395 513 2422 advers.
526 2394 627 2429 Ruﬁn.,
643 2402 701 2430 cap.
715 2395 743 2428 2,
756 2400 782 2423 et
794 2396 841 2424 lib.
852 2405 890 2431 tv,

145 2470 199 2505 (46)
218 2471 249 2497 At
262 2471 288 2497 in
303 2469 422 2504 Epistula
432 2471 476 2502 Η,
492 2471 559 2497 alias
573 2471 619 2503 65,
637 2472 671 2497 ad
688 2470 888 2499 l‘ammarhium

109 2511 133 2532 et
152 2507 295 2541 (ιοςαηιιηι,
309 2511 362 2541 etc.
380 2505 445 2533 Vide
462 2505 590 2533 blonitum
606 2512 727 2533 nostrum
744 2506 769 2533 in
791 2507 889 2541 Apolo-

107 2539 336 2576 giamiPamphili.

145 2575 203 2615 (47)
220 2575 554 2617 ᾼιιιιίιφιιςμιρροιὶιὶιξευη
570 2575 617 2617 lto:
629 2583 692 2617 opu!
703 2575 741 2617 ad_
750 2576 821 2617 mille
830 2585 887 2604 ver-

109 2618 155 2637 sus
168 2610 182 2636 ἐ
197 2610 325 2644 principio
339 2610 399 2636 libri
415 2610 480 2636 sexti
497 2610 651 2637 Eusebianos
675 2611 810 2645 Apologia:
822 2620 886 2652 con-

109 2646 202 2672 tinere.
231 2644 264 2680 Ut
283 2644 393 2671 tollatur
417 2646 674 2680 apertadverboruut
701 2652 884 2680 repugnantia,

110 2679 339 2706 eminentissimus
355 2678 499 2707 cardinalis
510 2678 631 2707 Norisius
648 2678 886 2708 Dissertfhistori-

109 2722 141 2741 ca
158 2713 193 2741 de
207 2715 309 2749 synodo
324 2714 428 2748 quinta,
442 2721 500 2748 cap.
521 2714 563 2745 15.
582 2722 641 2741 eaut
664 2715 749 2748 rejicit
772 2716 797 2742 in
812 2724 886 2743 ama-

113 2749 254 2775 nuensium
267 2756 398 2780 errorem,
414 2749 459 2782 qui
472 2756 531 2775 cum
541 2749 566 2775 in
581 2750 630 2776 hac
641 2751 674 2776 ad
687 2751 885 2778 l’ammachium

110 2788 136 2809 et
151 2783 287 2818 Oceanum
300 2784 411 2817 cpistola
428 2784 546 2818 legerent
565 2784 737 2812 abbreviatas
751 2785 830 2812 hasne
844 2794 887 2812 uo-

112 2823 152 2845 tas
171 2827 201 2845 :t
226 2817 257 2845 Vl
278 2817 322 2846 lib.
342 2817 554 2853 Eusebii’super
577 2819 698 2854 Origenis
732 2820 885 2849 defensione

940 2173 1015 2195 νους·
1034 2164 1112 2199 τόμοι
1127 2165 1155 2192 δὲ
1167 2165 1197 2192 τὸ
1210 2165 1310 2200 βιϐλίον
1324 2166 1363 2199 ἒξ,
1377 2163 1414 2194 ὧν
1431 2168 1455 2194 el
1469 2167 1517 2203 μὲν
1533 2167 1611 2194 πέντε
1643 2168 1718 2202 Παμ-

939 2210 1007 2246 φίλῳ
1020 2210 1050 2236 τὸ
1059 2211 1242 2248 δεσμωτήριον
1257 2212 1383 2244 οἰκοῦντι,
1405 2214 1592 2249 συμπαρόντος
1605 2215 1652 2241 καὶ
1666 2214 1720 2240 Εὐ-

939 2257 1028 2283 σεὸίου
1043 2256 1250 2293 ἐξεπονήθησαν.
1266 2257 1294 2284 'U
1301 2258 1329 2284 δὲ
1340 2258 1416 2290 ἕκτος
1431 2259 1491 2285 ἐπεὶ
1506 2260 1520 2285 ὁ
1535 2259 1637 2295 μάρτυς
1648 2259 1719 2294 ξίφει

937 2301 984 2328 τοῦ
998 2302 1047 2337 ζῇν
1062 2303 1204 2337 ἀπαχθεὶς,
1219 2303 1331 2329 ἀνέλυσε
1347 2303 1413 2338 πρὸς
1427 2304 1456 2330 ὃν
1468 2304 1560 2331 ἐπόθει
1575 2304 1641 2332 Θεὸν
1651 2326 1658 2338 ,
1670 2305 1720 2332 Εὑ-

939 2347 1021 2383 σεὸιῳ
1042 2348 1134 2374 λοιπὸν
1150 2348 1339 2384 ἀπαρτίζεται.
1366 2358 1375 2374 t
1395 2349 1492 2377 Lectus
1517 2355 1559 2377 est
1588 2350 1719 2384 Pamphili

940 2395 1084 2429 martyris,
1100 2400 1126 2422 ct
1140 2395 1247 2423 Eusebii
1275 2404 1323 2431 pro
1349 2397 1465 2431 Origene
1489 2396 1557 2423 liber
1573 2404 1618 2424 sex
1640 2399 1719 2424 tomis

940 2473 1098 2507 principium
1114 2482 1123 2498 ι
1138 2473 1308 2501 reddiderunt
1321 2483 1330 2500 t
1347 2475 1414 2501 sexti
1430 2474 1501 2506 libri,
1525 2483 1534 2499 ι
1553 2480 1614 2500 cum
1635 2483 1644 2499 ‹
1670 2482 1717 2501 sex

939 2507 1066 2544 librorum
1081 2507 1187 2544 Eusebii
1205 2516 1285 2543 super
1307 2509 1430 2544 Origenis
1446 2508 1601 2536 defensione
1617 2509 1718 2541 princi-

948 2543 1011 2569 tium
1030 2551 1039 2568 I
1058 2543 1176 2570 scribere
1201 2544 1364 2571 debuissent.
1381 2544 1427 2571 Sic
1445 2545 1527 2571 etiam
1555 2544 1635 2578 paulo
1658 2550 1718 2578 post

948 2551 1011 2569 num
1030 2551 1039 2568 I
1058 2551 1176 2570 scribere
1201 2551 1364 2571 ueoutsseut.
1381 2551 1427 2571 διο
1445 2551 1527 2571 etiam
1555 2551 1635 2578 paulo
1658 2551 1716 2578 post

939 2551 1097 2614 iegentibus.
1118 2585 1127 2603 ι
1144 2578 1189 2613 qui
1212 2586 1236 2605 Vl
1250 2578 1312 2607 libr.
1334 2581 1420 2614 capite
1439 2580 1607 2611 detruncato,
1625 2588 1635 2605 ι
1663 2587 1716 2606 non

938 2612 1142 2674 Exscribendum
1155 2614 1194 2640 eis
1210 2619 1278 2645 erat,
1295 2623 1305 2639 ί
1324 2612 1392 2641 sexti
1407 2614 1478 2647 libri,
1493 2623 1503 2641 ι
1523 2614 1580 2646 sed,
1599 2622 1610 2639 ι
1624 2620 1670 2641 sex
1683 2614 1717 2641 li-

959 2655 1058 2674 rorum.
1080 2657 1089 2673 ι

959 2655 1058 2675 rorntn.
1080 2657 1089 2673 ι

974 2682 1030 2717 (48)
1040 2683 1060 2709 Α
1076 2682 1180 2717 Ruﬁno,
1189 2687 1217 2709 ut
1225 2685 1327 2718 opinor.
1339 2691 1424 2715 erasa,
1433 2692 1483 2718 quo
1494 2692 1594 2711 omnem
1605 2683 1716 2716 querela

939 2719 1205 2753 ansunuprwct'deret.
1225 2718 1288 2745 Vide
1301 2717 1429 2744 Mouitum
1442 2724 1563 2745 nostrum
1580 2720 1606 2746 in
1622 2719 1716 2753 Apolo-

941 2752 1009 2785 giam
1028 2751 1169 2787 Pamphili,
1185 2761 1260 2781 nutu.
1272 2753 1301 2787 7,
1314 2753 1357 2780 ubi
1371 2753 1427 2780 han:
1445 2753 1532 2781 lluetii
1549 2751 1716 2789 opinio-con-

940 2789 1051 2814 tutatur.
