1927 3076
244 113 313 142 H07

243 217 352 246 detento
363 240 372 252 ,
389 226 524 254 praesente
536 224 616 251 etiam
644 226 758 255 Eusebio
770 217 927 261 {elaborati
945 240 1020 262 sunt.

244 262 341 292 Sextus
353 270 440 293 autem
454 286 462 298 ,
478 273 619 304 postquam
636 272 724 306 gladio
744 282 851 312 martyr
867 279 920 306 vita
935 281 1023 315 priva-

251 314 293 336 tus
310 310 433 345 migravit
446 313 480 341 ad
498 313 581 342 Deum
597 325 676 353 quem
694 310 910 357 concupiscebat,
925 310 959 353 ab
971 327 1023 355 Eu-

241 355 315 382 sebio
329 362 371 410 est
390 359 529 389 absolutus
543 369 550 395 ;
568 373 577 390 I
595 369 622 391 et
637 366 731 395 deinde
744 377 751 396 :
767 369 822 405 Τὴν
832 371 860 397 δὲ
876 355 1023 410 ὑτέὲρὨρι-

240 399 334 450 firm;
349 400 506 450 ἀῖτολογίαν,
524 406 562 439 ὡς
576 407 689 445 ἔφημεν,
711 412 725 438 ό
748 399 889 450 Πάμφιλος

239 443 321 479 σεσίῳ
333 446 526 484 καθειργμένος
543 453 582 488 τῷ
604 443 731 492 οξξςήματι
755 443 950 497 wve'lrpdtiaso,
971 443 1021 492 ;;1

237 489 337 526 ¹ικιύτην
350 493 417 528 πρὸς
429 496 492 528 τοὺς
501 498 530 524 ὲν
547 489 687 534 μετάλλόίς
697 503 739 530 διὰ
753 489 868 540 Χρισίέὸν
878 489 1021 536 ἰιτειίελιτέῶζ

238 535 384 588 ρουμένους
399 538 578 577 διεπέμψατο.
606 554 617 572 r
632 535 787 583 Apologiam
800 557 889 579 autem
904 535 1022 588 proOri-

236 587 313 614 gene,
329 587 357 609 ut
368 583 498 619 diximus,
512 587 668 625 Pamphilus
686 602 737 621 una
756 604 816 624 cum
832 598 948 628 Eusebio
961 609 1016 629 ear-

235 631 298 652 cere
321 626 442 658 inclusus
456 631 641 668 elucubravit,
660 642 836 676 eamdemque
851 645 884 671 ad
904 652 950 673 eos
971 648 1016 681 qui

794 670 800 676 _
873 670 877 671 ,
906 670 949 673 η-
972 670 1016 681 Ἰ...

234 670 262 697 in
277 674 393 702 metallis
413 683 460 709 pro
483 678 591 709 Christo
605 687 814 721 exercebantur,
833 690 914 718 misit.
936 701 945 718 ι
964 694 1018 721 Ευ-

234 716 324 745 sebius
347 719 403 753 ipse
416 723 544 758 scriptam
566 733 624 754 eam
646 737 660 755 a
676 737 705 757 se
718 737 745 757 et
761 732 901 768 Patnphilo
916 737 1018 766 fatetur

234 760 338 812 Hjstor.
353 765 414 793 libr.
441 775 478 801 vt,
493 777 551 805 cap.
568 772 613 805 55,
627 774 696 802 "Usa
707 776 735 802 δὲ
756 760 901 813 ἀναγέεᾷΐέζ

813 806 818 813 ,
877 806 881 807 ν
895 806 901 812 1
922 806 963 817 >---ι
977 806 1013 816 ···ι

233 806 288 833 τῶν
300 810 364 844 περὶ
377 811 465 839 αὐτῶν
474 813 618 849 διαγνῶναι
630 816 674 854 ἦν,
682 820 767 848 ταῦτα
777 823 823 849 καὶ
834 825 865 851 ἐκ
881 828 930 862 τῆς
946 828 1016 864 ὑπὲρ

233 851 312 864 -).--ξτ
332 862 361 864 μγ
465 858 471 864 ¹
540 861 545 864 ·
574 862 584 864 ⁸

231 851 314 904 σιξτοῦ
330 858 521 895 πεπονημένης
534 861 599 896 ἡμῖν
608 851 699 892 tre-atat
718 866 757 902 τῷ
772 868 832 895 καθ’
859 851 932 906 misti;
1031 864 1051 891 Β

231 897 507 953 μέρτυριηΠαμφίλῳ
527 906 675 943 ἀπολογίας
685 931 693 943 ,
726 897 856 950 τέάρεστιν

617 940 623 943 _
665 940 691 943 η
835 940 850 942 ν,
883 940 998 953 _.._..-,..

232 940 304 969 σθαι.
324 952 333 969 t
351 944 521 983 Quaecunque
544 958 608 980 vero
633 954 666 982 de
686 956 731 984 illo
747 940 899 988 necessario
913 970 1012 998 cogno-

229 989 328 1016 scenda
340 997 412 1025 sunt,
423 1000 454 1021 ea
469 1002 561 1029 petere
575 998 638 1027 licet
658 1008 691 1028 ex
706 1003 844 1040 Apologia,
858 989 1012 1044 quaniupro

229 1040 263 1061 eo
286 1042 335 1071 ego
362 1042 388 1065 et
408 1041 494 1068 sancti
512 1046 639 1079 temporis
659 1049 744 1076 nostri
761 1040 1008 1090 martyr‘Pamp-bi-

229 1079 268 1090 LA
285 1081 304 1090 γ,
325 1083 330 1090 ,
408 1085 415 1090 ,
537 1089 549 1090 γ

228 1079 270 1108 lus
280 1081 487 1114 elaboravimus.
510 1097 519 1114 ι
535 1089 703 1126 Pamphilum
725 1095 807 1130 igitur
827 1079 853 1125 et
866 1079 1009 1130 Eusebrium

228 1133 352 1157 auctores
369 1131 449 1159 habet
466 1134 649 1171 Apologeticns
664 1139 716 1168 iste
730 1162 738 1175 ,
761 1147 788 1170 et
803 1163 810 1176 ,
835 1145 857 1172 si
885 1145 1009 1176 Photium

227 1175 360 1229 findimus,
379 1179 535 1212 primarium
551 1184 659 1217 quidem
672 1191 700 1213 et
711 1189 873 1224 przecipuum
887 1175 1011 1229 Pamphi;

226 1217 290 1246 lum.
308 1220 476 1251 Postremum
492 1226 623 1256 duntaxat
638 1236 653 1256 e
675 1217 751 1259 lib-ris
771 1217 817 1261 sex
843 1243 911 1264 unus
926 1217 1009 1268 Iit-ise-

226 1264 288 1292 bius
300 1268 472 1303 conscripsit.
484 1271 525 1299 Ad
538 1272 563 1300 id
582 1279 672 1303 autem
688 1279 758 1312 quod
772 1280 864 1314 objicit
876 1264 1007 1321 Hierony-

225 1317 301 1343 mus,
318 1312 390 1341 mille
403 1322 497 1344 versus
512 1318 647 1348 detractos
674 1327 701 1349 et
727 1331 863 1358 postremo
875 1312 1008 1365 Apologia:

225 1356 311 1407 libro,
327 1360 371 1393 qui
387 1360 496 1390 Eusebii
515 1363 582 1398 luit,
604 1366 630 1394 in
654 1356 771 1402 priorem
786 1372 860 1400 illum
876 1356 1006 1410 Pamphili

223 1400 306 1430 fuisse
319 1404 445 1434 inductos
456 1427 464 1441 ,
481 1400 717 1446 proindequemon
733 1421 817 1444 totum
835 1426 849 1446 a
865 1400 1006 1457 Pamprbilo

222 1446 306 1476 fuisse
325 1449 513 1487 lucubratum;
533 1457 683 1491 rbspondeo
707 1468 757 1489 nec
781 1467 864 1491 totum

221 1497 279 1521 tum
302 1495 385 1524 luisse
408 1499 442 1526 ab
458 1500 591 1535 Eusebio;
615 1509 643 1532 et
667 1507 775 1543 utrique
789 1511 888 1539 ascribi
914 1521 1002 1548 posse.
1018 1531 1039 1560 ρ

221 1539 295 1560 Vana
312 1547 351 1560 mat
365 1550 427 1560 vnn.
439 1545 520 1560 uti..-“
534 1547 651 1560 u:-_-,,,,
682 1552 688 1558 -
736 1555 751 1560 ν.
767 1555 773 1560 .

221 1539 296 1568 Vana
312 1547 353 1569 est
365 1550 428 1571 vero
438 1545 521 1573 altera
534 1547 689 1586 Hieronymi
698 1539 801 1588 petitio,
811 1565 872 1585 eum
886 1539 925 1586 aii
933 1569 1007 1589 suutu

220 1595 293 1614 nium
308 1588 390 1617 fuisse
415 1590 560 1622 Eusebium
574 1595 645 1625 inter
672 1604 700 1627 et
721 1600 888 1638 Pamphilum
902 1607 1006 1641 opinio-

221 1640 285 1659 num
306 1642 485 1669 consensum:
510 1648 570 1668 cum
601 1649 690 1672 autem
716 1646 847 1677 Eusebius
860 1640 1003 1686 (trigonem

221 1684 277 1706 toto
290 1680 316 1707 in
331 1689 412 1717 opere
429 1692 477 1712 suo
493 1687 608 1721 probare
620 1691 745 1720 videatur
754 1694 847 1723 Ariani
860 1680 943 1726 fuisse
958 1700 1005 1727 de-

219 1725 354 1756 fensorem
367 1729 508 1768 dogmatis,
522 1733 675 1770 Pamphilus
692 1746 756 1767 vero
773 1740 881 1770 Nicena:
893 1725 998 1780 synodi,

217 1781 277 1808 quae
289 1774 340 1802 fuit
352 1782 443 1811 postea
456 1799 464 1812 ,
488 1780 676 1817 defensorem;
702 1785 764 1813 hinc
778 1788 847 1816 eIIici
872 1798 924 1817 non
944 1799 1003 1820 esse

217 1819 348 1855 Pamphili
364 1828 392 1850 et
408 1824 518 1854 Eusebii
534 1831 618 1855 totum
639 1830 704 1859 illud
725 1840 810 1867 opus,
835 1836 882 1862 sed
898 1819 1001 1871 partem

216 1873 277 1894 esse
291 1868 415 1903 Eusebii,
438 1872 555 1906 priorem
572 1882 636 1903 vero
652 1877 748 1905 librum
768 1879 877 1909 alterius
890 1883 1001 1918 cujusli-

217 1912 272 1944 bet.
299 1920 362 1948 puta
380 1916 497 1953 Didymi.
513 1919 571 1948 Non
590 1923 675 1958 magis
692 1925 764 1952 enim
782 1927 879 1955 mirum
901 1912 944 1957 est
959 1931 1001 1957 (Ιί-

217 1966 295 1987 versa
313 1961 345 1989 de
373 1962 498 1998 Origenis
522 1967 643 1995 doctrina
672 1971 790 1998 sensisse
814 1977 841 2000 et
860 1975 1001 2010 scripsisse

215 2005 384 2042 Pamphilum
397 2016 422 2036 et
434 2011 589 2046 Eusebium,
602 2022 684 2051 quam
700 2018 733 2044 de
745 2017 846 2046 Christi
860 2005 1001 2050 divinitate

214 2053 390 2082 orthodoxam
410 2056 492 2085 fuisse
519 2057 650 2095 Pamphili
677 2063 832 2097 opinionem
848 2086 856 2099 ,
871 2067 999 2096 Arianam

215 2106 280 2127 vero
294 2105 322 2127 et
345 2102 500 2131 Increticam
515 2104 633 2134 Eusebii.
652 2107 745 2136 Facile
765 2118 873 2146 quoque
887 2112 999 2141 diluitur

215 2145 287 2173 aliud
300 2154 486 2182 argumentum
511 2151 686 2189 Hieronymi,
703 2155 769 2186 nihil
783 2145 885 2194 proprii
909 2161 998 2195 operis

872 126 902 154 P.
924 128 1079 159 DANIELIS
1099 131 1215 161 IIUE'I'II

243 177 372 202 constans
385 194 392 208 ,
414 182 526 210 quorum
543 177 661 214 quinque
682 188 697 208 a
718 181 858 219 Pamphilo
871 187 897 214 in
917 196 1025 218 carcere
1038 194 1059 221 Α

1794 145 1857 174 IIOS

1076 191 1210 227 inveniri,
1233 202 1294 222 cum
1314 197 1434 232 quinque
1450 198 1526 227 libris
1540 201 1693 229 mutilatum
1718 203 1771 231 ltoc
1795 213 1857 232 o-ms

1075 239 1230 268 habeamus.

1108 284 1189 312 XVII.
1205 286 1332 320 Quamvis
1353 294 1443 318 autem
1468 291 1551 319 multa
1576 294 1617 320 vel
1635 295 1669 322 ad
1695 295 1857 324 refellenéos

1073 329 1197 365 Origenis
1208 333 1387 368 adversarios,
1405 337 1445 364 vel
1467 337 1500 365 ad
1516 337 1601 373 ipsum
1617 342 1808 368 excusandum
1819 349 1857 370 at-

1073 375 1213 404 tulerimus
1223 396 1231 410 ,
1244 377 1270 404 in
1293 378 1384 407 multis
1399 385 1487 409 tamen
1506 390 1633 417 peccasse
1647 384 1792 413 fatendum
1807 393 1855 415 est.

1070 421 1110 448 Ae
1125 421 1267 458 plerosque
1277 432 1341 452 sane
1353 425 1436 460 ipsius
1453 435 1564 456 errores
1576 437 1655 465 supra
1671 431 1730 465 jam
1748 433 1784 459 ab
1799 434 1857 462 aliis

1070 465 1251 501 deprehensos
1273 471 1450 505 agnovimus,
1485 474 1525 501 vel
1552 477 1670 504 nondum
1698 485 1856 513 perspectos

1070 514 1231 547 notavimus,
1245 523 1306 544 cum
1318 518 1378 552 ejus
1390 520 1514 555 dogmata
1534 524 1779 558 perpenderemus.
1790 526 1855 554 Pec-

1069 560 1148 587 candi
1167 568 1247 588 causa
1269 562 1398 596 judicium
1408 573 1534 602 praeceps
1546 588 1553 600 ,
1573 573 1599 596 et
1615 569 1797 599 immoderata
1815 573 1854 600 in-

1069 604 1139 639 genii
1163 604 1270 634 lascivia
1295 613 1322 636 et
1347 610 1475 644 licentia,
1493 613 1535 640 cui
1567 618 1620 641 tam
1637 615 1854 651 intemperanter

1070 651 1295 686 morigerabatur,
1305 659 1334 681 ut
1354 657 1471 691 cogitata
1488 660 1588 691 omnia.
1605 662 1688 688 cruda
1704 664 1853 693 etiamnum

1068 701 1095 722 et
1108 695 1248 725 immatura
1265 700 1449 734 prol'underet.
1472 704 1592 734 Accessit
1616 707 1704 742 inepta
1731 712 1852 743 quaedam

1068 740 1216 776 Scriptura:
1231 745 1388 783 plerumque
1398 749 1564 784 explicandae
1579 754 1664 788 ratio,
1683 762 1783 784 vocum
1796 759 1852 785 sin-

1067 787 1190 821 gttlarum
1203 792 1357 821 notionibus
1375 798 1501 825 eruendis
1513 803 1540 825 et
1561 787 1747 834 expendendis
1760 805 1851 833 odiose

1072 840 1104 860 ac
1116 835 1207 868 putide
1223 838 1344 872 studens,
1358 845 1386 867 et
1401 841 1426 868 in
1450 843 1559 872 minutis
1585 847 1738 882 quibusque
1756 857 1850 878 conse-

1066 881 1171 908 ctandis
1186 889 1218 909 ac
1229 882 1341 912 invicem
1354 886 1527 922 conﬂigendis
1540 899 1645 919 morose
1659 881 1804 930 etrfrigide
1814 896 1850 923 Ia-

1064 927 1173 957 borans.
1187 930 1263 958 Adde
1277 932 1388 961 nimium
1405 936 1578 970 profanarum
1603 939 1789 969 doctrinarum
1800 964 1807 975 ,
1819 951 1849 971 ac

1070 973 1215 1003 Platonicae
1238 979 1385 1021 praesertim
1407 981 1592 1017 philosophias,
1608 993 1688 1021 quam
1702 973 1847 1016 Tertullia-

1063 1027 1114 1048 nus
1130 1020 1176 1049 lib.
1196 1021 1234 1050 De
1245 1017 1420 1061 animm-cap.
1436 1027 1482 1060 25.
1495 1039 1504 1054 ι
1521 1030 1709 1060 haereticorum
1726 1036 1847 1063 omnium

1062 1067 1308 1098 condimentarium
1324 1078 1385 1100 esse
1400 1072 1501 1102 factum
1514 1085 1524 1102 ›
1539 1079 1587 1110 ait,
1605 1080 1737 1113 studium,
1758 1082 1792 1109 ad
1803 1090 1847 1110 cu-

1058 1110 1102 1145 jus
1115 1120 1235 1141 normam
1260 1115 1408 1152 theologica
1429 1119 1554 1155 dogmata
1570 1129 1631 1150 eum
1645 1110 1785 1160 exigeret,
1802 1128 1847 1154 ab-

1060 1157 1149 1185 surdis
1166 1159 1336 1194 opinionibus
1348 1163 1404 1198 ipse
1420 1167 1536 1199 primum
1559 1157 1782 1203 imbu.us,—mox'
1798 1173 1847 1200 Ec-

1060 1203 1171 1232 cleslam
1194 1207 1374 1236 conturbavit.
1404 1209 1525 1240 Platonis
1540 1213 1648 1248 quidem
1673 1216 1844 1252 disciplinain

1060 1252 1186 1279 assectati
1204 1258 1266 1280 sunt
1290 1256 1386 1283 vetusti
1404 1256 1500 1286 Patres
1513 1261 1718 1296 quamplurimi,
1745 1265 1843 1298 partim

1059 1297 1219 1326 vetustiores
1243 1299 1359 1336 Origene
1373 1322 1380 1334 ,
1404 1304 1502 1337 partim
1532 1306 1627 1334 eodem
1657 1310 1842 1343 recentiores.

1058 1342 1211 1378 quicunque
1224 1348 1374 1380 praesertim
1397 1348 1533 1378 Nicmuum
1554 1353 1699 1380 concilium
1717 1361 1842 1384 anteces-

1057 1393 1150 1416 serunt
1165 1398 1172 1416 :
1188 1395 1216 1417 at
1229 1398 1261 1418 ea
1274 1393 1358 1420 solum
1373 1394 1408 1422 ab
1433 1395 1478 1423 illo
1496 1399 1609 1426 mutuati
1630 1405 1705 1432 sunt,
1721 1409 1782 1435 qua:
1798 1402 1841 1430 de-

1056 1434 1139 1462 cretis
1151 1435 1280 1465 Ecclesia:
1295 1441 1517 1476 consentiebant;
1536 1443 1667 1479 Origenes
1681 1454 1746 1473 vero
1759 1452 1840 1474 totam

1056 1481 1222 1509 academiam
1239 1483 1311 1512 visus
1323 1491 1363 1513 est
1376 1486 1401 1513 in
1419 1487 1564 1516 Ecclesiam
1575 1492 1764 1520 transtulisse:
1780 1493 1840 1521 licet

1058 1524 1172 1554 fateatur
1186 1528 1259 1556 hom.
1272 1529 1306 1558 Η
1316 1531 1344 1558 in
1354 1531 1458 1565 Cenem,
1476 1542 1551 1562 num.
1563 1535 1592 1567 3,
1616 1546 1626 1561 ι
1642 1537 1839 1573 philosophiam

1056 1578 1143 1606 neque
1160 1573 1186 1600 in
1204 1576 1329 1604 omnibus
1345 1577 1394 1613 legi
1412 1579 1457 1607 Dei
1473 1583 1636 1609 contrariam
1654 1591 1716 1611 esse
1727 1605 1735 1616 ,
1754 1592 1839 1620 neque

1056 1616 1082 1644 in
1102 1619 1228 1647 Omnibus
1243 1629 1399 1652 consonam.
1420 1635 1429 1651 ι
1446 1626 1507 1654 Inde
1530 1632 1604 1655 tanta
1625 1636 1750 1657 errorum
1764 1639 1840 1666 seges

1055 1662 1130 1690 bona-
1145 1665 1215 1700 frugi
1234 1670 1379 1698 succrevit.
1404 1671 1442 1700 Ex
1458 1673 1502 1700 his
1513 1675 1579 1702 satis
1594 1675 1677 1710 liquet
1689 1685 1772 1711 quam
1788 1678 1839 1705 ina-

1055 1716 1102 1735 nes
1114 1710 1168 1737 sint
1177 1710 1266 1740 Ruﬁni
1282 1721 1406 1749 conatus,
1419 1725 1479 1746 eum
1497 1720 1627 1756 quidquid
1645 1710 1744 1748 falsum
1769 1723 1837 1757 apud

1053 1753 1198 1788 Origenem
1222 1761 1352 1794 occurrit,
1379 1769 1427 1796 pro
1443 1765 1536 1798 spurio
1548 1753 1624 1793 etab
1639 1767 1776 1795 hzereticis
1798 1769 1835 1795 in-

1054 1804 1128 1828 truso
1142 1802 1235 1832 haberi
1249 1806 1340 1840 jubet;
1355 1808 1411 1843 (49)
1429 1817 1490 1837 nam
1506 1812 1588 1838 multa
1603 1813 1712 1847 quidem
1726 1814 1836 1848 Origeni

1052 1846 1137 1874 allicta
1161 1848 1242 1878 luisse
1263 1859 1356 1880 verum
1386 1860 1438 1887 est,
1466 1857 1511 1884 sed
1534 1857 1608 1892 plura
1632 1863 1732 1892 tatnen,
1753 1867 1837 1894 eaque

1053 1892 1132 1919 noxia
1146 1898 1174 1921 et
1200 1894 1329 1923 datnnosa
1357 1898 1391 1925 ab
1417 1899 1461 1928 illo
1481 1901 1599 1936 profecta
1616 1909 1677 1929 esse
1689 1892 1835 1929 candidum

1052 1935 1138 1963 virum
1153 1938 1227 1966 fateri
1246 1941 1332 1968 decet.

1086 1981 1178 2010 XVIII.
1196 1983 1273 2013 Nunc
1297 1988 1469 2021 quaerendum
1494 1997 1616 2026 superest
1640 2001 1694 2028 quo
1722 2004 1836 2023 nurnero

1051 2025 1166 2055 habendi
1182 2029 1237 2057 sint
1249 2031 1308 2058 libri
1323 2032 1455 2068 Origenis,
1471 2025 1580 2071 ipseque
1595 2025 1661 2066 adeo
1676 2039 1811 2074 Origenes
1826 2062 1833 2069 .

1051 2076 1139 2099 utrum
1162 2074 1205 2102 hic
1220 2075 1291 2103 inter
1306 2077 1465 2113 hmreticos,
1479 2081 1527 2111 illi.
1545 2082 1615 2110 inter
1632 2084 1777 2113 damnatas
1805 2095 1836 2114 ac

1051 2119 1209 2152 reprobatas
1223 2122 1388 2157 scriptiones
1407 2127 1520 2159 ponendi
1539 2129 1603 2155 sint.
1617 2129 1692 2162 Quod
1712 2132 1766 2158 erit
1787 2140 1833 2159 ca-

1050 2164 1113 2198 pitis
1130 2165 1209 2202 hujus
1231 2167 1303 2195 velut
1319 2170 1504 2199 corollarium.
1521 2172 1692 2208 Disputemus
1717 2177 1834 2210 primuttt

784 2189 788 2190 ν
834 2189 842 2194 η
927 2189 934 2195 η
1050 2189 1058 2198 Ι
1130 2189 1209 2202 ται-η
1236 2189 1303 2195 ,ην-..ν
1320 2189 1361 2196 υν.
1371 2189 1504 2199 υ-ιιιιιυιιιι.
1521 2189 1692 2208 υιμνιηιτιιιυδ
1717 2189 1832 2210 μΙἸΙΙΙυΙΙΙ

213 2189 382 2225 Pamphilum
403 2194 556 2224 condidisse
580 2200 727 2228 asserentis
740 2210 746 2227 :
760 2209 810 2228 nec
835 2203 906 2229 enim
933 2211 995 2237 pro—
1013 2209 1035 2236 Ι)
1050 2210 1082 2236 de
1098 2209 1184 2238 libris.
1202 2211 1230 2238 In
1247 2212 1337 2240 varios
1353 2213 1496 2249 ()rigenem
1512 2216 1655 2252 impcgisse
1668 2225 1832 2249 errores'sa-

214 2237 300 2252 nmium
315 2238 372 2252 λι..-
385 2247 449 2252 ...μη
470 2243 500 2252 ιμ
511 2243 530 2252 ,n
582 2244 599 2252 _.
662 2245 688 2252 ι..
727 2246 742 2252 ..
763 2247 768 2252 .

213 2237 300 2272 prium
314 2238 374 2273 ejus
384 2247 450 2275 opus
463 2243 646 2278 Apologeticus
662 2245 706 2274 ille
717 2246 769 2274 dici
782 2253 871 2283 potest
887 2269 894 2282 ,
915 2258 995 2285 quem

213 2283 323 2311 alterius
336 2292 416 2319 opera
441 2287 548 2321 adjutus
561 2310 568 2322 ,
582 2290 690 2319 Eusebii
705 2293 820 2326 scilicet,
835 2295 994 2324 elaboravit.

213 2327 291 2357 Nunc
305 2337 370 2357 vero
382 2332 548 2361 arbitrentur
557 2337 626 2370 aequi
642 2342 669 2365 et
682 2339 780 2367 eruditi
798 2340 922 2374 lectores,
937 2350 994 2370 me-

213 2373 303 2402 ritone
319 2374 444 2403 Itulinum
458 2377 638 2415 Hieronymus
653 2384 870 2419 reprehenderit,
887 2393 995 2422 propter

212 2418 370 2455 inscriptum
385 2420 518 2458 Pamphili
536 2433 634 2454 nomen
659 2429 741 2462 priori
766 2430 846 2465 hujus
859 2418 993 2468 Apologia:

210 2465 289 2495 libro.
306 2467 439 2499 Caeterum
457 2477 517 2497 cum
534 2479 579 2500 sex
597 2479 735 2502 constaret
753 2476 828 2506 libris
846 2478 902 2506 hmc
914 2478 994 2507 Pam-

211 2513 275 2546 phili
290 2513 431 2549 Apologia,
448 2517 525 2551 cujus
548 2519 622 2552 prior
639 2520 768 2549 duntaxat
788 2530 803 2549 a
819 2523 914 2552 Itultuo
927 2533 992 2552 con-

212 2567 304 2588 versus
326 2564 359 2590 ad
382 2571 431 2591 nos
443 2566 575 2599 pervenit,
588 2575 640 2594 non
653 2573 694 2595 est
708 2576 757 2597 cur
774 2571 887 2598 miretur
910 2572 992 2600 Baro-

210 2605 269 2633 nius
281 2606 404 2642 Gregorii
416 2609 641 2640 Neocaesariensis
651 2615 871 2644 encomiastieam
888 2618 992 2646 oratio-

210 2659 268 2679 nem
288 2654 397 2689 Origeni
414 2656 532 2691 dictam,
551 2666 630 2693 quam
654 2667 668 2686 a
692 2661 831 2696 Pamphilo
857 2663 992 2699 Apologia:

209 2705 263 2727 suae
278 2700 407 2729 insertato
429 2702 511 2731 fuisse
529 2706 664 2739 proditum
688 2712 740 2740 est,
759 2707 785 2735 in
798 2715 829 2736 ea
847 2709 925 2737 hodie
939 2718 990 2737 non

1050 2257 1082 2282 tis
1096 2264 1110 2281 a
1130 2256 1206 2284 nobis
1220 2258 1373 2287 confessum
1390 2266 1441 2288 est.
1457 2262 1490 2288 At
1504 2264 1626 2297 quamvis
1640 2272 1687 2293 cos
1702 2267 1833 2300 operibus

1048 2298 1133 2332 ipsius
1150 2300 1259 2329 aliumle
1270 2309 1376 2332 assutos
1391 2306 1524 2337 daremus,
1537 2308 1607 2341 quod
1619 2309 1694 2337 multi
1710 2310 1832 2338 atiirma-

1047 2350 1119 2379 runt,
1141 2347 1274 2383 planeque
1296 2350 1327 2378 iis
1345 2351 1490 2380 immunem
1509 2353 1650 2390 Origenem
1664 2365 1830 2392 agnoscerev

1047 2397 1120 2425 ntus,
1137 2392 1239 2421 valeret
1256 2395 1281 2422 id
1292 2396 1400 2430 quidem
1417 2399 1449 2425 ad
1467 2401 1672 2429 excusationem
1692 2406 1829 2437 auctoris;

1047 2445 1099 2464 non
1118 2438 1151 2465 ad
1162 2441 1348 2474 purgationem
1364 2442 1505 2472 librorum.
1520 2446 1584 2473 Cum
1602 2454 1707 2476 certum
1723 2450 1761 2477 sit
1783 2452 1832 2486 igi-

1047 2488 1090 2510 tur
1103 2484 1178 2513 l'alsis
1195 2494 1242 2514 eos
1264 2493 1292 2515 et
1319 2488 1408 2523 impiis
1422 2495 1527 2520 scatere
1543 2495 1688 2522 sententiis
1701 2515 1710 2528 ,
1726 2501 1754 2523 et
1774 2498 1830 2531 jam

1046 2530 1108 2556 itide
1133 2539 1147 2558 a
1179 2534 1294 2561 vetustis
1315 2537 1481 2570 tetnporibus
1507 2539 1577 2566 malo
1594 2539 1733 2569 fermento
1747 2543 1830 2571 fuisse

1045 2577 1170 2610 inlectos,
1192 2580 1324 2613 quaeritur
1343 2583 1485 2616 penitusne
1510 2585 1644 2618 repudiari
1667 2593 1715 2613 eos
1737 2588 1830 2622 jubeat

1045 2621 1176 2654 Ecclesia.
1194 2629 1222 2650 et
1237 2625 1327 2659 abjici,
1345 2629 1570 2661 quemadmodum
1588 2631 1778 2659 litereticorum
1799 2634 1829 2660 li-

1045 2667 1086 2695 bri
1104 2668 1201 2701 solent,
1220 2678 1252 2697 an
1273 2671 1391 2705 ipsoruut
1409 2681 1487 2701 usum
1500 2676 1594 2703 eadem
1612 2677 1654 2704 vel
1676 2678 1773 2712 probet
1789 2680 1828 2706 vel

1046 2719 1120 2741 certe
1135 2715 1282 2748 permittat.

243 2833 299 2867 (ιθ)
326 2836 393 2863 Nam
421 2840 502 2867 multa
523 2842 626 2873 quidem
653 2842 758 2878 Oriqem'
784 2846 869 2883 nﬂicta
892 2847 973 2880 [uisu
992 2857 1078 2877 verum
1102 2857 1147 2879 est.
1171 2852 1236 2880 Vide
1260 2853 1446 2882 Prinlationem
1469 2856 1532 2884 tomi
1552 2856 1573 2891 I,
1598 2865 1659 2893 pag.
1675 2858 1732 2887 Ξει
1747 2859 1774 2888 3.
