  <div class='ocr_page' id='page_1' title='image "/cluster/home/n/w/nwhite01/storage/ocr_20150623/17/njp.32101010944583/758.png"; bbox 0 0 1927 3076; ppageno 0'>
   <div class='ocr_carea' id='block_1_1' title="bbox 87 127 163 154">
    <p class='ocr_par' dir='ltr' id='par_1_1' title="bbox 87 127 163 154">
     <span class='ocr_line' id='line_1_1' title="bbox 87 127 163 154; baseline 0 0"><span class='ocrx_word' id='word_1_1' title='bbox 87 127 163 154; x_wconf 79' lang='lat' dir='ltr'><strong>H09</strong></span> 
     </span>
    </p>
   </div>
   <div class='ocr_carea' id='block_1_2' title="bbox 636 125 1217 158">
    <p class='ocr_par' dir='ltr' id='par_1_2' title="bbox 636 125 1217 158">
     <span class='ocr_line' id='line_1_2' title="bbox 636 125 1217 158; baseline -0.002 -4"><span class='ocrx_word' id='word_1_2' title='bbox 636 125 921 155; x_wconf 79' lang='lat' dir='ltr'><strong>ORIGENIANORUM</strong></span> <span class='ocrx_word' id='word_1_3' title='bbox 941 125 1004 153; x_wconf 85' lang='lat' dir='ltr'>LIB.</span> <span class='ocrx_word' id='word_1_4' title='bbox 1025 125 1058 158; x_wconf 90' lang='lat' dir='ltr'><strong>ll,</strong></span> <span class='ocrx_word' id='word_1_5' title='bbox 1079 125 1154 154; x_wconf 80' lang='lat' dir='ltr'><strong>CAP.</strong></span> <span class='ocrx_word' id='word_1_6' title='bbox 1174 126 1217 153; x_wconf 92' lang='lat' dir='ltr'><strong>lll.</strong></span> 
     </span>
    </p>
   </div>
   <div class='ocr_carea' id='block_1_3' title="bbox 1643 127 1710 154">
    <p class='ocr_par' dir='ltr' id='par_1_3' title="bbox 1643 127 1710 154">
     <span class='ocr_line' id='line_1_3' title="bbox 1643 127 1710 154; baseline 0.015 -1"><span class='ocrx_word' id='word_1_7' title='bbox 1643 127 1710 154; x_wconf 75' lang='lat' dir='ltr'><strong>illo</strong></span> 
     </span>
    </p>
   </div>
   <div class='ocr_carea' id='block_1_4' title="bbox 130 183 1712 220">
    <p class='ocr_par' dir='ltr' id='par_1_4' title="bbox 130 183 1712 220">
     <span class='ocr_line' id='line_1_4' title="bbox 130 183 1712 220; baseline 0 -9"><span class='ocrx_word' id='word_1_8' title='bbox 130 185 235 211; x_wconf 83' lang='lat' dir='ltr'><strong>Auctor</strong></span> <span class='ocrx_word' id='word_1_9' title='bbox 247 187 288 211; x_wconf 88' lang='lat' dir='ltr'><strong>est</strong></span> <span class='ocrx_word' id='word_1_10' title='bbox 305 183 460 219; x_wconf 76' lang='lat' dir='ltr'><strong>Pamphilus</strong></span> <span class='ocrx_word' id='word_1_11' title='bbox 474 183 500 211; x_wconf 87' lang='lat' dir='ltr'><strong>in</strong></span> <span class='ocrx_word' id='word_1_12' title='bbox 517 183 643 220; x_wconf 77' lang='lat' dir='ltr'><strong>Apologia</strong></span> <span class='ocrx_word' id='word_1_13' title='bbox 658 205 665 217; x_wconf 94' lang='lat'><strong>,</strong></span> <span class='ocrx_word' id='word_1_14' title='bbox 690 185 875 213; x_wconf 74' lang='lat' dir='ltr'><strong>hzereticorum</strong></span> <span class='ocrx_word' id='word_1_15' title='bbox 891 188 913 216; x_wconf 84' lang='grc' dir='ltr'>Α</span> <span class='ocrx_word' id='word_1_16' title='bbox 928 191 988 211; x_wconf 88' lang='lat' dir='ltr'><strong>tuus</strong></span> <span class='ocrx_word' id='word_1_17' title='bbox 1004 184 1162 211; x_wconf 75' lang='lat' dir='ltr'><strong>Tomitanus</strong></span> <span class='ocrx_word' id='word_1_18' title='bbox 1190 189 1217 211; x_wconf 84' lang='lat' dir='ltr'><strong>et</strong></span> <span class='ocrx_word' id='word_1_19' title='bbox 1232 183 1350 211; x_wconf 81' lang='lat' dir='ltr'><strong>Joannes</strong></span> <span class='ocrx_word' id='word_1_20' title='bbox 1371 183 1589 218; x_wconf 86' lang='lat' dir='ltr'><strong>Chrysostomus,</strong></span> <span class='ocrx_word' id='word_1_21' title='bbox 1613 184 1712 218; x_wconf 81' lang='lat' dir='ltr'><strong>aliique</strong></span> 
     </span>
    </p>
   </div>
   <div class='ocr_carea' id='block_1_5' title="bbox 87 229 877 265">
    <p class='ocr_par' dir='ltr' id='par_1_5' title="bbox 87 229 877 265">
     <span class='ocr_line' id='line_1_5' title="bbox 87 229 877 265; baseline 0 -8"><span class='ocrx_word' id='word_1_22' title='bbox 87 229 156 257; x_wconf 89' lang='lat' dir='ltr'><strong>loco</strong></span> <span class='ocrx_word' id='word_1_23' title='bbox 182 237 231 257; x_wconf 87' lang='lat' dir='ltr'><strong>sua</strong></span> <span class='ocrx_word' id='word_1_24' title='bbox 255 235 334 257; x_wconf 58' lang='lat' dir='ltr'><strong>aetate</strong></span> <span class='ocrx_word' id='word_1_25' title='bbox 351 237 365 256; x_wconf 90' lang='lat' dir='ltr'><strong>a</strong></span> <span class='ocrx_word' id='word_1_26' title='bbox 383 229 475 257; x_wconf 89' lang='lat' dir='ltr'><strong>multis</strong></span> <span class='ocrx_word' id='word_1_27' title='bbox 490 230 597 258; x_wconf 80' lang='lat' dir='ltr'><strong>habitos</strong></span> <span class='ocrx_word' id='word_1_28' title='bbox 609 250 617 262; x_wconf 93' lang='lat'><strong>,</strong></span> <span class='ocrx_word' id='word_1_29' title='bbox 635 230 790 265; x_wconf 83' lang='lat' dir='ltr'><strong>quicunque</strong></span> <span class='ocrx_word' id='word_1_30' title='bbox 803 230 877 258; x_wconf 84' lang='lat' dir='ltr'><strong>libris</strong></span> 
     </span>
    </p>
   </div>
   <div class='ocr_carea' id='block_1_6' title="bbox 85 273 878 309">
    <p class='ocr_par' dir='ltr' id='par_1_6' title="bbox 85 273 878 309">
     <span class='ocr_line' id='line_1_6' title="bbox 85 273 878 309; baseline -0.004 -7"><span class='ocrx_word' id='word_1_31' title='bbox 85 274 221 309; x_wconf 76' lang='lat' dir='ltr'><strong>Origenis</strong></span> <span class='ocrx_word' id='word_1_32' title='bbox 238 278 388 306; x_wconf 87' lang='lat' dir='ltr'><strong>uterentur,</strong></span> <span class='ocrx_word' id='word_1_33' title='bbox 406 281 455 301; x_wconf 91' lang='lat' dir='ltr'><strong>nec</strong></span> <span class='ocrx_word' id='word_1_34' title='bbox 471 281 530 301; x_wconf 87' lang='lat' dir='ltr'><strong>eam</strong></span> <span class='ocrx_word' id='word_1_35' title='bbox 543 274 652 309; x_wconf 79' lang='lat' dir='ltr'><strong>quidem</strong></span> <span class='ocrx_word' id='word_1_36' title='bbox 667 281 823 301; x_wconf 75' lang='lat' dir='ltr'><strong>concessam</strong></span> <span class='ocrx_word' id='word_1_37' title='bbox 838 273 878 308; x_wconf 86' lang='lat' dir='ltr'><strong>ip-</strong></span> 
     </span>
    </p>
   </div>
   <div class='ocr_carea' id='block_1_7' title="bbox 85 317 877 353">
    <p class='ocr_par' dir='ltr' id='par_1_7' title="bbox 85 317 877 353">
     <span class='ocr_line' id='line_1_7' title="bbox 85 317 877 353; baseline 0 -9"><span class='ocrx_word' id='word_1_38' title='bbox 85 318 131 344; x_wconf 86' lang='lat' dir='ltr'><strong>sis</strong></span> <span class='ocrx_word' id='word_1_39' title='bbox 150 317 232 345; x_wconf 87' lang='lat' dir='ltr'><strong>fnisse</strong></span> <span class='ocrx_word' id='word_1_40' title='bbox 245 318 363 348; x_wconf 86' lang='lat' dir='ltr'><strong>veniam,</strong></span> <span class='ocrx_word' id='word_1_41' title='bbox 380 327 389 343; x_wconf 82' lang='lat'><strong>|</strong></span> <span class='ocrx_word' id='word_1_42' title='bbox 402 325 461 352; x_wconf 64' lang='lat' dir='ltr'><strong>quae</strong></span> <span class='ocrx_word' id='word_1_43' title='bbox 487 318 618 352; x_wconf 79' lang='lat' dir='ltr'><strong>impertiri</strong></span> <span class='ocrx_word' id='word_1_44' title='bbox 631 317 707 350; x_wconf 87' lang='lat' dir='ltr'><strong>solet,</strong></span> <span class='ocrx_word' id='word_1_45' title='bbox 724 318 798 346; x_wconf 82' lang='lat' dir='ltr'><strong>verbi</strong></span> <span class='ocrx_word' id='word_1_46' title='bbox 815 326 877 353; x_wconf 82' lang='lat' dir='ltr'><strong>gra-</strong></span> 
     </span>
    </p>
   </div>
   <div class='ocr_carea' id='block_1_8' title="bbox 88 362 878 398">
    <p class='ocr_par' dir='ltr' id='par_1_8' title="bbox 88 362 878 398">
     <span class='ocr_line' id='line_1_8' title="bbox 88 362 878 398; baseline 0.001 -8"><span class='ocrx_word' id='word_1_47' title='bbox 88 363 143 397; x_wconf 88' lang='lat' dir='ltr'><strong>tia,</strong></span> <span class='ocrx_word' id='word_1_48' title='bbox 158 364 201 391; x_wconf 89' lang='lat' dir='ltr'><strong>his</strong></span> <span class='ocrx_word' id='word_1_49' title='bbox 220 364 264 398; x_wconf 89' lang='lat' dir='ltr'><strong>qui</strong></span> <span class='ocrx_word' id='word_1_50' title='bbox 280 362 435 391; x_wconf 64' lang='lat' dir='ltr'><strong>Graecorum</strong></span> <span class='ocrx_word' id='word_1_51' title='bbox 456 364 626 392; x_wconf 66' lang='lat' dir='ltr'><strong>saecularium</strong></span> <span class='ocrx_word' id='word_1_52' title='bbox 645 364 738 396; x_wconf 87' lang='lat' dir='ltr'><strong>libros,</strong></span> <span class='ocrx_word' id='word_1_53' title='bbox 753 363 796 391; x_wconf 89' lang='lat' dir='ltr'><strong>vel</strong></span> <span class='ocrx_word' id='word_1_54' title='bbox 812 372 878 391; x_wconf 91' lang='lat' dir='ltr'><strong>non-</strong></span> 
     </span>
    </p>
   </div>
   <div class='ocr_carea' id='block_1_9' title="bbox 87 409 877 445">
    <p class='ocr_par' dir='ltr' id='par_1_9' title="bbox 87 409 877 445">
     <span class='ocr_line' id='line_1_9' title="bbox 87 409 877 445; baseline 0.004 -10"><span class='ocrx_word' id='word_1_55' title='bbox 87 417 233 445; x_wconf 80' lang='lat' dir='ltr'><strong>nunquam</strong></span> <span class='ocrx_word' id='word_1_56' title='bbox 247 410 327 437; x_wconf 90' lang='lat' dir='ltr'><strong>etiam</strong></span> <span class='ocrx_word' id='word_1_57' title='bbox 343 409 533 438; x_wconf 71' lang='lat' dir='ltr'><strong>haereticorum</strong></span> <span class='ocrx_word' id='word_1_58' title='bbox 543 411 719 445; x_wconf 87' lang='lat' dir='ltr'><strong>percontandi</strong></span> <span class='ocrx_word' id='word_1_59' title='bbox 735 415 818 445; x_wconf 87' lang='lat' dir='ltr'><strong>atque</strong></span> <span class='ocrx_word' id='word_1_60' title='bbox 830 418 877 438; x_wconf 89' lang='lat' dir='ltr'><strong>eo-</strong></span> 
     </span>
    </p>
   </div>
   <div class='ocr_carea' id='block_1_10' title="bbox 86 455 879 492">
    <p class='ocr_par' dir='ltr' id='par_1_10' title="bbox 86 455 879 492">
     <span class='ocr_line' id='line_1_10' title="bbox 86 455 879 492; baseline 0 -9"><span class='ocrx_word' id='word_1_61' title='bbox 86 456 241 491; x_wconf 76' lang='lat' dir='ltr'><strong>gnoscendi</strong></span> <span class='ocrx_word' id='word_1_62' title='bbox 266 455 356 483; x_wconf 81' lang='lat' dir='ltr'><strong>studio</strong></span> <span class='ocrx_word' id='word_1_63' title='bbox 378 456 537 483; x_wconf 87' lang='lat' dir='ltr'><strong>decurrunt.</strong></span> <span class='ocrx_word' id='word_1_64' title='bbox 567 466 575 483; x_wconf 85' lang='grc' dir='ltr'>ι</span> <span class='ocrx_word' id='word_1_65' title='bbox 606 456 738 492; x_wconf 82' lang='lat' dir='ltr'><strong>Pamphili</strong></span> <span class='ocrx_word' id='word_1_66' title='bbox 770 456 879 484; x_wconf 83' lang='lat' dir='ltr'><strong>circiter</strong></span> 
     </span>
    </p>
   </div>
   <div class='ocr_carea' id='block_1_11' title="bbox 86 501 877 538">
    <p class='ocr_par' dir='ltr' id='par_1_11' title="bbox 86 501 877 538">
     <span class='ocr_line' id='line_1_11' title="bbox 86 501 877 538; baseline 0.003 -10"><span class='ocrx_word' id='word_1_67' title='bbox 86 502 261 538; x_wconf 84' lang='lat' dir='ltr'><strong>temporibus</strong></span> <span class='ocrx_word' id='word_1_68' title='bbox 274 501 384 529; x_wconf 83' lang='lat' dir='ltr'><strong>ﬂorebat</strong></span> <span class='ocrx_word' id='word_1_69' title='bbox 399 501 560 530; x_wconf 82' lang='lat' dir='ltr'><strong>Pachumius</strong></span> <span class='ocrx_word' id='word_1_70' title='bbox 575 503 677 535; x_wconf 83' lang='lat' dir='ltr'><strong>abbas,</strong></span> <span class='ocrx_word' id='word_1_71' title='bbox 699 503 761 530; x_wconf 73' lang='lat' dir='ltr'><strong>vita:</strong></span> <span class='ocrx_word' id='word_1_72' title='bbox 776 503 877 532; x_wconf 86' lang='lat' dir='ltr'><strong>sancti-</strong></span> 
     </span>
    </p>
   </div>
   <div class='ocr_carea' id='block_1_12' title="bbox 87 548 879 585">
    <p class='ocr_par' dir='ltr' id='par_1_12' title="bbox 87 548 879 585">
     <span class='ocr_line' id='line_1_12' title="bbox 87 548 879 585; baseline 0.004 -11"><span class='ocrx_word' id='word_1_73' title='bbox 87 553 150 575; x_wconf 92' lang='lat' dir='ltr'><strong>tate</strong></span> <span class='ocrx_word' id='word_1_74' title='bbox 164 548 288 580; x_wconf 83' lang='lat' dir='ltr'><strong>illustris,</strong></span> <span class='ocrx_word' id='word_1_75' title='bbox 300 556 379 584; x_wconf 87' lang='lat' dir='ltr'><strong>quem</strong></span> <span class='ocrx_word' id='word_1_76' title='bbox 393 548 447 583; x_wconf 87' lang='lat' dir='ltr'><strong>jam</strong></span> <span class='ocrx_word' id='word_1_77' title='bbox 463 549 542 576; x_wconf 89' lang='lat' dir='ltr'><strong>morti</strong></span> <span class='ocrx_word' id='word_1_78' title='bbox 556 549 718 585; x_wconf 78' lang='lat' dir='ltr'><strong>proximum,</strong></span> <span class='ocrx_word' id='word_1_79' title='bbox 734 550 879 578; x_wconf 84' lang='lat' dir='ltr'><strong>monachos</strong></span> 
     </span>
    </p>
   </div>
   <div class='ocr_carea' id='block_1_13' title="bbox 85 594 878 631">
    <p class='ocr_par' dir='ltr' id='par_1_13' title="bbox 85 594 878 631">
     <span class='ocr_line' id='line_1_13' title="bbox 85 594 878 631; baseline 0.004 -10"><span class='ocrx_word' id='word_1_80' title='bbox 85 601 156 621; x_wconf 83' lang='lat' dir='ltr'><strong>suos</strong></span> <span class='ocrx_word' id='word_1_81' title='bbox 173 595 208 622; x_wconf 88' lang='lat' dir='ltr'><strong>ab</strong></span> <span class='ocrx_word' id='word_1_82' title='bbox 223 602 315 622; x_wconf 90' lang='lat' dir='ltr'><strong>earum</strong></span> <span class='ocrx_word' id='word_1_83' title='bbox 337 594 554 622; x_wconf 82' lang='lat' dir='ltr'><strong>lucubrationum</strong></span> <span class='ocrx_word' id='word_1_84' title='bbox 579 594 695 623; x_wconf 84' lang='lat' dir='ltr'><strong>lectione</strong></span> <span class='ocrx_word' id='word_1_85' title='bbox 710 596 878 631; x_wconf 77' lang='lat' dir='ltr'><strong>gravissimis</strong></span> 
     </span>
    </p>
   </div>
   <div class='ocr_carea' id='block_1_14' title="bbox 85 640 879 676">
    <p class='ocr_par' dir='ltr' id='par_1_14' title="bbox 85 640 879 676">
     <span class='ocr_line' id='line_1_14' title="bbox 85 640 879 676; baseline 0.004 -10"><span class='ocrx_word' id='word_1_86' title='bbox 85 640 185 667; x_wconf 79' lang='lat' dir='ltr'><strong>verbis</strong></span> <span class='ocrx_word' id='word_1_87' title='bbox 202 640 374 674; x_wconf 82' lang='lat' dir='ltr'><strong>prohibuisse</strong></span> <span class='ocrx_word' id='word_1_88' title='bbox 395 646 508 673; x_wconf 92' lang='lat' dir='ltr'><strong>narrat,</strong></span> <span class='ocrx_word' id='word_1_89' title='bbox 531 641 577 676; x_wconf 91' lang='lat' dir='ltr'><strong>qui</strong></span> <span class='ocrx_word' id='word_1_90' title='bbox 601 642 683 669; x_wconf 88' lang='lat' dir='ltr'><strong>vilam</strong></span> <span class='ocrx_word' id='word_1_91' title='bbox 700 643 757 676; x_wconf 79' lang='lat' dir='ltr'><strong>ejus</strong></span> <span class='ocrx_word' id='word_1_92' title='bbox 782 642 879 669; x_wconf 88' lang='lat' dir='ltr'><strong>litteris</strong></span> 
     </span>
    </p>
   </div>
   <div class='ocr_carea' id='block_1_15' title="bbox 84 687 878 723">
    <p class='ocr_par' dir='ltr' id='par_1_15' title="bbox 84 687 878 723">
     <span class='ocr_line' id='line_1_15' title="bbox 84 687 878 723; baseline 0.003 -10"><span class='ocrx_word' id='word_1_93' title='bbox 84 687 260 721; x_wconf 80' lang='lat' dir='ltr'><strong>consignavit</strong></span> <span class='ocrx_word' id='word_1_94' title='bbox 274 693 282 714; x_wconf 86' lang='lat'><strong>:</strong></span> <span class='ocrx_word' id='word_1_95' title='bbox 299 687 345 714; x_wconf 86' lang='lat' dir='ltr'><strong>sed</strong></span> <span class='ocrx_word' id='word_1_96' title='bbox 363 687 442 714; x_wconf 81' lang='lat' dir='ltr'><strong>[idem</strong></span> <span class='ocrx_word' id='word_1_97' title='bbox 470 687 619 714; x_wconf 77' lang='lat' dir='ltr'><strong>narrationi</strong></span> <span class='ocrx_word' id='word_1_98' title='bbox 635 688 752 715; x_wconf 83' lang='lat' dir='ltr'><strong>detrahit</strong></span> <span class='ocrx_word' id='word_1_99' title='bbox 768 695 878 723; x_wconf 83' lang='lat' dir='ltr'><strong>perspe-</strong></span> 
     </span>
    </p>
   </div>
   <div class='ocr_carea' id='block_1_16' title="bbox 85 732 878 768">
    <p class='ocr_par' dir='ltr' id='par_1_16' title="bbox 85 732 878 768">
     <span class='ocr_line' id='line_1_16' title="bbox 85 732 878 768; baseline 0 -8"><span class='ocrx_word' id='word_1_100' title='bbox 85 737 164 760; x_wconf 87' lang='lat' dir='ltr'><strong>ctum</strong></span> <span class='ocrx_word' id='word_1_101' title='bbox 179 733 328 768; x_wconf 88' lang='lat' dir='ltr'><strong>Scriptoris</strong></span> <span class='ocrx_word' id='word_1_102' title='bbox 342 732 472 760; x_wconf 86' lang='lat' dir='ltr'><strong>adversus</strong></span> <span class='ocrx_word' id='word_1_103' title='bbox 490 732 688 768; x_wconf 85' lang='lat' dir='ltr'><strong>Origenismum</strong></span> <span class='ocrx_word' id='word_1_104' title='bbox 700 733 801 761; x_wconf 93' lang='lat' dir='ltr'><strong>odium.</strong></span> <span class='ocrx_word' id='word_1_105' title='bbox 812 733 878 760; x_wconf 82' lang='lat' dir='ltr'><strong>Mul-</strong></span> 
     </span>
    </p>
   </div>
   <div class='ocr_carea' id='block_1_17' title="bbox 86 779 876 815">
    <p class='ocr_par' dir='ltr' id='par_1_17' title="bbox 86 779 876 815">
     <span class='ocr_line' id='line_1_17' title="bbox 86 779 876 815; baseline 0.001 -9"><span class='ocrx_word' id='word_1_106' title='bbox 86 783 149 806; x_wconf 84' lang='lat' dir='ltr'><strong>tum</strong></span> <span class='ocrx_word' id='word_1_107' title='bbox 166 779 262 807; x_wconf 88' lang='lat' dir='ltr'><strong>deinde</strong></span> <span class='ocrx_word' id='word_1_108' title='bbox 289 787 304 806; x_wconf 83' lang='lat' dir='ltr'><strong>a</strong></span> <span class='ocrx_word' id='word_1_109' title='bbox 331 779 480 814; x_wconf 87' lang='lat' dir='ltr'><strong>Theophilo</strong></span> <span class='ocrx_word' id='word_1_110' title='bbox 504 784 531 807; x_wconf 89' lang='lat' dir='ltr'><strong>et</strong></span> <span class='ocrx_word' id='word_1_111' title='bbox 553 780 702 815; x_wconf 82' lang='lat' dir='ltr'><strong>Epiphanio</strong></span> <span class='ocrx_word' id='word_1_112' title='bbox 728 779 876 808; x_wconf 85' lang='lat' dir='ltr'><strong>laboratum</strong></span> 
     </span>
    </p>
   </div>
   <div class='ocr_carea' id='block_1_18' title="bbox 84 825 876 856">
    <p class='ocr_par' dir='ltr' id='par_1_18' title="bbox 84 825 876 856">
     <span class='ocr_line' id='line_1_18' title="bbox 84 825 876 856; baseline 0.001 -5"><span class='ocrx_word' id='word_1_113' title='bbox 84 829 143 856; x_wconf 84' lang='lat' dir='ltr'><strong>est,</strong></span> <span class='ocrx_word' id='word_1_114' title='bbox 160 825 281 852; x_wconf 90' lang='lat' dir='ltr'><strong>omnium</strong></span> <span class='ocrx_word' id='word_1_115' title='bbox 299 825 333 853; x_wconf 92' lang='lat' dir='ltr'><strong>de</strong></span> <span class='ocrx_word' id='word_1_116' title='bbox 355 825 484 853; x_wconf 91' lang='lat' dir='ltr'><strong>manibus</strong></span> <span class='ocrx_word' id='word_1_117' title='bbox 505 826 523 853; x_wconf 91' lang='lat' dir='ltr'><strong>ii</strong></span> <span class='ocrx_word' id='word_1_118' title='bbox 542 825 603 853; x_wconf 87' lang='lat' dir='ltr'><strong>libri</strong></span> <span class='ocrx_word' id='word_1_119' title='bbox 617 830 647 853; x_wconf 90' lang='lat' dir='ltr'><strong>ut</strong></span> <span class='ocrx_word' id='word_1_120' title='bbox 661 830 851 854; x_wconf 81' lang='lat' dir='ltr'><strong>excuterentur</strong></span> <span class='ocrx_word' id='word_1_121' title='bbox 869 834 876 852; x_wconf 91' lang='lat'>:</span> 
     </span>
    </p>
   </div>
   <div class='ocr_carea' id='block_1_19' title="bbox 928 229 1711 265">
    <p class='ocr_par' dir='ltr' id='par_1_19' title="bbox 928 229 1711 265">
     <span class='ocr_line' id='line_1_19' title="bbox 928 229 1711 265; baseline 0 -8"><span class='ocrx_word' id='word_1_122' title='bbox 928 230 1081 265; x_wconf 88' lang='lat' dir='ltr'><strong>complures</strong></span> <span class='ocrx_word' id='word_1_123' title='bbox 1095 230 1224 264; x_wconf 83' lang='lat' dir='ltr'><strong>episcopi,</strong></span> <span class='ocrx_word' id='word_1_124' title='bbox 1238 234 1264 256; x_wconf 90' lang='lat' dir='ltr'><strong>et</strong></span> <span class='ocrx_word' id='word_1_125' title='bbox 1278 229 1456 265; x_wconf 74' lang='grc' dir='ltr'><strong>καθαιρετικὰ</strong></span> <span class='ocrx_word' id='word_1_126' title='bbox 1470 229 1512 256; x_wconf 94' lang='lat' dir='ltr'><strong>illa</strong></span> <span class='ocrx_word' id='word_1_127' title='bbox 1532 229 1711 264; x_wconf 78' lang='lat' dir='ltr'><strong>Origeniauo-</strong></span> 
     </span>
    </p>
   </div>
   <div class='ocr_carea' id='block_1_20' title="bbox 928 274 1711 311">
    <p class='ocr_par' dir='ltr' id='par_1_20' title="bbox 928 274 1711 311">
     <span class='ocr_line' id='line_1_20' title="bbox 928 274 1711 311; baseline -0.001 -8"><span class='ocrx_word' id='word_1_128' title='bbox 928 283 989 303; x_wconf 89' lang='lat' dir='ltr'><strong>rum</strong></span> <span class='ocrx_word' id='word_1_129' title='bbox 1002 282 1123 311; x_wconf 89' lang='lat' dir='ltr'><strong>operum,</strong></span> <span class='ocrx_word' id='word_1_130' title='bbox 1140 282 1199 310; x_wconf 61' lang='lat' dir='ltr'><strong>quae</strong></span> <span class='ocrx_word' id='word_1_131' title='bbox 1214 274 1471 308; x_wconf 82' lang='lat' dir='ltr'><strong>Constantinopolim</strong></span> <span class='ocrx_word' id='word_1_132' title='bbox 1493 274 1633 303; x_wconf 81' lang='lat' dir='ltr'><strong>invexerat</strong></span> <span class='ocrx_word' id='word_1_133' title='bbox 1647 275 1711 310; x_wconf 82' lang='lat' dir='ltr'><strong>Epi-</strong></span> 
     </span>
    </p>
   </div>
   <div class='ocr_carea' id='block_1_21' title="bbox 930 320 1712 357">
    <p class='ocr_par' dir='ltr' id='par_1_21' title="bbox 930 320 1712 357">
     <span class='ocr_line' id='line_1_21' title="bbox 930 320 1712 357; baseline -0.001 -8"><span class='ocrx_word' id='word_1_134' title='bbox 930 321 1044 357; x_wconf 86' lang='lat' dir='ltr'><strong>phanius</strong></span> <span class='ocrx_word' id='word_1_135' title='bbox 1056 341 1064 353; x_wconf 88' lang='lat'><strong>,</strong></span> <span class='ocrx_word' id='word_1_136' title='bbox 1078 320 1276 355; x_wconf 86' lang='lat' dir='ltr'><strong>subscriptione</strong></span> <span class='ocrx_word' id='word_1_137' title='bbox 1291 328 1338 347; x_wconf 87' lang='lat' dir='ltr'><strong>sua</strong></span> <span class='ocrx_word' id='word_1_138' title='bbox 1355 321 1396 347; x_wconf 88' lang='lat' dir='ltr'><strong>vel</strong></span> <span class='ocrx_word' id='word_1_139' title='bbox 1416 328 1527 348; x_wconf 85' lang='lat' dir='ltr'><strong>assensu</strong></span> <span class='ocrx_word' id='word_1_140' title='bbox 1547 321 1712 348; x_wconf 79' lang='lat' dir='ltr'><strong>conﬁrmare</strong></span> 
     </span>
    </p>
   </div>
   <div class='ocr_carea' id='block_1_22' title="bbox 930 366 1711 402">
    <p class='ocr_par' dir='ltr' id='par_1_22' title="bbox 930 366 1711 402">
     <span class='ocr_line' id='line_1_22' title="bbox 930 366 1711 402; baseline 0 -8"><span class='ocrx_word' id='word_1_141' title='bbox 930 372 1086 394; x_wconf 87' lang='lat' dir='ltr'><strong>renuerunt.</strong></span> <span class='ocrx_word' id='word_1_142' title='bbox 1105 366 1140 394; x_wconf 88' lang='lat' dir='ltr'><strong>Ea</strong></span> <span class='ocrx_word' id='word_1_143' title='bbox 1153 367 1233 394; x_wconf 87' lang='lat' dir='ltr'><strong>etiam</strong></span> <span class='ocrx_word' id='word_1_144' title='bbox 1249 367 1383 399; x_wconf 90' lang='lat' dir='ltr'><strong>videntur,</strong></span> <span class='ocrx_word' id='word_1_145' title='bbox 1399 367 1421 394; x_wconf 88' lang='lat' dir='ltr'><strong>si</strong></span> <span class='ocrx_word' id='word_1_146' title='bbox 1436 374 1489 394; x_wconf 92' lang='lat' dir='ltr'><strong>non</strong></span> <span class='ocrx_word' id='word_1_147' title='bbox 1508 366 1597 401; x_wconf 89' lang='lat' dir='ltr'><strong>palam</strong></span> <span class='ocrx_word' id='word_1_148' title='bbox 1614 374 1711 402; x_wconf 90' lang='lat' dir='ltr'><strong>appro-</strong></span> 
     </span>
    </p>
   </div>
   <div class='ocr_carea' id='block_1_23' title="bbox 929 412 1712 448">
    <p class='ocr_par' dir='ltr' id='par_1_23' title="bbox 929 412 1712 448">
     <span class='ocr_line' id='line_1_23' title="bbox 929 412 1712 448; baseline 0 -8"><span class='ocrx_word' id='word_1_149' title='bbox 929 413 1008 441; x_wconf 87' lang='lat' dir='ltr'><strong>basse</strong></span> <span class='ocrx_word' id='word_1_150' title='bbox 1021 433 1028 445; x_wconf 90' lang='lat'><strong>,</strong></span> <span class='ocrx_word' id='word_1_151' title='bbox 1044 417 1071 440; x_wconf 86' lang='lat' dir='ltr'><strong>at</strong></span> <span class='ocrx_word' id='word_1_152' title='bbox 1093 418 1166 440; x_wconf 87' lang='lat' dir='ltr'><strong>certe</strong></span> <span class='ocrx_word' id='word_1_153' title='bbox 1185 421 1238 440; x_wconf 92' lang='lat' dir='ltr'><strong>non</strong></span> <span class='ocrx_word' id='word_1_154' title='bbox 1261 413 1366 448; x_wconf 85' lang='lat' dir='ltr'><strong>penitus</strong></span> <span class='ocrx_word' id='word_1_155' title='bbox 1391 413 1525 447; x_wconf 82' lang='lat' dir='ltr'><strong>respuisse</strong></span> <span class='ocrx_word' id='word_1_156' title='bbox 1536 431 1545 445; x_wconf 90' lang='lat'><strong>,</strong></span> <span class='ocrx_word' id='word_1_157' title='bbox 1559 412 1712 447; x_wconf 87' lang='lat' dir='ltr'><strong>quicunque</strong></span> 
     </span>
    </p>
   </div>
   <div class='ocr_carea' id='block_1_24' title="bbox 929 458 1711 494">
    <p class='ocr_par' dir='ltr' id='par_1_24' title="bbox 929 458 1711 494">
     <span class='ocr_line' id='line_1_24' title="bbox 929 458 1711 494; baseline -0.003 -7"><span class='ocrx_word' id='word_1_158' title='bbox 929 467 992 487; x_wconf 86' lang='lat' dir='ltr'><strong>suas</strong></span> <span class='ocrx_word' id='word_1_159' title='bbox 1004 467 1037 486; x_wconf 93' lang='lat' dir='ltr'><strong>ex</strong></span> <span class='ocrx_word' id='word_1_160' title='bbox 1062 459 1096 487; x_wconf 89' lang='lat' dir='ltr'><strong>iis</strong></span> <span class='ocrx_word' id='word_1_161' title='bbox 1111 458 1257 494; x_wconf 61' lang='lat' dir='ltr'><strong>Scriptura;</strong></span> <span class='ocrx_word' id='word_1_162' title='bbox 1279 466 1364 486; x_wconf 64' lang='lat' dir='ltr'><strong>sacrae</strong></span> <span class='ocrx_word' id='word_1_163' title='bbox 1381 458 1618 493; x_wconf 82' lang='lat' dir='ltr'><strong>interpretationes</strong></span> <span class='ocrx_word' id='word_1_164' title='bbox 1635 462 1711 485; x_wconf 83' lang='lat' dir='ltr'><strong>tran-</strong></span> 
     </span>
    </p>
   </div>
   <div class='ocr_carea' id='block_1_25' title="bbox 929 503 1711 539">
    <p class='ocr_par' dir='ltr' id='par_1_25' title="bbox 929 503 1711 539">
     <span class='ocr_line' id='line_1_25' title="bbox 929 503 1711 539; baseline -0.003 -7"><span class='ocrx_word' id='word_1_165' title='bbox 929 505 1073 537; x_wconf 86' lang='lat' dir='ltr'><strong>stulerunt,</strong></span> <span class='ocrx_word' id='word_1_166' title='bbox 1088 512 1156 539; x_wconf 88' lang='lat' dir='ltr'><strong>quos</strong></span> <span class='ocrx_word' id='word_1_167' title='bbox 1167 504 1193 531; x_wconf 93' lang='lat' dir='ltr'><strong>in</strong></span> <span class='ocrx_word' id='word_1_168' title='bbox 1209 504 1443 532; x_wconf 87' lang='lat' dir='ltr'><strong>observationibus</strong></span> <span class='ocrx_word' id='word_1_169' title='bbox 1454 512 1502 539; x_wconf 89' lang='lat' dir='ltr'><strong>pro</strong></span> <span class='ocrx_word' id='word_1_170' title='bbox 1520 509 1642 538; x_wconf 86' lang='lat' dir='ltr'><strong>tempore</strong></span> <span class='ocrx_word' id='word_1_171' title='bbox 1652 503 1711 531; x_wconf 82' lang='lat' dir='ltr'><strong>lau-</strong></span> 
     </span>
    </p>
   </div>
   <div class='ocr_carea' id='block_1_26' title="bbox 929 550 1711 585">
    <p class='ocr_par' dir='ltr' id='par_1_26' title="bbox 929 550 1711 585">
     <span class='ocr_line' id='line_1_26' title="bbox 929 550 1711 585; baseline -0.001 -7"><span class='ocrx_word' id='word_1_172' title='bbox 929 550 1062 578; x_wconf 86' lang='lat' dir='ltr'><strong>davimus.</strong></span> <span class='ocrx_word' id='word_1_173' title='bbox 1088 550 1122 577; x_wconf 87' lang='lat' dir='ltr'><strong>Et</strong></span> <span class='ocrx_word' id='word_1_174' title='bbox 1145 551 1269 585; x_wconf 87' lang='lat' dir='ltr'><strong>quamvis</strong></span> <span class='ocrx_word' id='word_1_175' title='bbox 1289 550 1416 578; x_wconf 60' lang='lat' dir='ltr'><strong>Ecclesiae</strong></span> <span class='ocrx_word' id='word_1_176' title='bbox 1428 551 1546 578; x_wconf 86' lang='lat' dir='ltr'><strong>decretis</strong></span> <span class='ocrx_word' id='word_1_177' title='bbox 1566 550 1711 585; x_wconf 89' lang='lat' dir='ltr'><strong>aliquando</strong></span> 
     </span>
    </p>
   </div>
   <div class='ocr_carea' id='block_1_27' title="bbox 929 596 1712 629">
    <p class='ocr_par' dir='ltr' id='par_1_27' title="bbox 929 596 1712 629">
     <span class='ocr_line' id='line_1_27' title="bbox 929 596 1712 629; baseline 0.004 -7"><span class='ocrx_word' id='word_1_178' title='bbox 929 596 1012 624; x_wconf 82' lang='lat' dir='ltr'><strong>vetita</strong></span> <span class='ocrx_word' id='word_1_179' title='bbox 1020 601 1093 624; x_wconf 87' lang='lat' dir='ltr'><strong>esset</strong></span> <span class='ocrx_word' id='word_1_180' title='bbox 1107 603 1200 624; x_wconf 91' lang='lat' dir='ltr'><strong>eorum</strong></span> <span class='ocrx_word' id='word_1_181' title='bbox 1218 596 1309 629; x_wconf 89' lang='lat' dir='ltr'><strong>lectio,</strong></span> <span class='ocrx_word' id='word_1_182' title='bbox 1319 596 1362 624; x_wconf 88' lang='lat' dir='ltr'><strong>bis</strong></span> <span class='ocrx_word' id='word_1_183' title='bbox 1380 601 1467 624; x_wconf 88' lang='lat' dir='ltr'><strong>tamen</strong></span> <span class='ocrx_word' id='word_1_184' title='bbox 1483 597 1634 625; x_wconf 83' lang='lat' dir='ltr'><strong>contrarius</strong></span> <span class='ocrx_word' id='word_1_185' title='bbox 1647 603 1712 625; x_wconf 81' lang='lat' dir='ltr'><strong>usus</strong></span> 
     </span>
    </p>
   </div>
   <div class='ocr_carea' id='block_1_28' title="bbox 929 641 1230 676">
    <p class='ocr_par' dir='ltr' id='par_1_28' title="bbox 929 641 1230 676">
     <span class='ocr_line' id='line_1_28' title="bbox 929 641 1230 676; baseline -0.003 -7"><span class='ocrx_word' id='word_1_186' title='bbox 929 641 1072 676; x_wconf 78' lang='lat' dir='ltr'><strong>derogasse</strong></span> <span class='ocrx_word' id='word_1_187' title='bbox 1083 642 1230 669; x_wconf 82' lang='lat' dir='ltr'><strong>diceretur.</strong></span> 
     </span>
    </p>
   </div>
   <div class='ocr_carea' id='block_1_29' title="bbox 964 686 1712 722">
    <p class='ocr_par' dir='ltr' id='par_1_29' title="bbox 964 686 1712 722">
     <span class='ocr_line' id='line_1_29' title="bbox 964 686 1712 722; baseline 0.001 -9"><span class='ocrx_word' id='word_1_188' title='bbox 964 686 1129 722; x_wconf 67' lang='lat' dir='ltr'><strong>IEquissima</strong></span> <span class='ocrx_word' id='word_1_189' title='bbox 1154 688 1211 715; x_wconf 85' lang='lat' dir='ltr'><strong>haec</strong></span> <span class='ocrx_word' id='word_1_190' title='bbox 1227 686 1349 722; x_wconf 84' lang='lat' dir='ltr'><strong>profecto</strong></span> <span class='ocrx_word' id='word_1_191' title='bbox 1361 707 1368 719; x_wconf 92' lang='lat'><strong>,</strong></span> <span class='ocrx_word' id='word_1_192' title='bbox 1388 691 1413 714; x_wconf 90' lang='lat' dir='ltr'><strong>et</strong></span> <span class='ocrx_word' id='word_1_193' title='bbox 1431 691 1560 721; x_wconf 85' lang='lat' dir='ltr'><strong>perpetua</strong></span> <span class='ocrx_word' id='word_1_194' title='bbox 1584 686 1712 714; x_wconf 79' lang='lat' dir='ltr'><strong>Ecclesia:</strong></span> 
     </span>
    </p>
   </div>
   <div class='ocr_carea' id='block_1_30' title="bbox 929 732 1711 766">
    <p class='ocr_par' dir='ltr' id='par_1_30' title="bbox 929 732 1711 766">
     <span class='ocr_line' id='line_1_30' title="bbox 929 732 1711 766; baseline 0 -7"><span class='ocrx_word' id='word_1_195' title='bbox 929 733 1106 760; x_wconf 89' lang='lat' dir='ltr'><strong>consensione</strong></span> <span class='ocrx_word' id='word_1_196' title='bbox 1122 733 1228 760; x_wconf 85' lang='lat' dir='ltr'><strong>ﬁrmata</strong></span> <span class='ocrx_word' id='word_1_197' title='bbox 1246 733 1353 760; x_wconf 90' lang='lat' dir='ltr'><strong>videtur</strong></span> <span class='ocrx_word' id='word_1_198' title='bbox 1366 740 1427 760; x_wconf 85' lang='lat' dir='ltr'><strong>esse</strong></span> <span class='ocrx_word' id='word_1_199' title='bbox 1442 733 1585 765; x_wconf 86' lang='lat' dir='ltr'><strong>sententia,</strong></span> <span class='ocrx_word' id='word_1_200' title='bbox 1603 740 1662 766; x_wconf 70' lang='lat' dir='ltr'><strong>qum</strong></span> <span class='ocrx_word' id='word_1_201' title='bbox 1678 732 1711 759; x_wconf 92' lang='lat' dir='ltr'><strong>li-</strong></span> 
     </span>
    </p>
   </div>
   <div class='ocr_carea' id='block_1_31' title="bbox 929 777 1711 813">
    <p class='ocr_par' dir='ltr' id='par_1_31' title="bbox 929 777 1711 813">
     <span class='ocr_line' id='line_1_31' title="bbox 929 777 1711 813; baseline 0 -9"><span class='ocrx_word' id='word_1_202' title='bbox 929 778 1037 805; x_wconf 89' lang='lat' dir='ltr'><strong>brorum</strong></span> <span class='ocrx_word' id='word_1_203' title='bbox 1055 777 1181 813; x_wconf 84' lang='lat' dir='ltr'><strong>Origenis</strong></span> <span class='ocrx_word' id='word_1_204' title='bbox 1197 785 1274 805; x_wconf 88' lang='lat' dir='ltr'><strong>usum</strong></span> <span class='ocrx_word' id='word_1_205' title='bbox 1290 777 1368 813; x_wconf 92' lang='lat' dir='ltr'><strong>vulgo</strong></span> <span class='ocrx_word' id='word_1_206' title='bbox 1388 777 1593 805; x_wconf 89' lang='lat' dir='ltr'><strong>concedendum</strong></span> <span class='ocrx_word' id='word_1_207' title='bbox 1606 777 1711 808; x_wconf 82' lang='lat' dir='ltr'><strong>deﬂuit.</strong></span> 
     </span>
    </p>
   </div>
   <div class='ocr_carea' id='block_1_32' title="bbox 930 822 1712 859">
    <p class='ocr_par' dir='ltr' id='par_1_32' title="bbox 930 822 1712 859">
     <span class='ocr_line' id='line_1_32' title="bbox 930 822 1712 859; baseline 0 -9"><span class='ocrx_word' id='word_1_208' title='bbox 930 823 1014 858; x_wconf 87' lang='lat' dir='ltr'><strong>ipsius</strong></span> <span class='ocrx_word' id='word_1_209' title='bbox 1037 822 1118 851; x_wconf 87' lang='lat' dir='ltr'><strong>modo</strong></span> <span class='ocrx_word' id='word_1_210' title='bbox 1135 831 1242 852; x_wconf 85' lang='lat' dir='ltr'><strong>errores</strong></span> <span class='ocrx_word' id='word_1_211' title='bbox 1262 823 1410 859; x_wconf 81' lang='lat' dir='ltr'><strong>fugiantur.</strong></span> <span class='ocrx_word' id='word_1_212' title='bbox 1428 824 1464 850; x_wconf 84' lang='lat' dir='ltr'><strong>lla</strong></span> <span class='ocrx_word' id='word_1_213' title='bbox 1481 824 1566 851; x_wconf 87' lang='lat' dir='ltr'><strong>sensit</strong></span> <span class='ocrx_word' id='word_1_214' title='bbox 1580 823 1712 858; x_wconf 87' lang='lat' dir='ltr'><strong>Hierony—</strong></span> 
     </span>
    </p>
   </div>
   <div class='ocr_carea' id='block_1_33' title="bbox 85 859 1711 906">
    <p class='ocr_par' dir='ltr' id='par_1_33' title="bbox 85 859 1711 906">
     <span class='ocr_line' id='line_1_33' title="bbox 85 859 1711 906; baseline -0.002 -8"><span class='ocrx_word' id='word_1_215' title='bbox 85 871 228 906; x_wconf 89' lang='lat' dir='ltr'><strong>proditum</strong></span> <span class='ocrx_word' id='word_1_216' title='bbox 244 871 341 906; x_wconf 85' lang='lat' dir='ltr'><strong>quippe</strong></span> <span class='ocrx_word' id='word_1_217' title='bbox 358 876 401 899; x_wconf 90' lang='lat' dir='ltr'><strong>est</strong></span> <span class='ocrx_word' id='word_1_218' title='bbox 414 879 428 898; x_wconf 91' lang='lat' dir='ltr'><strong>a</strong></span> <span class='ocrx_word' id='word_1_219' title='bbox 443 870 555 899; x_wconf 89' lang='lat' dir='ltr'><strong>Socrate</strong></span> <span class='ocrx_word' id='word_1_220' title='bbox 580 871 641 900; x_wconf 89' lang='lat' dir='ltr'><strong>libr.</strong></span> <span class='ocrx_word' id='word_1_221' title='bbox 657 879 693 904; x_wconf 75' lang='lat' dir='ltr'><strong>v1,</strong></span> <span class='ocrx_word' id='word_1_222' title='bbox 711 879 770 906; x_wconf 86' lang='lat' dir='ltr'><strong>cap.</strong></span> <span class='ocrx_word' id='word_1_223' title='bbox 786 871 813 905; x_wconf 88' lang='lat'><strong>9,</strong></span> <span class='ocrx_word' id='word_1_224' title='bbox 831 872 876 904; x_wconf 72' lang='lat' dir='ltr'><strong>te,</strong></span> <span class='ocrx_word' id='word_1_225' title='bbox 894 859 915 886; x_wconf 75' lang='grc' dir='ltr'><em>Β</em></span> <span class='ocrx_word' id='word_1_226' title='bbox 929 876 1005 900; x_wconf 82' lang='lat' dir='ltr'><strong>tuus,</strong></span> <span class='ocrx_word' id='word_1_227' title='bbox 1034 869 1232 903; x_wconf 87' lang='lat' dir='ltr'><strong>quantumlibet</strong></span> <span class='ocrx_word' id='word_1_228' title='bbox 1258 869 1421 896; x_wconf 81' lang='lat' dir='ltr'><strong>Adamantio</strong></span> <span class='ocrx_word' id='word_1_229' title='bbox 1444 869 1567 897; x_wconf 83' lang='lat' dir='ltr'><strong>infensus</strong></span> <span class='ocrx_word' id='word_1_230' title='bbox 1586 878 1594 896; x_wconf 69' lang='grc' dir='ltr'><strong>ε</strong></span> <span class='ocrx_word' id='word_1_231' title='bbox 1616 878 1625 894; x_wconf 81' lang='grc' dir='ltr'>ι</span> <span class='ocrx_word' id='word_1_232' title='bbox 1642 869 1711 902; x_wconf 84' lang='lat' dir='ltr'><strong>Quia</strong></span> 
     </span>
    </p>
   </div>
   <div class='ocr_carea' id='block_1_34' title="bbox 85 917 876 954">
    <p class='ocr_par' dir='ltr' id='par_1_34' title="bbox 85 917 876 954">
     <span class='ocr_line' id='line_1_34' title="bbox 85 917 876 954; baseline -0.001 -9"><span class='ocrx_word' id='word_1_233' title='bbox 85 923 118 945; x_wconf 89' lang='lat' dir='ltr'><strong>et</strong></span> <span class='ocrx_word' id='word_1_234' title='bbox 142 918 294 946; x_wconf 88' lang='lat' dir='ltr'><strong>Sozomeno</strong></span> <span class='ocrx_word' id='word_1_235' title='bbox 310 919 372 947; x_wconf 91' lang='lat' dir='ltr'><strong>libr.</strong></span> <span class='ocrx_word' id='word_1_236' title='bbox 390 926 449 950; x_wconf 88' lang='lat' dir='ltr'><strong>vm,</strong></span> <span class='ocrx_word' id='word_1_237' title='bbox 463 925 524 953; x_wconf 87' lang='lat' dir='ltr'><strong>cap.</strong></span> <span class='ocrx_word' id='word_1_238' title='bbox 545 919 588 951; x_wconf 70' lang='grc' dir='ltr'><strong>Η,</strong></span> <span class='ocrx_word' id='word_1_239' title='bbox 607 918 678 946; x_wconf 88' lang='lat' dir='ltr'><strong>solas</strong></span> <span class='ocrx_word' id='word_1_240' title='bbox 692 917 816 954; x_wconf 86' lang='lat' dir='ltr'><strong>Origenis</strong></span> <span class='ocrx_word' id='word_1_241' title='bbox 837 918 876 945; x_wconf 94' lang='lat' dir='ltr'><strong>lu-</strong></span> 
     </span>
    </p>
   </div>
   <div class='ocr_carea' id='block_1_35' title="bbox 85 963 875 998">
    <p class='ocr_par' dir='ltr' id='par_1_35' title="bbox 85 963 875 998">
     <span class='ocr_line' id='line_1_35' title="bbox 85 963 875 998; baseline 0 -8"><span class='ocrx_word' id='word_1_242' title='bbox 85 963 265 991; x_wconf 84' lang='lat' dir='ltr'><strong>cubrationes</strong></span> <span class='ocrx_word' id='word_1_243' title='bbox 289 963 462 991; x_wconf 83' lang='lat' dir='ltr'><strong>criminatum</strong></span> <span class='ocrx_word' id='word_1_244' title='bbox 484 971 544 990; x_wconf 84' lang='lat' dir='ltr'><strong>esse</strong></span> <span class='ocrx_word' id='word_1_245' title='bbox 566 963 754 998; x_wconf 84' lang='lat' dir='ltr'><strong>Theophilum,</strong></span> <span class='ocrx_word' id='word_1_246' title='bbox 782 971 875 991; x_wconf 83' lang='lat' dir='ltr'><strong>earum</strong></span> 
     </span>
    </p>
   </div>
   <div class='ocr_carea' id='block_1_36' title="bbox 86 1007 876 1042">
    <p class='ocr_par' dir='ltr' id='par_1_36' title="bbox 86 1007 876 1042">
     <span class='ocr_line' id='line_1_36' title="bbox 86 1007 876 1042; baseline 0.001 -9"><span class='ocrx_word' id='word_1_247' title='bbox 86 1007 155 1034; x_wconf 87' lang='lat' dir='ltr'><strong>licet</strong></span> <span class='ocrx_word' id='word_1_248' title='bbox 176 1007 339 1035; x_wconf 84' lang='lat' dir='ltr'><strong>auctoritate</strong></span> <span class='ocrx_word' id='word_1_249' title='bbox 353 1008 482 1035; x_wconf 86' lang='lat' dir='ltr'><strong>adversus</strong></span> <span class='ocrx_word' id='word_1_250' title='bbox 498 1008 613 1035; x_wconf 80' lang='lat' dir='ltr'><strong>Arianos</strong></span> <span class='ocrx_word' id='word_1_251' title='bbox 632 1007 688 1042; x_wconf 82' lang='lat' dir='ltr'><strong>jam</strong></span> <span class='ocrx_word' id='word_1_252' title='bbox 709 1013 771 1035; x_wconf 86' lang='lat' dir='ltr'><strong>ante</strong></span> <span class='ocrx_word' id='word_1_253' title='bbox 792 1007 876 1035; x_wconf 80' lang='lat' dir='ltr'><strong>Atha-</strong></span> 
     </span>
    </p>
   </div>
   <div class='ocr_carea' id='block_1_37' title="bbox 85 1054 874 1089">
    <p class='ocr_par' dir='ltr' id='par_1_37' title="bbox 85 1054 874 1089">
     <span class='ocr_line' id='line_1_37' title="bbox 85 1054 874 1089; baseline 0.001 -8"><span class='ocrx_word' id='word_1_254' title='bbox 85 1054 183 1082; x_wconf 85' lang='lat' dir='ltr'><strong>nasius</strong></span> <span class='ocrx_word' id='word_1_255' title='bbox 198 1059 361 1089; x_wconf 73' lang='lat' dir='ltr'><strong>pugnasset;</strong></span> <span class='ocrx_word' id='word_1_256' title='bbox 374 1054 544 1082; x_wconf 69' lang='lat' dir='ltr'><strong>Alexandrirc</strong></span> <span class='ocrx_word' id='word_1_257' title='bbox 563 1054 706 1082; x_wconf 89' lang='lat' dir='ltr'><strong>concilium</strong></span> <span class='ocrx_word' id='word_1_258' title='bbox 730 1054 874 1088; x_wconf 82' lang='lat' dir='ltr'><strong>conﬂasse,</strong></span> 
     </span>
    </p>
   </div>
   <div class='ocr_carea' id='block_1_38' title="bbox 87 1099 875 1134">
    <p class='ocr_par' dir='ltr' id='par_1_38' title="bbox 87 1099 875 1134">
     <span class='ocr_line' id='line_1_38' title="bbox 87 1099 875 1134; baseline 0.001 -9"><span class='ocrx_word' id='word_1_259' title='bbox 87 1099 119 1126; x_wconf 89' lang='lat' dir='ltr'><strong>in</strong></span> <span class='ocrx_word' id='word_1_260' title='bbox 143 1106 230 1134; x_wconf 86' lang='lat' dir='ltr'><strong>eoque</strong></span> <span class='ocrx_word' id='word_1_261' title='bbox 244 1099 294 1126; x_wconf 67' lang='lat' dir='ltr'><strong>illae</strong></span> <span class='ocrx_word' id='word_1_262' title='bbox 308 1104 336 1126; x_wconf 89' lang='lat' dir='ltr'><strong>ut</strong></span> <span class='ocrx_word' id='word_1_263' title='bbox 355 1099 561 1134; x_wconf 86' lang='lat' dir='ltr'><strong>repudiarentur</strong></span> <span class='ocrx_word' id='word_1_264' title='bbox 582 1100 743 1134; x_wconf 76' lang='lat' dir='ltr'><strong>perfecisse;</strong></span> <span class='ocrx_word' id='word_1_265' title='bbox 768 1101 875 1127; x_wconf 85' lang='lat' dir='ltr'><strong>easdem</strong></span> 
     </span>
    </p>
   </div>
   <div class='ocr_carea' id='block_1_39' title="bbox 86 1144 874 1181">
    <p class='ocr_par' dir='ltr' id='par_1_39' title="bbox 86 1144 874 1181">
     <span class='ocr_line' id='line_1_39' title="bbox 86 1144 874 1181; baseline 0.001 -10"><span class='ocrx_word' id='word_1_266' title='bbox 86 1145 117 1172; x_wconf 87' lang='lat' dir='ltr'><strong>in</strong></span> <span class='ocrx_word' id='word_1_267' title='bbox 129 1144 229 1180; x_wconf 87' lang='lat' dir='ltr'><strong>Cypria</strong></span> <span class='ocrx_word' id='word_1_268' title='bbox 242 1145 346 1180; x_wconf 85' lang='lat' dir='ltr'><strong>synodo</strong></span> <span class='ocrx_word' id='word_1_269' title='bbox 363 1152 443 1172; x_wconf 87' lang='lat' dir='ltr'><strong>suasu</strong></span> <span class='ocrx_word' id='word_1_270' title='bbox 459 1146 542 1180; x_wconf 88' lang='lat' dir='ltr'><strong>ipsius</strong></span> <span class='ocrx_word' id='word_1_271' title='bbox 556 1146 733 1181; x_wconf 77' lang='lat' dir='ltr'><strong>Epiphaniam</strong></span> <span class='ocrx_word' id='word_1_272' title='bbox 749 1146 874 1173; x_wconf 79' lang='lat' dir='ltr'><strong>damnas-</strong></span> 
     </span>
    </p>
   </div>
   <div class='ocr_carea' id='block_1_40' title="bbox 84 1190 873 1226">
    <p class='ocr_par' dir='ltr' id='par_1_40' title="bbox 84 1190 873 1226">
     <span class='ocr_line' id='line_1_40' title="bbox 84 1190 873 1226; baseline 0.003 -9"><span class='ocrx_word' id='word_1_273' title='bbox 84 1198 129 1223; x_wconf 84' lang='lat' dir='ltr'><strong>se,</strong></span> <span class='ocrx_word' id='word_1_274' title='bbox 145 1196 173 1218; x_wconf 90' lang='lat' dir='ltr'><strong>et</strong></span> <span class='ocrx_word' id='word_1_275' title='bbox 193 1199 227 1218; x_wconf 92' lang='lat' dir='ltr'><strong>ne</strong></span> <span class='ocrx_word' id='word_1_276' title='bbox 241 1192 301 1226; x_wconf 89' lang='lat' dir='ltr'><strong>quis</strong></span> <span class='ocrx_word' id='word_1_277' title='bbox 315 1191 348 1218; x_wconf 89' lang='lat' dir='ltr'><strong>iis</strong></span> <span class='ocrx_word' id='word_1_278' title='bbox 371 1190 491 1226; x_wconf 79' lang='lat' dir='ltr'><strong>legendis</strong></span> <span class='ocrx_word' id='word_1_279' title='bbox 509 1199 619 1226; x_wconf 83' lang='lat' dir='ltr'><strong>operam</strong></span> <span class='ocrx_word' id='word_1_280' title='bbox 644 1192 722 1219; x_wconf 82' lang='lat' dir='ltr'><strong>daret</strong></span> <span class='ocrx_word' id='word_1_281' title='bbox 740 1193 873 1226; x_wconf 89' lang='lat' dir='ltr'><strong>sanxisse,</strong></span> 
     </span>
    </p>
   </div>
   <div class='ocr_carea' id='block_1_41' title="bbox 84 1236 875 1273">
    <p class='ocr_par' dir='ltr' id='par_1_41' title="bbox 84 1236 875 1273">
     <span class='ocr_line' id='line_1_41' title="bbox 84 1236 875 1273; baseline 0.001 -10"><span class='ocrx_word' id='word_1_282' title='bbox 84 1236 228 1264; x_wconf 86' lang='lat' dir='ltr'><strong>decretum</strong></span> <span class='ocrx_word' id='word_1_283' title='bbox 242 1236 505 1272; x_wconf 83' lang='lat' dir='ltr'><strong>Constantinopolim</strong></span> <span class='ocrx_word' id='word_1_284' title='bbox 519 1238 626 1265; x_wconf 87' lang='lat' dir='ltr'><strong>misisse</strong></span> <span class='ocrx_word' id='word_1_285' title='bbox 638 1258 646 1269; x_wconf 84' lang='lat'><strong>.</strong></span> <span class='ocrx_word' id='word_1_286' title='bbox 662 1238 786 1273; x_wconf 86' lang='lat' dir='ltr'><strong>idemque</strong></span> <span class='ocrx_word' id='word_1_287' title='bbox 798 1244 827 1266; x_wconf 90' lang='lat' dir='ltr'><strong>ut</strong></span> <span class='ocrx_word' id='word_1_288' title='bbox 840 1238 875 1266; x_wconf 81' lang='lat' dir='ltr'><strong>fa-</strong></span> 
     </span>
    </p>
   </div>
   <div class='ocr_carea' id='block_1_42' title="bbox 83 1281 874 1318">
    <p class='ocr_par' dir='ltr' id='par_1_42' title="bbox 83 1281 874 1318">
     <span class='ocr_line' id='line_1_42' title="bbox 83 1281 874 1318; baseline 0.004 -9"><span class='ocrx_word' id='word_1_289' title='bbox 83 1287 177 1315; x_wconf 87' lang='lat' dir='ltr'><strong>ceret,</strong></span> <span class='ocrx_word' id='word_1_290' title='bbox 188 1281 409 1318; x_wconf 83' lang='lat' dir='ltr'><strong>Chrysostomum</strong></span> <span class='ocrx_word' id='word_1_291' title='bbox 421 1283 498 1311; x_wconf 87' lang='lat' dir='ltr'><strong>valde</strong></span> <span class='ocrx_word' id='word_1_292' title='bbox 514 1283 598 1311; x_wconf 89' lang='lat' dir='ltr'><strong>fuisse</strong></span> <span class='ocrx_word' id='word_1_293' title='bbox 614 1283 766 1318; x_wconf 88' lang='lat' dir='ltr'><strong>hortatum;</strong></span> <span class='ocrx_word' id='word_1_294' title='bbox 780 1284 874 1312; x_wconf 89' lang='lat' dir='ltr'><strong>eodem</strong></span> 
     </span>
    </p>
   </div>
   <div class='ocr_carea' id='block_1_43' title="bbox 85 1329 874 1365">
    <p class='ocr_par' dir='ltr' id='par_1_43' title="bbox 85 1329 874 1365">
     <span class='ocr_line' id='line_1_43' title="bbox 85 1329 874 1365; baseline 0.001 -9"><span class='ocrx_word' id='word_1_295' title='bbox 85 1329 179 1363; x_wconf 84' lang='lat' dir='ltr'><strong>ipsum</strong></span> <span class='ocrx_word' id='word_1_296' title='bbox 190 1329 378 1361; x_wconf 91' lang='lat' dir='ltr'><strong>contendisse,</strong></span> <span class='ocrx_word' id='word_1_297' title='bbox 401 1330 542 1365; x_wconf 85' lang='lat' dir='ltr'><strong>episcopos</strong></span> <span class='ocrx_word' id='word_1_298' title='bbox 560 1329 587 1356; x_wconf 91' lang='lat' dir='ltr'><strong>in</strong></span> <span class='ocrx_word' id='word_1_299' title='bbox 605 1337 681 1357; x_wconf 89' lang='lat' dir='ltr'><strong>suam</strong></span> <span class='ocrx_word' id='word_1_300' title='bbox 713 1331 874 1357; x_wconf 87' lang='lat' dir='ltr'><strong>sententiam</strong></span> 
     </span>
    </p>
   </div>
   <div class='ocr_carea' id='block_1_44' title="bbox 86 1375 873 1410">
    <p class='ocr_par' dir='ltr' id='par_1_44' title="bbox 86 1375 873 1410">
     <span class='ocr_line' id='line_1_44' title="bbox 86 1375 873 1410; baseline 0.001 -9"><span class='ocrx_word' id='word_1_301' title='bbox 86 1375 218 1409; x_wconf 85' lang='lat' dir='ltr'><strong>pellicere</strong></span> <span class='ocrx_word' id='word_1_302' title='bbox 233 1375 362 1408; x_wconf 86' lang='lat' dir='ltr'><strong>voluisse,</strong></span> <span class='ocrx_word' id='word_1_303' title='bbox 377 1380 404 1402; x_wconf 87' lang='lat' dir='ltr'><strong>et</strong></span> <span class='ocrx_word' id='word_1_304' title='bbox 417 1375 579 1410; x_wconf 83' lang='lat' dir='ltr'><strong>Origeniana</strong></span> <span class='ocrx_word' id='word_1_305' title='bbox 596 1375 712 1409; x_wconf 81' lang='lat' dir='ltr'><strong>denique</strong></span> <span class='ocrx_word' id='word_1_306' title='bbox 733 1376 832 1409; x_wconf 84' lang='lat' dir='ltr'><strong>scripta</strong></span> <span class='ocrx_word' id='word_1_307' title='bbox 848 1375 873 1402; x_wconf 93' lang='lat' dir='ltr'><strong>in</strong></span> 
     </span>
    </p>
   </div>
   <div class='ocr_carea' id='block_1_45' title="bbox 85 1420 871 1456">
    <p class='ocr_par' dir='ltr' id='par_1_45' title="bbox 85 1420 871 1456">
     <span class='ocr_line' id='line_1_45' title="bbox 85 1420 871 1456; baseline 0.001 -9"><span class='ocrx_word' id='word_1_308' title='bbox 85 1420 280 1456; x_wconf 83' lang='lat' dir='ltr'><strong>Apostolorum</strong></span> <span class='ocrx_word' id='word_1_309' title='bbox 305 1421 403 1455; x_wconf 88' lang='lat' dir='ltr'><strong>templo</strong></span> <span class='ocrx_word' id='word_1_310' title='bbox 426 1421 537 1456; x_wconf 72' lang='lat' dir='ltr'><strong>publica-</strong></span> <span class='ocrx_word' id='word_1_311' title='bbox 552 1421 759 1448; x_wconf 71' lang='lat' dir='ltr'><strong>denuntiatione</strong></span> <span class='ocrx_word' id='word_1_312' title='bbox 778 1429 871 1455; x_wconf 82' lang='lat' dir='ltr'><strong>repro-</strong></span> 
     </span>
    </p>
   </div>
   <div class='ocr_carea' id='block_1_46' title="bbox 85 1465 874 1501">
    <p class='ocr_par' dir='ltr' id='par_1_46' title="bbox 85 1465 874 1501">
     <span class='ocr_line' id='line_1_46' title="bbox 85 1465 874 1501; baseline -0.001 -8"><span class='ocrx_word' id='word_1_313' title='bbox 85 1466 158 1494; x_wconf 80' lang='lat' dir='ltr'><strong>bare</strong></span> <span class='ocrx_word' id='word_1_314' title='bbox 171 1471 311 1501; x_wconf 80' lang='lat' dir='ltr'><strong>parantem</strong></span> <span class='ocrx_word' id='word_1_315' title='bbox 327 1465 483 1501; x_wconf 85' lang='lat' dir='ltr'><strong>Serapionis</strong></span> <span class='ocrx_word' id='word_1_316' title='bbox 504 1465 607 1493; x_wconf 88' lang='lat' dir='ltr'><strong>monitu</strong></span> <span class='ocrx_word' id='word_1_317' title='bbox 621 1466 793 1493; x_wconf 81' lang='lat' dir='ltr'><strong>absterritum</strong></span> <span class='ocrx_word' id='word_1_318' title='bbox 810 1465 874 1492; x_wconf 85' lang='lat' dir='ltr'><strong>fuis-</strong></span> 
     </span>
    </p>
   </div>
   <div class='ocr_carea' id='block_1_47' title="bbox 85 1511 873 1551">
    <p class='ocr_par' dir='ltr' id='par_1_47' title="bbox 85 1511 873 1551">
     <span class='ocr_line' id='line_1_47' title="bbox 85 1511 873 1551; baseline -0.001 -12"><span class='ocrx_word' id='word_1_319' title='bbox 85 1519 129 1540; x_wconf 69' lang='lat' dir='ltr'><strong>se.</strong></span> <span class='ocrx_word' id='word_1_320' title='bbox 150 1511 173 1539; x_wconf 76' lang='grc' dir='ltr'>Α</span> <span class='ocrx_word' id='word_1_321' title='bbox 187 1511 318 1539; x_wconf 85' lang='lat' dir='ltr'><strong>Faustino</strong></span> <span class='ocrx_word' id='word_1_322' title='bbox 334 1519 441 1546; x_wconf 84' lang='lat' dir='ltr'><strong>quoque</strong></span> <span class='ocrx_word' id='word_1_323' title='bbox 454 1512 564 1539; x_wconf 89' lang='lat' dir='ltr'><strong>vetitum</strong></span> <span class='ocrx_word' id='word_1_324' title='bbox 578 1519 671 1551; x_wconf 73' lang='lat' dir='ltr'><strong>emptu</strong></span> <span class='ocrx_word' id='word_1_325' title='bbox 686 1519 761 1538; x_wconf 89' lang='lat' dir='ltr'><strong>usum</strong></span> <span class='ocrx_word' id='word_1_326' title='bbox 779 1511 873 1539; x_wconf 82' lang='lat' dir='ltr'><strong>teslitl-</strong></span> 
     </span>
    </p>
   </div>
   <div class='ocr_carea' id='block_1_48' title="bbox 86 1557 875 1594">
    <p class='ocr_par' dir='ltr' id='par_1_48' title="bbox 86 1557 875 1594">
     <span class='ocr_line' id='line_1_48' title="bbox 86 1557 875 1594; baseline -0.001 -9"><span class='ocrx_word' id='word_1_327' title='bbox 86 1563 170 1585; x_wconf 81' lang='lat' dir='ltr'><strong>catur</strong></span> <span class='ocrx_word' id='word_1_328' title='bbox 185 1557 364 1594; x_wconf 87' lang='lat' dir='ltr'><strong>llieronytnus</strong></span> <span class='ocrx_word' id='word_1_329' title='bbox 377 1558 456 1593; x_wconf 87' lang='lat' dir='ltr'><strong>epist.</strong></span> <span class='ocrx_word' id='word_1_330' title='bbox 471 1557 516 1590; x_wconf 84' lang='lat'><strong>76,</strong></span> <span class='ocrx_word' id='word_1_331' title='bbox 533 1558 566 1584; x_wconf 91' lang='lat' dir='ltr'><strong>ad</strong></span> <span class='ocrx_word' id='word_1_332' title='bbox 585 1557 733 1592; x_wconf 81' lang='lat' dir='ltr'><strong>Tranquill.</strong></span> <span class='ocrx_word' id='word_1_333' title='bbox 751 1557 806 1585; x_wconf 85' lang='lat' dir='ltr'><strong>Nec</strong></span> <span class='ocrx_word' id='word_1_334' title='bbox 823 1557 875 1584; x_wconf 83' lang='lat' dir='ltr'><strong>Ba-</strong></span> 
     </span>
    </p>
   </div>
   <div class='ocr_carea' id='block_1_49' title="bbox 89 1603 873 1639">
    <p class='ocr_par' dir='ltr' id='par_1_49' title="bbox 89 1603 873 1639">
     <span class='ocr_line' id='line_1_49' title="bbox 89 1603 873 1639; baseline -0.001 -8"><span class='ocrx_word' id='word_1_335' title='bbox 89 1603 169 1631; x_wconf 87' lang='lat' dir='ltr'><strong>ronio</strong></span> <span class='ocrx_word' id='word_1_336' title='bbox 186 1605 329 1637; x_wconf 88' lang='lat' dir='ltr'><strong>assentior,</strong></span> <span class='ocrx_word' id='word_1_337' title='bbox 343 1610 443 1636; x_wconf 64' lang='lat' dir='ltr'><strong>contra,</strong></span> <span class='ocrx_word' id='word_1_338' title='bbox 453 1603 564 1639; x_wconf 90' lang='lat' dir='ltr'><strong>Sulpicii</strong></span> <span class='ocrx_word' id='word_1_339' title='bbox 584 1603 689 1638; x_wconf 89' lang='lat' dir='ltr'><strong>Severi,</strong></span> <span class='ocrx_word' id='word_1_340' title='bbox 704 1604 823 1631; x_wconf 88' lang='lat' dir='ltr'><strong>Socratis</strong></span> <span class='ocrx_word' id='word_1_341' title='bbox 846 1608 873 1631; x_wconf 90' lang='lat' dir='ltr'><strong>et</strong></span> 
     </span>
    </p>
   </div>
   <div class='ocr_carea' id='block_1_50' title="bbox 89 1649 874 1683">
    <p class='ocr_par' dir='ltr' id='par_1_50' title="bbox 89 1649 874 1683">
     <span class='ocr_line' id='line_1_50' title="bbox 89 1649 874 1683; baseline -0.003 -5"><span class='ocrx_word' id='word_1_342' title='bbox 89 1650 239 1678; x_wconf 83' lang='lat' dir='ltr'><strong>Sozomcni</strong></span> <span class='ocrx_word' id='word_1_343' title='bbox 263 1649 451 1678; x_wconf 86' lang='lat' dir='ltr'><strong>auctoritatem</strong></span> <span class='ocrx_word' id='word_1_344' title='bbox 477 1649 573 1677; x_wconf 87' lang='lat' dir='ltr'><strong>falsum</strong></span> <span class='ocrx_word' id='word_1_345' title='bbox 601 1658 661 1677; x_wconf 84' lang='lat' dir='ltr'><strong>esse</strong></span> <span class='ocrx_word' id='word_1_346' title='bbox 687 1650 816 1677; x_wconf 86' lang='lat' dir='ltr'><strong>assercnli</strong></span> <span class='ocrx_word' id='word_1_347' title='bbox 842 1650 874 1683; x_wconf 80' lang='lat'><strong>‘°,</strong></span> 
     </span>
    </p>
   </div>
   <div class='ocr_carea' id='block_1_51' title="bbox 92 1695 874 1731">
    <p class='ocr_par' dir='ltr' id='par_1_51' title="bbox 92 1695 874 1731">
     <span class='ocr_line' id='line_1_51' title="bbox 92 1695 874 1731; baseline -0.003 -7"><span class='ocrx_word' id='word_1_348' title='bbox 92 1696 272 1731; x_wconf 84' lang='lat' dir='ltr'><strong>Epiphaniam</strong></span> <span class='ocrx_word' id='word_1_349' title='bbox 298 1696 376 1730; x_wconf 90' lang='lat' dir='ltr'><strong>inter,</strong></span> <span class='ocrx_word' id='word_1_350' title='bbox 393 1695 569 1731; x_wconf 85' lang='lat' dir='ltr'><strong>Theophilum</strong></span> <span class='ocrx_word' id='word_1_351' title='bbox 595 1700 622 1724; x_wconf 86' lang='lat' dir='ltr'><strong>et</strong></span> <span class='ocrx_word' id='word_1_352' title='bbox 652 1695 874 1731; x_wconf 79' lang='lat' dir='ltr'><strong>Chrysostontum</strong></span> 
     </span>
    </p>
   </div>
   <div class='ocr_carea' id='block_1_52' title="bbox 86 1741 876 1777">
    <p class='ocr_par' dir='ltr' id='par_1_52' title="bbox 86 1741 876 1777">
     <span class='ocr_line' id='line_1_52' title="bbox 86 1741 876 1777; baseline -0.003 -7"><span class='ocrx_word' id='word_1_353' title='bbox 86 1743 123 1770; x_wconf 89' lang='lat' dir='ltr'><strong>de</strong></span> <span class='ocrx_word' id='word_1_354' title='bbox 139 1742 214 1769; x_wconf 87' lang='lat' dir='ltr'><strong>libris</strong></span> <span class='ocrx_word' id='word_1_355' title='bbox 240 1741 366 1777; x_wconf 84' lang='lat' dir='ltr'><strong>Origenis</strong></span> <span class='ocrx_word' id='word_1_356' title='bbox 383 1742 557 1777; x_wconf 85' lang='lat' dir='ltr'><strong>prohibendis</strong></span> <span class='ocrx_word' id='word_1_357' title='bbox 574 1742 625 1770; x_wconf 86' lang='lat' dir='ltr'><strong>hac</strong></span> <span class='ocrx_word' id='word_1_358' title='bbox 649 1746 807 1777; x_wconf 84' lang='lat' dir='ltr'><strong>tempestate</strong></span> <span class='ocrx_word' id='word_1_359' title='bbox 830 1749 876 1768; x_wconf 90' lang='lat' dir='ltr'><strong>ac-</strong></span> 
     </span>
    </p>
   </div>
   <div class='ocr_carea' id='block_1_53' title="bbox 87 1786 875 1823">
    <p class='ocr_par' dir='ltr' id='par_1_53' title="bbox 87 1786 875 1823">
     <span class='ocr_line' id='line_1_53' title="bbox 87 1786 875 1823; baseline -0.003 -8"><span class='ocrx_word' id='word_1_360' title='bbox 87 1793 147 1815; x_wconf 85' lang='lat' dir='ltr'><strong>tum</strong></span> <span class='ocrx_word' id='word_1_361' title='bbox 162 1807 170 1820; x_wconf 96' lang='lat'><strong>,</strong></span> <span class='ocrx_word' id='word_1_362' title='bbox 188 1787 231 1814; x_wconf 92' lang='lat' dir='ltr'><strong>vel</strong></span> <span class='ocrx_word' id='word_1_363' title='bbox 256 1795 305 1815; x_wconf 89' lang='lat' dir='ltr'><strong>eos</strong></span> <span class='ocrx_word' id='word_1_364' title='bbox 332 1788 358 1814; x_wconf 92' lang='lat' dir='ltr'><strong>in</strong></span> <span class='ocrx_word' id='word_1_365' title='bbox 383 1787 565 1815; x_wconf 82' lang='lat' dir='ltr'><strong>Alexandrina</strong></span> <span class='ocrx_word' id='word_1_366' title='bbox 587 1787 689 1823; x_wconf 86' lang='lat' dir='ltr'><strong>synodo</strong></span> <span class='ocrx_word' id='word_1_367' title='bbox 706 1792 752 1814; x_wconf 89' lang='lat' dir='ltr'><strong>aut</strong></span> <span class='ocrx_word' id='word_1_368' title='bbox 776 1786 875 1822; x_wconf 88' lang='lat' dir='ltr'><strong>Cypria</strong></span> 
     </span>
    </p>
   </div>
   <div class='ocr_carea' id='block_1_54' title="bbox 87 1832 874 1868">
    <p class='ocr_par' dir='ltr' id='par_1_54' title="bbox 87 1832 874 1868">
     <span class='ocr_line' id='line_1_54' title="bbox 87 1832 874 1868; baseline -0.001 -7"><span class='ocrx_word' id='word_1_369' title='bbox 87 1834 174 1861; x_wconf 80' lang='lat' dir='ltr'><strong>fuisse</strong></span> <span class='ocrx_word' id='word_1_370' title='bbox 188 1834 371 1868; x_wconf 83' lang='lat' dir='ltr'><strong>proscriptos;</strong></span> <span class='ocrx_word' id='word_1_371' title='bbox 392 1841 441 1861; x_wconf 92' lang='lat' dir='ltr'><strong>nec</strong></span> <span class='ocrx_word' id='word_1_372' title='bbox 461 1832 613 1867; x_wconf 86' lang='lat' dir='ltr'><strong>Gennadio,</strong></span> <span class='ocrx_word' id='word_1_373' title='bbox 634 1833 680 1868; x_wconf 85' lang='lat' dir='ltr'><strong>qui</strong></span> <span class='ocrx_word' id='word_1_374' title='bbox 698 1832 828 1860; x_wconf 87' lang='lat' dir='ltr'><strong>Severum</strong></span> <span class='ocrx_word' id='word_1_375' title='bbox 848 1833 874 1860; x_wconf 90' lang='lat' dir='ltr'><strong>in</strong></span> 
     </span>
    </p>
   </div>
   <div class='ocr_carea' id='block_1_55' title="bbox 89 1877 876 1914">
    <p class='ocr_par' dir='ltr' id='par_1_55' title="bbox 89 1877 876 1914">
     <span class='ocr_line' id='line_1_55' title="bbox 89 1877 876 1914; baseline -0.003 -8"><span class='ocrx_word' id='word_1_376' title='bbox 89 1879 201 1913; x_wconf 76' lang='lat' dir='ltr'><strong>Dialogo</strong></span> <span class='ocrx_word' id='word_1_377' title='bbox 219 1880 308 1914; x_wconf 88' lang='lat' dir='ltr'><strong>priore</strong></span> <span class='ocrx_word' id='word_1_378' title='bbox 324 1878 426 1905; x_wconf 78' lang='lat' dir='ltr'><strong>referre</strong></span> <span class='ocrx_word' id='word_1_379' title='bbox 443 1878 492 1910; x_wconf 87' lang='lat' dir='ltr'><strong>ait,</strong></span> <span class='ocrx_word' id='word_1_380' title='bbox 505 1887 514 1904; x_wconf 76' lang='grc' dir='ltr'>ι</span> <span class='ocrx_word' id='word_1_381' title='bbox 534 1885 584 1906; x_wconf 87' lang='lat' dir='ltr'><strong>suo</strong></span> <span class='ocrx_word' id='word_1_382' title='bbox 597 1883 716 1913; x_wconf 88' lang='lat' dir='ltr'><strong>tempore</strong></span> <span class='ocrx_word' id='word_1_383' title='bbox 730 1878 799 1912; x_wconf 84' lang='lat' dir='ltr'><strong>apud</strong></span> <span class='ocrx_word' id='word_1_384' title='bbox 814 1877 876 1905; x_wconf 83' lang='lat' dir='ltr'><strong>Ale-</strong></span> 
     </span>
    </p>
   </div>
   <div class='ocr_carea' id='block_1_56' title="bbox 88 1924 875 1960">
    <p class='ocr_par' dir='ltr' id='par_1_56' title="bbox 88 1924 875 1960">
     <span class='ocr_line' id='line_1_56' title="bbox 88 1924 875 1960; baseline -0.001 -8"><span class='ocrx_word' id='word_1_385' title='bbox 88 1925 253 1953; x_wconf 88' lang='lat' dir='ltr'><strong>xandrinam</strong></span> <span class='ocrx_word' id='word_1_386' title='bbox 269 1924 401 1960; x_wconf 87' lang='lat' dir='ltr'><strong>synodqu</strong></span> <span class='ocrx_word' id='word_1_387' title='bbox 416 1924 602 1959; x_wconf 80' lang='lat' dir='ltr'><strong>episcoporum</strong></span> <span class='ocrx_word' id='word_1_388' title='bbox 619 1924 768 1956; x_wconf 86' lang='lat' dir='ltr'><strong>decretum,</strong></span> <span class='ocrx_word' id='word_1_389' title='bbox 783 1924 875 1958; x_wconf 78' lang='lat' dir='ltr'><strong>Orige-</strong></span> 
     </span>
    </p>
   </div>
   <div class='ocr_carea' id='block_1_57' title="bbox 87 1967 874 2003">
    <p class='ocr_par' dir='ltr' id='par_1_57' title="bbox 87 1967 874 2003">
     <span class='ocr_line' id='line_1_57' title="bbox 87 1967 874 2003; baseline -0.004 -6"><span class='ocrx_word' id='word_1_390' title='bbox 87 1977 153 1998; x_wconf 83' lang='lat' dir='ltr'><strong>nem</strong></span> <span class='ocrx_word' id='word_1_391' title='bbox 167 1974 195 1996; x_wconf 88' lang='lat' dir='ltr'><strong>et</strong></span> <span class='ocrx_word' id='word_1_392' title='bbox 210 1970 316 1996; x_wconf 88' lang='lat' dir='ltr'><strong>cautius</strong></span> <span class='ocrx_word' id='word_1_393' title='bbox 331 1977 346 1995; x_wconf 91' lang='lat' dir='ltr'><strong>a</strong></span> <span class='ocrx_word' id='word_1_394' title='bbox 371 1968 540 2003; x_wconf 83' lang='lat' dir='ltr'><strong>sapientibus</strong></span> <span class='ocrx_word' id='word_1_395' title='bbox 564 1975 613 2002; x_wconf 89' lang='lat' dir='ltr'><strong>pro</strong></span> <span class='ocrx_word' id='word_1_396' title='bbox 630 1967 707 1995; x_wconf 83' lang='lat' dir='ltr'><strong>bonis</strong></span> <span class='ocrx_word' id='word_1_397' title='bbox 721 1967 874 2002; x_wconf 86' lang='lat' dir='ltr'><strong>legendum,</strong></span> 
     </span>
    </p>
   </div>
   <div class='ocr_carea' id='block_1_58' title="bbox 87 2013 875 2049">
    <p class='ocr_par' dir='ltr' id='par_1_58' title="bbox 87 2013 875 2049">
     <span class='ocr_line' id='line_1_58' title="bbox 87 2013 875 2049; baseline -0.001 -7"><span class='ocrx_word' id='word_1_398' title='bbox 87 2021 118 2043; x_wconf 92' lang='lat' dir='ltr'><strong>et</strong></span> <span class='ocrx_word' id='word_1_399' title='bbox 129 2023 144 2042; x_wconf 87' lang='lat' dir='ltr'><strong>a</strong></span> <span class='ocrx_word' id='word_1_400' title='bbox 157 2015 246 2042; x_wconf 85' lang='lat' dir='ltr'><strong>minus</strong></span> <span class='ocrx_word' id='word_1_401' title='bbox 260 2015 405 2049; x_wconf 85' lang='lat' dir='ltr'><strong>capacibus</strong></span> <span class='ocrx_word' id='word_1_402' title='bbox 418 2022 466 2049; x_wconf 90' lang='lat' dir='ltr'><strong>pro</strong></span> <span class='ocrx_word' id='word_1_403' title='bbox 490 2013 568 2041; x_wconf 82' lang='lat' dir='ltr'><strong>malis</strong></span> <span class='ocrx_word' id='word_1_404' title='bbox 585 2013 791 2048; x_wconf 89' lang='lat' dir='ltr'><strong>repudiandum.</strong></span> <span class='ocrx_word' id='word_1_405' title='bbox 809 2024 818 2040; x_wconf 74' lang='grc' dir='ltr'>ι</span> <span class='ocrx_word' id='word_1_406' title='bbox 831 2015 875 2041; x_wconf 82' lang='lat' dir='ltr'><strong>Ait</strong></span> 
     </span>
    </p>
   </div>
   <div class='ocr_carea' id='block_1_59' title="bbox 86 2060 875 2098">
    <p class='ocr_par' dir='ltr' id='par_1_59' title="bbox 86 2060 875 2098">
     <span class='ocr_line' id='line_1_59' title="bbox 86 2060 875 2098; baseline -0.001 -9"><span class='ocrx_word' id='word_1_407' title='bbox 86 2062 199 2098; x_wconf 86' lang='lat' dir='ltr'><strong>quidem</strong></span> <span class='ocrx_word' id='word_1_408' title='bbox 225 2061 360 2096; x_wconf 83' lang='lat' dir='ltr'><strong>Sulpicius</strong></span> <span class='ocrx_word' id='word_1_409' title='bbox 384 2061 529 2087; x_wconf 81' lang='lat' dir='ltr'><strong>maximam</strong></span> <span class='ocrx_word' id='word_1_410' title='bbox 547 2060 628 2087; x_wconf 81' lang='lat' dir='ltr'><strong>fuisse</strong></span> <span class='ocrx_word' id='word_1_411' title='bbox 643 2061 791 2087; x_wconf 83' lang='lat' dir='ltr'><strong>monachos</strong></span> <span class='ocrx_word' id='word_1_412' title='bbox 807 2060 875 2088; x_wconf 81' lang='lat' dir='ltr'><strong>inter</strong></span> 
     </span>
    </p>
   </div>
   <div class='ocr_carea' id='block_1_60' title="bbox 87 2105 875 2142">
    <p class='ocr_par' dir='ltr' id='par_1_60' title="bbox 87 2105 875 2142">
     <span class='ocr_line' id='line_1_60' title="bbox 87 2105 875 2142; baseline -0.004 -7"><span class='ocrx_word' id='word_1_413' title='bbox 87 2113 118 2136; x_wconf 87' lang='lat' dir='ltr'><strong>et</strong></span> <span class='ocrx_word' id='word_1_414' title='bbox 136 2107 277 2142; x_wconf 86' lang='lat' dir='ltr'><strong>episcopos</strong></span> <span class='ocrx_word' id='word_1_415' title='bbox 289 2107 518 2135; x_wconf 82' lang='lat' dir='ltr'><strong>concertationem</strong></span> <span class='ocrx_word' id='word_1_416' title='bbox 532 2115 542 2132; x_wconf 81' lang='grc' dir='ltr'>ι</span> <span class='ocrx_word' id='word_1_417' title='bbox 557 2114 589 2134; x_wconf 87' lang='lat' dir='ltr'><strong>ex</strong></span> <span class='ocrx_word' id='word_1_418' title='bbox 605 2113 637 2134; x_wconf 89' lang='lat' dir='ltr'><strong>ea</strong></span> <span class='ocrx_word' id='word_1_419' title='bbox 651 2105 804 2138; x_wconf 86' lang='lat' dir='ltr'><strong>occasione,</strong></span> <span class='ocrx_word' id='word_1_420' title='bbox 814 2107 875 2140; x_wconf 86' lang='lat' dir='ltr'><strong>quia</strong></span> 
     </span>
    </p>
   </div>
   <div class='ocr_carea' id='block_1_61' title="bbox 87 2152 876 2189">
    <p class='ocr_par' dir='ltr' id='par_1_61' title="bbox 87 2152 876 2189">
     <span class='ocr_line' id='line_1_61' title="bbox 87 2152 876 2189; baseline -0.001 -8"><span class='ocrx_word' id='word_1_421' title='bbox 87 2154 245 2189; x_wconf 77' lang='lat' dir='ltr'><strong>congregati</strong></span> <span class='ocrx_word' id='word_1_422' title='bbox 260 2154 286 2181; x_wconf 92' lang='lat' dir='ltr'><strong>in</strong></span> <span class='ocrx_word' id='word_1_423' title='bbox 301 2161 385 2180; x_wconf 90' lang='lat' dir='ltr'><strong>unum</strong></span> <span class='ocrx_word' id='word_1_424' title='bbox 404 2153 503 2188; x_wconf 56' lang='lat' dir='ltr'><strong>sa‘pius</strong></span> <span class='ocrx_word' id='word_1_425' title='bbox 523 2152 679 2180; x_wconf 83' lang='lat' dir='ltr'><strong>sacerdotes</strong></span> <span class='ocrx_word' id='word_1_426' title='bbox 691 2152 876 2187; x_wconf 81' lang='lat' dir='ltr'><strong>frequentibus</strong></span> 
     </span>
    </p>
   </div>
   <div class='ocr_carea' id='block_1_62' title="bbox 926 914 1710 950">
    <p class='ocr_par' dir='ltr' id='par_1_62' title="bbox 926 914 1710 950">
     <span class='ocr_line' id='line_1_62' title="bbox 926 914 1710 950; baseline 0 -9"><span class='ocrx_word' id='word_1_427' title='bbox 926 921 992 942; x_wconf 70' lang='lat' dir='ltr'><strong>mea:</strong></span> <span class='ocrx_word' id='word_1_428' title='bbox 1010 915 1160 949; x_wconf 86' lang='lat' dir='ltr'><strong>parvitatis,</strong></span> <span class='ocrx_word' id='word_1_429' title='bbox 1190 924 1200 941; x_wconf 68' lang='grc' dir='ltr'><strong><em>ι</em></strong></span> <span class='ocrx_word' id='word_1_430' title='bbox 1228 915 1316 950; x_wconf 88' lang='lat' dir='ltr'><strong>inquit</strong></span> <span class='ocrx_word' id='word_1_431' title='bbox 1335 915 1416 950; x_wconf 89' lang='lat' dir='ltr'><strong>epist.</strong></span> <span class='ocrx_word' id='word_1_432' title='bbox 1441 915 1474 942; x_wconf 86' lang='grc'><strong>’16</strong></span> <span class='ocrx_word' id='word_1_433' title='bbox 1499 915 1533 942; x_wconf 88' lang='lat' dir='ltr'><strong>ad</strong></span> <span class='ocrx_word' id='word_1_434' title='bbox 1549 914 1710 949; x_wconf 88' lang='lat' dir='ltr'><strong>Tranquill.,</strong></span> 
     </span>
    </p>
   </div>
   <div class='ocr_carea' id='block_1_63' title="bbox 928 960 1708 995">
    <p class='ocr_par' dir='ltr' id='par_1_63' title="bbox 928 960 1708 995">
     <span class='ocr_line' id='line_1_63' title="bbox 928 960 1708 995; baseline 0.001 -8"><span class='ocrx_word' id='word_1_435' title='bbox 928 969 938 986; x_wconf 77' lang='grc' dir='ltr'><strong><em>ι</em></strong></span> <span class='ocrx_word' id='word_1_436' title='bbox 972 961 1068 995; x_wconf 68' lang='lat' dir='ltr'><strong>quaeris</strong></span> <span class='ocrx_word' id='word_1_437' title='bbox 1093 963 1272 994; x_wconf 90' lang='lat' dir='ltr'><strong>sententiam,</strong></span> <span class='ocrx_word' id='word_1_438' title='bbox 1304 966 1393 989; x_wconf 90' lang='lat' dir='ltr'><strong>utrum</strong></span> <span class='ocrx_word' id='word_1_439' title='bbox 1423 961 1571 989; x_wconf 86' lang='lat' dir='ltr'><strong>secundum</strong></span> <span class='ocrx_word' id='word_1_440' title='bbox 1597 960 1708 988; x_wconf 79' lang='lat' dir='ltr'><strong>fratrem</strong></span> 
     </span>
    </p>
   </div>
   <div class='ocr_carea' id='block_1_64' title="bbox 925 1005 1709 1042">
    <p class='ocr_par' dir='ltr' id='par_1_64' title="bbox 925 1005 1709 1042">
     <span class='ocr_line' id='line_1_64' title="bbox 925 1005 1709 1042; baseline 0 -8"><span class='ocrx_word' id='word_1_441' title='bbox 925 1005 1083 1034; x_wconf 87' lang='lat' dir='ltr'><strong>Faustinum</strong></span> <span class='ocrx_word' id='word_1_442' title='bbox 1108 1007 1217 1041; x_wconf 87' lang='lat' dir='ltr'><strong>penitus</strong></span> <span class='ocrx_word' id='word_1_443' title='bbox 1240 1008 1408 1042; x_wconf 88' lang='lat' dir='ltr'><strong>respuendus</strong></span> <span class='ocrx_word' id='word_1_444' title='bbox 1433 1007 1485 1039; x_wconf 87' lang='lat' dir='ltr'><strong>sit,</strong></span> <span class='ocrx_word' id='word_1_445' title='bbox 1512 1016 1546 1034; x_wconf 92' lang='lat' dir='ltr'><strong>an</strong></span> <span class='ocrx_word' id='word_1_446' title='bbox 1562 1007 1709 1035; x_wconf 90' lang='lat' dir='ltr'><strong>secundum</strong></span> 
     </span>
    </p>
   </div>
   <div class='ocr_carea' id='block_1_65' title="bbox 925 1051 1712 1088">
    <p class='ocr_par' dir='ltr' id='par_1_65' title="bbox 925 1051 1712 1088">
     <span class='ocr_line' id='line_1_65' title="bbox 925 1051 1712 1088; baseline -0.001 -9"><span class='ocrx_word' id='word_1_447' title='bbox 925 1053 1055 1087; x_wconf 88' lang='lat' dir='ltr'><strong>quosdam</strong></span> <span class='ocrx_word' id='word_1_448' title='bbox 1073 1052 1202 1088; x_wconf 84' lang='lat' dir='ltr'><strong>legendus</strong></span> <span class='ocrx_word' id='word_1_449' title='bbox 1220 1059 1251 1079; x_wconf 92' lang='lat' dir='ltr'><strong>ex</strong></span> <span class='ocrx_word' id='word_1_450' title='bbox 1269 1057 1345 1087; x_wconf 88' lang='lat' dir='ltr'><strong>parte</strong></span> <span class='ocrx_word' id='word_1_451' title='bbox 1358 1063 1364 1080; x_wconf 86' lang='lat'>:</span> <span class='ocrx_word' id='word_1_452' title='bbox 1378 1052 1434 1087; x_wconf 82' lang='lat' dir='ltr'><strong>Ego</strong></span> <span class='ocrx_word' id='word_1_453' title='bbox 1448 1051 1591 1087; x_wconf 90' lang='lat' dir='ltr'><strong>Origenem</strong></span> <span class='ocrx_word' id='word_1_454' title='bbox 1603 1057 1712 1088; x_wconf 89' lang='lat' dir='ltr'><strong>propter</strong></span> 
     </span>
    </p>
   </div>
   <div class='ocr_carea' id='block_1_66' title="bbox 925 1098 1712 1133">
    <p class='ocr_par' dir='ltr' id='par_1_66' title="bbox 925 1098 1712 1133">
     <span class='ocr_line' id='line_1_66' title="bbox 925 1098 1712 1133; baseline -0.001 -7"><span class='ocrx_word' id='word_1_455' title='bbox 925 1098 1105 1126; x_wconf 86' lang='lat' dir='ltr'><strong>eruditionem</strong></span> <span class='ocrx_word' id='word_1_456' title='bbox 1120 1098 1161 1126; x_wconf 88' lang='lat' dir='ltr'><strong>sic</strong></span> <span class='ocrx_word' id='word_1_457' title='bbox 1174 1098 1308 1125; x_wconf 88' lang='lat' dir='ltr'><strong>interdum</strong></span> <span class='ocrx_word' id='word_1_458' title='bbox 1332 1098 1474 1133; x_wconf 83' lang='lat' dir='ltr'><strong>legendum</strong></span> <span class='ocrx_word' id='word_1_459' title='bbox 1495 1098 1626 1131; x_wconf 89' lang='lat' dir='ltr'><strong>arbitror,</strong></span> <span class='ocrx_word' id='word_1_460' title='bbox 1643 1105 1712 1133; x_wconf 88' lang='lat' dir='ltr'><strong>quo-</strong></span> 
     </span>
    </p>
   </div>
   <div class='ocr_carea' id='block_1_67' title="bbox 926 1143 1712 1180">
    <p class='ocr_par' dir='ltr' id='par_1_67' title="bbox 926 1143 1712 1180">
     <span class='ocr_line' id='line_1_67' title="bbox 926 1143 1712 1180; baseline 0.001 -10"><span class='ocrx_word' id='word_1_461' title='bbox 926 1144 1005 1172; x_wconf 89' lang='lat' dir='ltr'><strong>modo</strong></span> <span class='ocrx_word' id='word_1_462' title='bbox 1029 1143 1224 1172; x_wconf 86' lang='lat' dir='ltr'><strong>Tcrtullianum</strong></span> <span class='ocrx_word' id='word_1_463' title='bbox 1237 1164 1245 1177; x_wconf 89' lang='lat'><strong>,</strong></span> <span class='ocrx_word' id='word_1_464' title='bbox 1262 1143 1412 1178; x_wconf 86' lang='lat' dir='ltr'><strong>Novatum,</strong></span> <span class='ocrx_word' id='word_1_465' title='bbox 1432 1144 1592 1177; x_wconf 83' lang='lat' dir='ltr'><strong>Arnobinm,</strong></span> <span class='ocrx_word' id='word_1_466' title='bbox 1607 1144 1712 1180; x_wconf 78' lang='lat' dir='ltr'><strong>Apolli-</strong></span> 
     </span>
    </p>
   </div>
   <div class='ocr_carea' id='block_1_68' title="bbox 926 1189 1713 1224">
    <p class='ocr_par' dir='ltr' id='par_1_68' title="bbox 926 1189 1713 1224">
     <span class='ocr_line' id='line_1_68' title="bbox 926 1189 1713 1224; baseline 0.001 -8"><span class='ocrx_word' id='word_1_467' title='bbox 926 1189 1041 1221; x_wconf 89' lang='lat' dir='ltr'><strong>narium,</strong></span> <span class='ocrx_word' id='word_1_468' title='bbox 1060 1194 1088 1217; x_wconf 90' lang='lat' dir='ltr'><strong>et</strong></span> <span class='ocrx_word' id='word_1_469' title='bbox 1103 1189 1246 1217; x_wconf 87' lang='lat' dir='ltr'><strong>nonnullos</strong></span> <span class='ocrx_word' id='word_1_470' title='bbox 1266 1189 1463 1217; x_wconf 81' lang='lat' dir='ltr'><strong>ecclesiasticos</strong></span> <span class='ocrx_word' id='word_1_471' title='bbox 1483 1191 1632 1224; x_wconf 89' lang='lat' dir='ltr'><strong>scriptores</strong></span> <span class='ocrx_word' id='word_1_472' title='bbox 1641 1189 1713 1217; x_wconf 71' lang='lat' dir='ltr'><strong>Grae-</strong></span> 
     </span>
    </p>
   </div>
   <div class='ocr_carea' id='block_1_69' title="bbox 925 1235 1711 1270">
    <p class='ocr_par' dir='ltr' id='par_1_69' title="bbox 925 1235 1711 1270">
     <span class='ocr_line' id='line_1_69' title="bbox 925 1235 1711 1270; baseline 0 -8"><span class='ocrx_word' id='word_1_473' title='bbox 925 1242 971 1262; x_wconf 90' lang='lat' dir='ltr'><strong>cos</strong></span> <span class='ocrx_word' id='word_1_474' title='bbox 985 1235 1088 1268; x_wconf 89' lang='lat' dir='ltr'><strong>pariter</strong></span> <span class='ocrx_word' id='word_1_475' title='bbox 1102 1240 1130 1263; x_wconf 88' lang='lat' dir='ltr'><strong>et</strong></span> <span class='ocrx_word' id='word_1_476' title='bbox 1145 1235 1258 1263; x_wconf 89' lang='lat' dir='ltr'><strong>Latinos</strong></span> <span class='ocrx_word' id='word_1_477' title='bbox 1270 1255 1278 1267; x_wconf 90' lang='lat'><strong>,</strong></span> <span class='ocrx_word' id='word_1_478' title='bbox 1294 1241 1324 1262; x_wconf 91' lang='lat' dir='ltr'><strong>ut</strong></span> <span class='ocrx_word' id='word_1_479' title='bbox 1342 1235 1413 1262; x_wconf 86' lang='lat' dir='ltr'><strong>bona</strong></span> <span class='ocrx_word' id='word_1_480' title='bbox 1438 1243 1531 1263; x_wconf 90' lang='lat' dir='ltr'><strong>eorum</strong></span> <span class='ocrx_word' id='word_1_481' title='bbox 1556 1235 1711 1270; x_wconf 83' lang='lat' dir='ltr'><strong>diligamus,</strong></span> 
     </span>
    </p>
   </div>
   <div class='ocr_carea' id='block_1_70' title="bbox 926 1281 1709 1317">
    <p class='ocr_par' dir='ltr' id='par_1_70' title="bbox 926 1281 1709 1317">
     <span class='ocr_line' id='line_1_70' title="bbox 926 1281 1709 1317; baseline 0.003 -9"><span class='ocrx_word' id='word_1_482' title='bbox 926 1282 1095 1316; x_wconf 90' lang='lat' dir='ltr'><strong>vitemusque</strong></span> <span class='ocrx_word' id='word_1_483' title='bbox 1108 1283 1259 1315; x_wconf 85' lang='lat' dir='ltr'><strong>contraria,</strong></span> <span class='ocrx_word' id='word_1_484' title='bbox 1282 1282 1359 1316; x_wconf 79' lang='lat' dir='ltr'><strong>juxta</strong></span> <span class='ocrx_word' id='word_1_485' title='bbox 1374 1281 1534 1317; x_wconf 81' lang='lat' dir='ltr'><strong>Apostolum</strong></span> <span class='ocrx_word' id='word_1_486' title='bbox 1550 1281 1685 1309; x_wconf 88' lang='lat' dir='ltr'><strong>dicentem</strong></span> <span class='ocrx_word' id='word_1_487' title='bbox 1700 1291 1709 1310; x_wconf 92' lang='lat'><strong>:</strong></span> 
     </span>
    </p>
   </div>
   <div class='ocr_carea' id='block_1_71' title="bbox 926 1327 1709 1364">
    <p class='ocr_par' dir='ltr' id='par_1_71' title="bbox 926 1327 1709 1364">
     <span class='ocr_line' id='line_1_71' title="bbox 926 1327 1709 1364; baseline 0.003 -10"><span class='ocrx_word' id='word_1_488' title='bbox 926 1327 1020 1355; x_wconf 84' lang='lat' dir='ltr'><strong>Omnia</strong></span> <span class='ocrx_word' id='word_1_489' title='bbox 1033 1328 1149 1363; x_wconf 80' lang='lat' dir='ltr'><strong>probate,</strong></span> <span class='ocrx_word' id='word_1_490' title='bbox 1160 1329 1229 1364; x_wconf 79' lang='lat' dir='ltr'><strong>quod</strong></span> <span class='ocrx_word' id='word_1_491' title='bbox 1242 1329 1336 1355; x_wconf 85' lang='lat' dir='ltr'><strong>bonum</strong></span> <span class='ocrx_word' id='word_1_492' title='bbox 1353 1332 1392 1355; x_wconf 74' lang='lat' dir='ltr'><strong>est</strong></span> <span class='ocrx_word' id='word_1_493' title='bbox 1410 1332 1492 1355; x_wconf 86' lang='lat' dir='ltr'><strong>tenete</strong></span> <span class='ocrx_word' id='word_1_494' title='bbox 1503 1327 1536 1355; x_wconf 87' lang='lat'><strong>“.</strong></span> <span class='ocrx_word' id='word_1_495' title='bbox 1548 1337 1558 1353; x_wconf 68' lang='grc' dir='ltr'><strong><em>ι</em></strong></span> <span class='ocrx_word' id='word_1_496' title='bbox 1576 1328 1609 1355; x_wconf 83' lang='grc' dir='ltr'><strong>Ει</strong></span> <span class='ocrx_word' id='word_1_497' title='bbox 1626 1336 1687 1355; x_wconf 86' lang='lat' dir='ltr'><strong>mox</strong></span> <span class='ocrx_word' id='word_1_498' title='bbox 1700 1337 1709 1356; x_wconf 87' lang='lat'><strong>:</strong></span> 
     </span>
    </p>
   </div>
   <div class='ocr_carea' id='block_1_72' title="bbox 927 1372 1709 1410">
    <p class='ocr_par' dir='ltr' id='par_1_72' title="bbox 927 1372 1709 1410">
     <span class='ocr_line' id='line_1_72' title="bbox 927 1372 1709 1410; baseline 0.005 -12"><span class='ocrx_word' id='word_1_499' title='bbox 927 1382 936 1398; x_wconf 84' lang='lat' dir='ltr'><strong>I</strong></span> <span class='ocrx_word' id='word_1_500' title='bbox 950 1372 1004 1400; x_wconf 88' lang='lat' dir='ltr'><strong>Nec</strong></span> <span class='ocrx_word' id='word_1_501' title='bbox 1015 1374 1085 1401; x_wconf 91' lang='lat' dir='ltr'><strong>enim</strong></span> <span class='ocrx_word' id='word_1_502' title='bbox 1095 1380 1205 1409; x_wconf 92' lang='lat' dir='ltr'><strong>propter</strong></span> <span class='ocrx_word' id='word_1_503' title='bbox 1213 1374 1365 1402; x_wconf 88' lang='lat' dir='ltr'><strong>doctrinam</strong></span> <span class='ocrx_word' id='word_1_504' title='bbox 1376 1374 1434 1409; x_wconf 87' lang='lat' dir='ltr'><strong>ejus</strong></span> <span class='ocrx_word' id='word_1_505' title='bbox 1444 1381 1525 1408; x_wconf 82' lang='lat' dir='ltr'><strong>prava</strong></span> <span class='ocrx_word' id='word_1_506' title='bbox 1536 1374 1709 1410; x_wconf 87' lang='lat' dir='ltr'><strong>suscipienda</strong></span> 
     </span>
    </p>
   </div>
   <div class='ocr_carea' id='block_1_73' title="bbox 924 1419 1707 1455">
    <p class='ocr_par' dir='ltr' id='par_1_73' title="bbox 924 1419 1707 1455">
     <span class='ocr_line' id='line_1_73' title="bbox 924 1419 1707 1455; baseline 0 -8"><span class='ocrx_word' id='word_1_507' title='bbox 924 1424 986 1447; x_wconf 90' lang='lat' dir='ltr'><strong>sunt</strong></span> <span class='ocrx_word' id='word_1_508' title='bbox 1000 1419 1123 1453; x_wconf 79' lang='lat' dir='ltr'><strong>dogmata</strong></span> <span class='ocrx_word' id='word_1_509' title='bbox 1136 1440 1144 1451; x_wconf 94' lang='lat'><strong>,</strong></span> <span class='ocrx_word' id='word_1_510' title='bbox 1171 1427 1220 1447; x_wconf 91' lang='lat' dir='ltr'><strong>nec</strong></span> <span class='ocrx_word' id='word_1_511' title='bbox 1235 1425 1343 1454; x_wconf 88' lang='lat' dir='ltr'><strong>propter</strong></span> <span class='ocrx_word' id='word_1_512' title='bbox 1366 1420 1520 1455; x_wconf 78' lang='lat' dir='ltr'><strong>dogmatum</strong></span> <span class='ocrx_word' id='word_1_513' title='bbox 1536 1421 1707 1455; x_wconf 85' lang='lat' dir='ltr'><strong>pravitatem,</strong></span> 
     </span>
    </p>
   </div>
   <div class='ocr_carea' id='block_1_74' title="bbox 924 1465 1708 1501">
    <p class='ocr_par' dir='ltr' id='par_1_74' title="bbox 924 1465 1708 1501">
     <span class='ocr_line' id='line_1_74' title="bbox 924 1465 1708 1501; baseline 0.003 -10"><span class='ocrx_word' id='word_1_514' title='bbox 924 1465 946 1492; x_wconf 92' lang='lat' dir='ltr'><strong>si</strong></span> <span class='ocrx_word' id='word_1_515' title='bbox 961 1473 1030 1500; x_wconf 86' lang='lat' dir='ltr'><strong>quos</strong></span> <span class='ocrx_word' id='word_1_516' title='bbox 1046 1465 1263 1493; x_wconf 76' lang='lat' dir='ltr'><strong>Commentarios</strong></span> <span class='ocrx_word' id='word_1_517' title='bbox 1276 1466 1302 1492; x_wconf 90' lang='lat' dir='ltr'><strong>in</strong></span> <span class='ocrx_word' id='word_1_518' title='bbox 1319 1466 1477 1501; x_wconf 80' lang='lat' dir='ltr'><strong>Scriptt-ras</strong></span> <span class='ocrx_word' id='word_1_519' title='bbox 1498 1471 1607 1493; x_wconf 84' lang='lat' dir='ltr'><strong>sanctas</strong></span> <span class='ocrx_word' id='word_1_520' title='bbox 1629 1467 1708 1494; x_wconf 89' lang='lat' dir='ltr'><strong>utiles</strong></span> 
     </span>
    </p>
   </div>
   <div class='ocr_carea' id='block_1_75' title="bbox 926 1510 1711 1548">
    <p class='ocr_par' dir='ltr' id='par_1_75' title="bbox 926 1510 1711 1548">
     <span class='ocr_line' id='line_1_75' title="bbox 926 1510 1711 1548; baseline 0.004 -11"><span class='ocrx_word' id='word_1_521' title='bbox 926 1510 1020 1543; x_wconf 82' lang='lat' dir='ltr'><strong>edidit,</strong></span> <span class='ocrx_word' id='word_1_522' title='bbox 1034 1511 1142 1545; x_wconf 87' lang='lat' dir='ltr'><strong>penitus</strong></span> <span class='ocrx_word' id='word_1_523' title='bbox 1161 1513 1303 1546; x_wconf 88' lang='lat' dir='ltr'><strong>respuendi</strong></span> <span class='ocrx_word' id='word_1_524' title='bbox 1324 1518 1398 1541; x_wconf 91' lang='lat' dir='ltr'><strong>sunt.</strong></span> <span class='ocrx_word' id='word_1_525' title='bbox 1417 1522 1427 1538; x_wconf 72' lang='grc' dir='ltr'><strong><em>ι</em></strong></span> <span class='ocrx_word' id='word_1_526' title='bbox 1445 1513 1501 1540; x_wconf 88' lang='lat' dir='ltr'><strong>llac</strong></span> <span class='ocrx_word' id='word_1_527' title='bbox 1516 1513 1635 1540; x_wconf 88' lang='lat' dir='ltr'><strong>imbutus</strong></span> <span class='ocrx_word' id='word_1_528' title='bbox 1651 1519 1711 1548; x_wconf 84' lang='lat' dir='ltr'><strong>per-</strong></span> 
     </span>
    </p>
   </div>
   <div class='ocr_carea' id='block_1_76' title="bbox 925 1557 1712 1594">
    <p class='ocr_par' dir='ltr' id='par_1_76' title="bbox 925 1557 1712 1594">
     <span class='ocr_line' id='line_1_76' title="bbox 925 1557 1712 1594; baseline 0 -9"><span class='ocrx_word' id='word_1_529' title='bbox 925 1557 1052 1585; x_wconf 85' lang='lat' dir='ltr'><strong>suasione</strong></span> <span class='ocrx_word' id='word_1_530' title='bbox 1078 1557 1241 1592; x_wconf 86' lang='lat' dir='ltr'><strong>Theophilus</strong></span> <span class='ocrx_word' id='word_1_531' title='bbox 1262 1558 1308 1585; x_wconf 88' lang='lat' dir='ltr'><strong>ille</strong></span> <span class='ocrx_word' id='word_1_532' title='bbox 1323 1558 1544 1593; x_wconf 80' lang='lat' dir='ltr'><strong>Origeniutastix,</strong></span> <span class='ocrx_word' id='word_1_533' title='bbox 1559 1564 1618 1594; x_wconf 84' lang='lat' dir='ltr'><strong>post</strong></span> <span class='ocrx_word' id='word_1_534' title='bbox 1629 1567 1712 1586; x_wconf 82' lang='lat' dir='ltr'><strong>vexa-</strong></span> 
     </span>
    </p>
   </div>
   <div class='ocr_carea' id='block_1_77' title="bbox 926 1603 1711 1640">
    <p class='ocr_par' dir='ltr' id='par_1_77' title="bbox 926 1603 1711 1640">
     <span class='ocr_line' id='line_1_77' title="bbox 926 1603 1711 1640; baseline 0.003 -10"><span class='ocrx_word' id='word_1_535' title='bbox 926 1608 981 1631; x_wconf 91' lang='lat' dir='ltr'><strong>tum</strong></span> <span class='ocrx_word' id='word_1_536' title='bbox 1006 1604 1104 1631; x_wconf 88' lang='lat' dir='ltr'><strong>misere</strong></span> <span class='ocrx_word' id='word_1_537' title='bbox 1125 1603 1347 1640; x_wconf 87' lang='lat' dir='ltr'><strong>Chrysostomum</strong></span> <span class='ocrx_word' id='word_1_538' title='bbox 1361 1625 1368 1637; x_wconf 96' lang='lat'><strong>,</strong></span> <span class='ocrx_word' id='word_1_539' title='bbox 1388 1605 1621 1640; x_wconf 84' lang='lat' dir='ltr'><strong>Constantinopoli</strong></span> <span class='ocrx_word' id='word_1_540' title='bbox 1646 1605 1711 1632; x_wconf 80' lang='lat' dir='ltr'><strong>Ale-</strong></span> 
     </span>
    </p>
   </div>
   <div class='ocr_carea' id='block_1_78' title="bbox 925 1650 1713 1687">
    <p class='ocr_par' dir='ltr' id='par_1_78' title="bbox 925 1650 1713 1687">
     <span class='ocr_line' id='line_1_78' title="bbox 925 1650 1713 1687; baseline 0.003 -11"><span class='ocrx_word' id='word_1_541' title='bbox 925 1650 1066 1677; x_wconf 83' lang='lat' dir='ltr'><strong>xandriam</strong></span> <span class='ocrx_word' id='word_1_542' title='bbox 1097 1651 1178 1678; x_wconf 80' lang='lat' dir='ltr'><strong>redux</strong></span> <span class='ocrx_word' id='word_1_543' title='bbox 1192 1672 1200 1684; x_wconf 96' lang='lat'><strong>,</strong></span> <span class='ocrx_word' id='word_1_544' title='bbox 1221 1660 1282 1678; x_wconf 92' lang='lat' dir='ltr'><strong>cum</strong></span> <span class='ocrx_word' id='word_1_545' title='bbox 1307 1656 1379 1678; x_wconf 83' lang='lat' dir='ltr'><strong>esset</strong></span> <span class='ocrx_word' id='word_1_546' title='bbox 1401 1652 1427 1678; x_wconf 94' lang='lat' dir='ltr'><strong>in</strong></span> <span class='ocrx_word' id='word_1_547' title='bbox 1444 1651 1569 1687; x_wconf 80' lang='lat' dir='ltr'><strong>Origenis</strong></span> <span class='ocrx_word' id='word_1_548' title='bbox 1596 1651 1713 1679; x_wconf 89' lang='lat' dir='ltr'><strong>lectione</strong></span> 
     </span>
    </p>
   </div>
   <div class='ocr_carea' id='block_1_79' title="bbox 925 1695 1712 1732">
    <p class='ocr_par' dir='ltr' id='par_1_79' title="bbox 925 1695 1712 1732">
     <span class='ocr_line' id='line_1_79' title="bbox 925 1695 1712 1732; baseline 0.003 -10"><span class='ocrx_word' id='word_1_549' title='bbox 925 1695 1119 1730; x_wconf 88' lang='lat' dir='ltr'><strong>deprehensus,</strong></span> <span class='ocrx_word' id='word_1_550' title='bbox 1127 1697 1194 1724; x_wconf 84' lang='lat' dir='ltr'><strong>scite</strong></span> <span class='ocrx_word' id='word_1_551' title='bbox 1206 1697 1272 1724; x_wconf 90' lang='lat' dir='ltr'><strong>dixit</strong></span> <span class='ocrx_word' id='word_1_552' title='bbox 1288 1706 1295 1724; x_wconf 91' lang='lat'><strong>:</strong></span> <span class='ocrx_word' id='word_1_553' title='bbox 1308 1697 1350 1724; x_wconf 81' lang='grc' dir='ltr'><strong>Τὰ</strong></span> <span class='ocrx_word' id='word_1_554' title='bbox 1371 1697 1522 1732; x_wconf 77' lang='grc' dir='ltr'><strong>Ὡριγένους</strong></span> <span class='ocrx_word' id='word_1_555' title='bbox 1535 1697 1607 1723; x_wconf 76' lang='grc' dir='ltr'><strong>ἔοικε</strong></span> <span class='ocrx_word' id='word_1_556' title='bbox 1621 1697 1712 1732; x_wconf 77' lang='grc' dir='ltr'>βιϐλία</span> 
     </span>
    </p>
   </div>
   <div class='ocr_carea' id='block_1_80' title="bbox 924 1741 1710 1779">
    <p class='ocr_par' dir='ltr' id='par_1_80' title="bbox 924 1741 1710 1779">
     <span class='ocr_line' id='line_1_80' title="bbox 924 1741 1710 1779; baseline 0.003 -12"><span class='ocrx_word' id='word_1_557' title='bbox 924 1741 1037 1776; x_wconf 85' lang='grc' dir='ltr'><strong>λειμῶνι</strong></span> <span class='ocrx_word' id='word_1_558' title='bbox 1053 1741 1161 1768; x_wconf 84' lang='grc' dir='ltr'>πάντων</span> <span class='ocrx_word' id='word_1_559' title='bbox 1175 1742 1288 1769; x_wconf 85' lang='grc' dir='ltr'>ἀνθέων·</span> <span class='ocrx_word' id='word_1_560' title='bbox 1309 1743 1336 1769; x_wconf 78' lang='grc' dir='ltr'><strong>εἴ</strong></span> <span class='ocrx_word' id='word_1_561' title='bbox 1348 1751 1373 1769; x_wconf 93' lang='grc' dir='ltr'><strong>τι</strong></span> <span class='ocrx_word' id='word_1_562' title='bbox 1385 1741 1431 1770; x_wconf 84' lang='grc' dir='ltr'><strong>οὖν</strong></span> <span class='ocrx_word' id='word_1_563' title='bbox 1448 1744 1477 1770; x_wconf 82' lang='grc' dir='ltr'><strong>ὲν</strong></span> <span class='ocrx_word' id='word_1_564' title='bbox 1495 1743 1587 1774; x_wconf 82' lang='grc' dir='ltr'><strong>αὐτοῖς</strong></span> <span class='ocrx_word' id='word_1_565' title='bbox 1602 1743 1710 1779; x_wconf 79' lang='grc' dir='ltr'><strong>ἐφεύρω</strong></span> 
     </span>
    </p>
   </div>
   <div class='ocr_carea' id='block_1_81' title="bbox 926 1786 1712 1824">
    <p class='ocr_par' dir='ltr' id='par_1_81' title="bbox 926 1786 1712 1824">
     <span class='ocr_line' id='line_1_81' title="bbox 926 1786 1712 1824; baseline 0.003 -12"><span class='ocrx_word' id='word_1_566' title='bbox 926 1786 1016 1819; x_wconf 77' lang='grc' dir='ltr'><strong>καλὸν,</strong></span> <span class='ocrx_word' id='word_1_567' title='bbox 1031 1787 1109 1813; x_wconf 75' lang='grc' dir='ltr'><strong>τοῦτο</strong></span> <span class='ocrx_word' id='word_1_568' title='bbox 1127 1786 1271 1823; x_wconf 83' lang='grc' dir='ltr'><strong>δρέπομαι·</strong></span> <span class='ocrx_word' id='word_1_569' title='bbox 1287 1788 1311 1814; x_wconf 80' lang='grc' dir='ltr'>εἰ</span> <span class='ocrx_word' id='word_1_570' title='bbox 1324 1788 1353 1814; x_wconf 81' lang='grc' dir='ltr'><em>δέ</em></span> <span class='ocrx_word' id='word_1_571' title='bbox 1366 1788 1393 1814; x_wconf 79' lang='grc' dir='ltr'><strong>τί</strong></span> <span class='ocrx_word' id='word_1_572' title='bbox 1417 1797 1462 1824; x_wconf 87' lang='grc' dir='ltr'><strong>μοι</strong></span> <span class='ocrx_word' id='word_1_573' title='bbox 1487 1787 1640 1819; x_wconf 78' lang='grc' dir='ltr'><strong>ἀκανθῶδες</strong></span> <span class='ocrx_word' id='word_1_574' title='bbox 1661 1796 1712 1822; x_wconf 82' lang='grc' dir='ltr'><strong>φα-</strong></span> 
     </span>
    </p>
   </div>
   <div class='ocr_carea' id='block_1_82' title="bbox 925 1833 1712 1870">
    <p class='ocr_par' dir='ltr' id='par_1_82' title="bbox 925 1833 1712 1870">
     <span class='ocr_line' id='line_1_82' title="bbox 925 1833 1712 1870; baseline 0.003 -10"><span class='ocrx_word' id='word_1_575' title='bbox 925 1833 994 1869; x_wconf 86' lang='grc' dir='ltr'>νείη,</span> <span class='ocrx_word' id='word_1_576' title='bbox 1009 1833 1088 1860; x_wconf 79' lang='grc' dir='ltr'><strong>τοῦτο</strong></span> <span class='ocrx_word' id='word_1_577' title='bbox 1104 1833 1145 1866; x_wconf 84' lang='grc' dir='ltr'><strong>ὡς’</strong></span> <span class='ocrx_word' id='word_1_578' title='bbox 1156 1833 1267 1870; x_wconf 81' lang='grc' dir='ltr'><strong>κέντρον</strong></span> <span class='ocrx_word' id='word_1_579' title='bbox 1283 1834 1449 1870; x_wconf 76' lang='grc' dir='ltr'><strong>ὑπερϐαίνω.</strong></span> <span class='ocrx_word' id='word_1_580' title='bbox 1467 1844 1476 1861; x_wconf 85' lang='grc'><strong>‹</strong></span> <span class='ocrx_word' id='word_1_581' title='bbox 1496 1834 1569 1861; x_wconf 83' lang='lat' dir='ltr'><strong>Libri</strong></span> <span class='ocrx_word' id='word_1_582' title='bbox 1587 1835 1712 1869; x_wconf 85' lang='lat' dir='ltr'><strong>Origenis</strong></span> 
     </span>
    </p>
   </div>
   <div class='ocr_carea' id='block_1_83' title="bbox 925 1879 1709 1915">
    <p class='ocr_par' dir='ltr' id='par_1_83' title="bbox 925 1879 1709 1915">
     <span class='ocr_line' id='line_1_83' title="bbox 925 1879 1709 1915; baseline 0.001 -10"><span class='ocrx_word' id='word_1_583' title='bbox 925 1879 1028 1906; x_wconf 74' lang='lat' dir='ltr'><strong>similes</strong></span> <span class='ocrx_word' id='word_1_584' title='bbox 1041 1884 1104 1906; x_wconf 89' lang='lat' dir='ltr'><strong>sunt</strong></span> <span class='ocrx_word' id='word_1_585' title='bbox 1124 1884 1201 1914; x_wconf 91' lang='lat' dir='ltr'><strong>prato</strong></span> <span class='ocrx_word' id='word_1_586' title='bbox 1221 1880 1296 1907; x_wconf 90' lang='lat' dir='ltr'><strong>omni</strong></span> <span class='ocrx_word' id='word_1_587' title='bbox 1315 1879 1410 1907; x_wconf 86' lang='lat' dir='ltr'><strong>ﬂorum</strong></span> <span class='ocrx_word' id='word_1_588' title='bbox 1433 1887 1531 1915; x_wconf 78' lang='lat' dir='ltr'><strong>genere</strong></span> <span class='ocrx_word' id='word_1_589' title='bbox 1546 1880 1661 1907; x_wconf 90' lang='lat' dir='ltr'><strong>consito.</strong></span> <span class='ocrx_word' id='word_1_590' title='bbox 1681 1879 1709 1907; x_wconf 84' lang='lat' dir='ltr'><strong>Si</strong></span> 
     </span>
    </p>
   </div>
   <div class='ocr_carea' id='block_1_84' title="bbox 926 1925 1708 1964">
    <p class='ocr_par' dir='ltr' id='par_1_84' title="bbox 926 1925 1708 1964">
     <span class='ocr_line' id='line_1_84' title="bbox 926 1925 1708 1964; baseline 0.003 -13"><span class='ocrx_word' id='word_1_591' title='bbox 926 1925 989 1959; x_wconf 88' lang='lat' dir='ltr'><strong>quid</strong></span> <span class='ocrx_word' id='word_1_592' title='bbox 1003 1925 1029 1952; x_wconf 91' lang='lat' dir='ltr'><strong>in</strong></span> <span class='ocrx_word' id='word_1_593' title='bbox 1051 1925 1084 1953; x_wconf 91' lang='lat' dir='ltr'><strong>iis</strong></span> <span class='ocrx_word' id='word_1_594' title='bbox 1102 1933 1167 1964; x_wconf 72' lang='lat' dir='ltr'><strong>ergo</strong></span> <span class='ocrx_word' id='word_1_595' title='bbox 1181 1926 1279 1954; x_wconf 89' lang='lat' dir='ltr'><strong>bonum</strong></span> <span class='ocrx_word' id='word_1_596' title='bbox 1295 1926 1404 1954; x_wconf 87' lang='lat' dir='ltr'><strong>invenio</strong></span> <span class='ocrx_word' id='word_1_597' title='bbox 1417 1947 1425 1959; x_wconf 96' lang='lat'><strong>,</strong></span> <span class='ocrx_word' id='word_1_598' title='bbox 1440 1927 1465 1953; x_wconf 89' lang='lat' dir='ltr'><strong>id</strong></span> <span class='ocrx_word' id='word_1_599' title='bbox 1482 1926 1599 1961; x_wconf 81' lang='lat' dir='ltr'><strong>decerpe</strong></span> <span class='ocrx_word' id='word_1_600' title='bbox 1614 1935 1621 1953; x_wconf 85' lang='lat'><strong>:</strong></span> <span class='ocrx_word' id='word_1_601' title='bbox 1637 1926 1708 1961; x_wconf 92' lang='lat' dir='ltr'><strong>quod</strong></span> 
     </span>
    </p>
   </div>
   <div class='ocr_carea' id='block_1_85' title="bbox 926 1973 1710 2007">
    <p class='ocr_par' dir='ltr' id='par_1_85' title="bbox 926 1973 1710 2007">
     <span class='ocr_line' id='line_1_85' title="bbox 926 1973 1710 2007; baseline 0.001 -8"><span class='ocrx_word' id='word_1_602' title='bbox 926 1973 949 1999; x_wconf 84' lang='lat' dir='ltr'><strong>si</strong></span> <span class='ocrx_word' id='word_1_603' title='bbox 978 1973 1043 2006; x_wconf 91' lang='lat' dir='ltr'><strong>quid</strong></span> <span class='ocrx_word' id='word_1_604' title='bbox 1070 1975 1210 2006; x_wconf 78' lang='lat' dir='ltr'><strong>spinosum</strong></span> <span class='ocrx_word' id='word_1_605' title='bbox 1239 1973 1354 2005; x_wconf 87' lang='lat' dir='ltr'><strong>videtur,</strong></span> <span class='ocrx_word' id='word_1_606' title='bbox 1382 1973 1408 2000; x_wconf 89' lang='lat' dir='ltr'><strong>id</strong></span> <span class='ocrx_word' id='word_1_607' title='bbox 1434 1978 1559 2007; x_wconf 84' lang='lat' dir='ltr'><strong>tanquam</strong></span> <span class='ocrx_word' id='word_1_608' title='bbox 1585 1974 1710 2001; x_wconf 89' lang='lat' dir='ltr'><strong>aculeum</strong></span> 
     </span>
    </p>
   </div>
   <div class='ocr_carea' id='block_1_86' title="bbox 928 2018 1711 2054">
    <p class='ocr_par' dir='ltr' id='par_1_86' title="bbox 928 2018 1711 2054">
     <span class='ocr_line' id='line_1_86' title="bbox 928 2018 1711 2054; baseline 0.001 -10"><span class='ocrx_word' id='word_1_609' title='bbox 928 2018 1061 2046; x_wconf 80' lang='lat' dir='ltr'><strong>transilit).</strong></span> <span class='ocrx_word' id='word_1_610' title='bbox 1081 2028 1091 2044; x_wconf 68' lang='grc' dir='ltr'><strong>ι</strong></span> <span class='ocrx_word' id='word_1_611' title='bbox 1111 2018 1238 2046; x_wconf 86' lang='lat' dir='ltr'><strong>Eatndent</strong></span> <span class='ocrx_word' id='word_1_612' title='bbox 1264 2019 1386 2054; x_wconf 85' lang='lat' dir='ltr'><strong>regulam</strong></span> <span class='ocrx_word' id='word_1_613' title='bbox 1413 2021 1439 2046; x_wconf 93' lang='lat' dir='ltr'><strong>in</strong></span> <span class='ocrx_word' id='word_1_614' title='bbox 1465 2019 1579 2054; x_wconf 85' lang='lat' dir='ltr'><strong>Origene</strong></span> <span class='ocrx_word' id='word_1_615' title='bbox 1599 2018 1711 2053; x_wconf 77' lang='lat' dir='ltr'><strong>legendo</strong></span> 
     </span>
    </p>
   </div>
   <div class='ocr_carea' id='block_1_87' title="bbox 927 2064 1709 2100">
    <p class='ocr_par' dir='ltr' id='par_1_87' title="bbox 927 2064 1709 2100">
     <span class='ocr_line' id='line_1_87' title="bbox 927 2064 1709 2100; baseline 0.001 -9"><span class='ocrx_word' id='word_1_616' title='bbox 927 2064 1105 2092; x_wconf 86' lang='lat' dir='ltr'><strong>Cassiodorus</strong></span> <span class='ocrx_word' id='word_1_617' title='bbox 1131 2065 1233 2092; x_wconf 86' lang='lat' dir='ltr'><strong>servari</strong></span> <span class='ocrx_word' id='word_1_618' title='bbox 1255 2065 1338 2100; x_wconf 87' lang='lat' dir='ltr'><strong>jussit</strong></span> <span class='ocrx_word' id='word_1_619' title='bbox 1357 2065 1419 2092; x_wconf 89' lang='lat' dir='ltr'><strong>libr.</strong></span> <span class='ocrx_word' id='word_1_620' title='bbox 1445 2064 1481 2091; x_wconf 84' lang='lat' dir='ltr'><strong>De</strong></span> <span class='ocrx_word' id='word_1_621' title='bbox 1497 2065 1611 2091; x_wconf 71' lang='lat' dir='ltr'><strong>inuitat.</strong></span> <span class='ocrx_word' id='word_1_622' title='bbox 1627 2064 1709 2092; x_wconf 76' lang='lat' dir='ltr'><strong>divin.</strong></span> 
     </span>
    </p>
   </div>
   <div class='ocr_carea' id='block_1_88' title="bbox 927 2109 1710 2145">
    <p class='ocr_par' dir='ltr' id='par_1_88' title="bbox 927 2109 1710 2145">
     <span class='ocr_line' id='line_1_88' title="bbox 927 2109 1710 2145; baseline 0 -8"><span class='ocrx_word' id='word_1_623' title='bbox 927 2109 1059 2143; x_wconf 80' lang='lat' dir='ltr'><strong>Scriptor.</strong></span> <span class='ocrx_word' id='word_1_624' title='bbox 1073 2117 1133 2144; x_wconf 88' lang='lat' dir='ltr'><strong>cap.</strong></span> <span class='ocrx_word' id='word_1_625' title='bbox 1147 2110 1172 2142; x_wconf 78' lang='lat' dir='ltr'><strong>t,</strong></span> <span class='ocrx_word' id='word_1_626' title='bbox 1191 2111 1368 2145; x_wconf 85' lang='lat' dir='ltr'><strong>habendaque</strong></span> <span class='ocrx_word' id='word_1_627' title='bbox 1384 2111 1423 2137; x_wconf 92' lang='lat' dir='ltr'><strong>ait</strong></span> <span class='ocrx_word' id='word_1_628' title='bbox 1435 2110 1494 2145; x_wconf 89' lang='lat' dir='ltr'><strong>ejus</strong></span> <span class='ocrx_word' id='word_1_629' title='bbox 1511 2111 1612 2144; x_wconf 86' lang='lat' dir='ltr'><strong>scripta</strong></span> <span class='ocrx_word' id='word_1_630' title='bbox 1636 2117 1710 2137; x_wconf 86' lang='lat' dir='ltr'><strong>more</strong></span> 
     </span>
    </p>
   </div>
   <div class='ocr_carea' id='block_1_89' title="bbox 927 2155 1714 2190">
    <p class='ocr_par' dir='ltr' id='par_1_89' title="bbox 927 2155 1714 2190">
     <span class='ocr_line' id='line_1_89' title="bbox 927 2155 1714 2190; baseline 0.001 -9"><span class='ocrx_word' id='word_1_631' title='bbox 927 2155 1017 2182; x_wconf 88' lang='lat' dir='ltr'><strong>anethi</strong></span> <span class='ocrx_word' id='word_1_632' title='bbox 1029 2164 1035 2189; x_wconf 86' lang='lat'><strong><em>;</em></strong></span> <span class='ocrx_word' id='word_1_633' title='bbox 1048 2155 1106 2190; x_wconf 89' lang='lat' dir='ltr'><strong>ejus</strong></span> <span class='ocrx_word' id='word_1_634' title='bbox 1121 2163 1202 2183; x_wconf 90' lang='lat' dir='ltr'><strong>succo</strong></span> <span class='ocrx_word' id='word_1_635' title='bbox 1219 2156 1399 2183; x_wconf 86' lang='lat' dir='ltr'><strong>condiendam</strong></span> <span class='ocrx_word' id='word_1_636' title='bbox 1411 2163 1496 2183; x_wconf 68' lang='lat' dir='ltr'><strong>sacrae</strong></span> <span class='ocrx_word' id='word_1_637' title='bbox 1510 2156 1657 2190; x_wconf 75' lang='lat' dir='ltr'><strong>Scriptura:</strong></span> <span class='ocrx_word' id='word_1_638' title='bbox 1674 2155 1714 2182; x_wconf 90' lang='lat' dir='ltr'><strong>le-</strong></span> 
     </span>
    </p>
   </div>
   <div class='ocr_carea' id='block_1_90' title="bbox 88 2198 1711 2237">
    <p class='ocr_par' dir='ltr' id='par_1_90' title="bbox 88 2198 1711 2237">
     <span class='ocr_line' id='line_1_90' title="bbox 88 2198 1711 2237; baseline -0.002 -9"><span class='ocrx_word' id='word_1_639' title='bbox 88 2201 245 2228; x_wconf 85' lang='lat' dir='ltr'><strong>decrevisse</strong></span> <span class='ocrx_word' id='word_1_640' title='bbox 258 2200 369 2236; x_wconf 89' lang='lat' dir='ltr'><strong>synodis</strong></span> <span class='ocrx_word' id='word_1_641' title='bbox 387 2199 557 2231; x_wconf 82' lang='lat' dir='ltr'><strong>videbantur,</strong></span> <span class='ocrx_word' id='word_1_642' title='bbox 578 2207 612 2227; x_wconf 88' lang='lat' dir='ltr'><strong>ne</strong></span> <span class='ocrx_word' id='word_1_643' title='bbox 628 2198 689 2234; x_wconf 87' lang='lat' dir='ltr'><strong>quis</strong></span> <span class='ocrx_word' id='word_1_644' title='bbox 703 2198 827 2232; x_wconf 86' lang='lat' dir='ltr'><strong>Origenis</strong></span> <span class='ocrx_word' id='word_1_645' title='bbox 845 2198 876 2225; x_wconf 88' lang='lat' dir='ltr'><strong>li-</strong></span> <span class='ocrx_word' id='word_1_646' title='bbox 892 2207 914 2235; x_wconf 74' lang='grc' dir='ltr'><strong>ι)</strong></span> <span class='ocrx_word' id='word_1_647' title='bbox 928 2202 1062 2234; x_wconf 83' lang='lat' dir='ltr'><strong>ctionem,</strong></span> <span class='ocrx_word' id='word_1_648' title='bbox 1080 2201 1221 2228; x_wconf 79' lang='lat' dir='ltr'><strong>decoctum</strong></span> <span class='ocrx_word' id='word_1_649' title='bbox 1238 2202 1326 2237; x_wconf 85' lang='lat' dir='ltr'><strong>ipsum</strong></span> <span class='ocrx_word' id='word_1_650' title='bbox 1344 2209 1545 2236; x_wconf 73' lang='lat' dir='ltr'><strong>exsuccumque</strong></span> <span class='ocrx_word' id='word_1_651' title='bbox 1568 2209 1630 2228; x_wconf 72' lang='lat' dir='ltr'><strong>esse</strong></span> <span class='ocrx_word' id='word_1_652' title='bbox 1647 2208 1711 2235; x_wconf 89' lang='lat' dir='ltr'><strong>pro-</strong></span> 
     </span>
    </p>
   </div>
   <div class='ocr_carea' id='block_1_91' title="bbox 88 2244 877 2284">
    <p class='ocr_par' dir='ltr' id='par_1_91' title="bbox 88 2244 877 2284">
     <span class='ocr_line' id='line_1_91' title="bbox 88 2244 877 2284; baseline -0.003 -11"><span class='ocrx_word' id='word_1_653' title='bbox 88 2248 155 2274; x_wconf 81' lang='lat' dir='ltr'><strong>bros</strong></span> <span class='ocrx_word' id='word_1_654' title='bbox 169 2245 273 2284; x_wconf 86' lang='lat' dir='ltr'><strong>legeret</strong></span> <span class='ocrx_word' id='word_1_655' title='bbox 290 2251 338 2273; x_wconf 90' lang='lat' dir='ltr'><strong>aut</strong></span> <span class='ocrx_word' id='word_1_656' title='bbox 360 2245 482 2283; x_wconf 83' lang='lat' dir='ltr'><strong>haberet.</strong></span> <span class='ocrx_word' id='word_1_657' title='bbox 505 2254 514 2271; x_wconf 74' lang='grc' dir='ltr'>ι</span> <span class='ocrx_word' id='word_1_658' title='bbox 540 2244 731 2272; x_wconf 83' lang='lat' dir='ltr'><strong>Gratissimum</strong></span> <span class='ocrx_word' id='word_1_659' title='bbox 748 2249 877 2279; x_wconf 60' lang='lat' dir='ltr'><strong>prorterea</strong></span> 
     </span>
    </p>
   </div>
   <div class='ocr_carea' id='block_1_92' title="bbox 87 2290 876 2326">
    <p class='ocr_par' dir='ltr' id='par_1_92' title="bbox 87 2290 876 2326">
     <span class='ocr_line' id='line_1_92' title="bbox 87 2290 876 2326; baseline -0.004 -6"><span class='ocrx_word' id='word_1_660' title='bbox 87 2293 142 2320; x_wconf 83' lang='lat' dir='ltr'><strong>sibi</strong></span> <span class='ocrx_word' id='word_1_661' title='bbox 159 2292 244 2320; x_wconf 77' lang='lat' dir='ltr'><strong>fuisse</strong></span> <span class='ocrx_word' id='word_1_662' title='bbox 256 2298 394 2320; x_wconf 89' lang='lat' dir='ltr'><strong>asseverat</strong></span> <span class='ocrx_word' id='word_1_663' title='bbox 408 2291 569 2319; x_wconf 86' lang='lat' dir='ltr'><strong>Anastasius</strong></span> <span class='ocrx_word' id='word_1_664' title='bbox 591 2299 659 2326; x_wconf 84' lang='lat' dir='ltr'><strong>papa</strong></span> <span class='ocrx_word' id='word_1_665' title='bbox 673 2290 699 2317; x_wconf 85' lang='lat' dir='ltr'><strong>iu</strong></span> <span class='ocrx_word' id='word_1_666' title='bbox 715 2291 829 2325; x_wconf 89' lang='lat' dir='ltr'><strong>epistola</strong></span> <span class='ocrx_word' id='word_1_667' title='bbox 842 2291 876 2318; x_wconf 88' lang='lat' dir='ltr'><strong>ad</strong></span> 
     </span>
    </p>
   </div>
   <div class='ocr_carea' id='block_1_93' title="bbox 88 2336 876 2374">
    <p class='ocr_par' dir='ltr' id='par_1_93' title="bbox 88 2336 876 2374">
     <span class='ocr_line' id='line_1_93' title="bbox 88 2336 876 2374; baseline -0.005 -7"><span class='ocrx_word' id='word_1_668' title='bbox 88 2339 222 2367; x_wconf 79' lang='lat' dir='ltr'><strong>Joannem</strong></span> <span class='ocrx_word' id='word_1_669' title='bbox 250 2338 526 2374; x_wconf 76' lang='lat' dir='ltr'><strong>Jerosolymitanum,</strong></span> <span class='ocrx_word' id='word_1_670' title='bbox 545 2337 616 2373; x_wconf 89' lang='lat' dir='ltr'><strong>quod</strong></span> <span class='ocrx_word' id='word_1_671' title='bbox 640 2337 674 2364; x_wconf 87' lang='lat' dir='ltr'><strong>ab</strong></span> <span class='ocrx_word' id='word_1_672' title='bbox 696 2336 821 2372; x_wconf 80' lang='lat' dir='ltr'><strong>Origenis</strong></span> <span class='ocrx_word' id='word_1_673' title='bbox 839 2337 876 2364; x_wconf 49' lang='lat' dir='ltr'><strong>lev</strong></span> 
     </span>
    </p>
   </div>
   <div class='ocr_carea' id='block_1_94' title="bbox 88 2381 877 2412">
    <p class='ocr_par' dir='ltr' id='par_1_94' title="bbox 88 2381 877 2412">
     <span class='ocr_line' id='line_1_94' title="bbox 88 2381 877 2412; baseline -0.004 -1"><span class='ocrx_word' id='word_1_674' title='bbox 88 2385 182 2412; x_wconf 84' lang='lat' dir='ltr'><strong>ctione</strong></span> <span class='ocrx_word' id='word_1_675' title='bbox 203 2384 373 2412; x_wconf 83' lang='lat' dir='ltr'><strong>Christianos</strong></span> <span class='ocrx_word' id='word_1_676' title='bbox 399 2387 562 2411; x_wconf 87' lang='lat' dir='ltr'><strong>revocarunt</strong></span> <span class='ocrx_word' id='word_1_677' title='bbox 583 2382 716 2409; x_wconf 83' lang='lat' dir='ltr'><strong>Arcadius</strong></span> <span class='ocrx_word' id='word_1_678' title='bbox 738 2386 766 2408; x_wconf 87' lang='lat' dir='ltr'><strong>et</strong></span> <span class='ocrx_word' id='word_1_679' title='bbox 786 2381 877 2409; x_wconf 79' lang='lat' dir='ltr'><strong>Hono~</strong></span> 
     </span>
    </p>
   </div>
   <div class='ocr_carea' id='block_1_95' title="bbox 88 2427 875 2465">
    <p class='ocr_par' dir='ltr' id='par_1_95' title="bbox 88 2427 875 2465">
     <span class='ocr_line' id='line_1_95' title="bbox 88 2427 875 2465; baseline -0.005 -7"><span class='ocrx_word' id='word_1_680' title='bbox 88 2431 158 2458; x_wconf 84' lang='lat' dir='ltr'><strong>rius.</strong></span> <span class='ocrx_word' id='word_1_681' title='bbox 166 2430 204 2457; x_wconf 86' lang='lat' dir='ltr'><strong>Eo</strong></span> <span class='ocrx_word' id='word_1_682' title='bbox 213 2437 319 2465; x_wconf 89' lang='lat' dir='ltr'><strong>quoque</strong></span> <span class='ocrx_word' id='word_1_683' title='bbox 329 2429 461 2457; x_wconf 87' lang='lat' dir='ltr'><strong>inclinare</strong></span> <span class='ocrx_word' id='word_1_684' title='bbox 473 2428 577 2456; x_wconf 88' lang='lat' dir='ltr'><strong>videtur</strong></span> <span class='ocrx_word' id='word_1_685' title='bbox 588 2427 743 2455; x_wconf 87' lang='lat' dir='ltr'><strong>Vincentius</strong></span> <span class='ocrx_word' id='word_1_686' title='bbox 752 2427 875 2455; x_wconf 85' lang='lat' dir='ltr'><strong>Lirinen-</strong></span> 
     </span>
    </p>
   </div>
   <div class='ocr_carea' id='block_1_96' title="bbox 86 2473 876 2510">
    <p class='ocr_par' dir='ltr' id='par_1_96' title="bbox 86 2473 876 2510">
     <span class='ocr_line' id='line_1_96' title="bbox 86 2473 876 2510; baseline -0.006 -6"><span class='ocrx_word' id='word_1_687' title='bbox 86 2475 140 2508; x_wconf 86' lang='lat' dir='ltr'><strong>sis,</strong></span> <span class='ocrx_word' id='word_1_688' title='bbox 152 2483 213 2510; x_wconf 87' lang='lat' dir='ltr'><strong>cap.</strong></span> <span class='ocrx_word' id='word_1_689' title='bbox 223 2475 270 2508; x_wconf 76' lang='lat'><strong>25,</strong></span> <span class='ocrx_word' id='word_1_690' title='bbox 284 2475 375 2503; x_wconf 83' lang='lat' dir='ltr'><strong>Contr.</strong></span> <span class='ocrx_word' id='word_1_691' title='bbox 388 2475 495 2508; x_wconf 64' lang='lat' dir='ltr'><strong>hieran,</strong></span> <span class='ocrx_word' id='word_1_692' title='bbox 511 2479 540 2501; x_wconf 93' lang='lat' dir='ltr'><strong>ut</strong></span> <span class='ocrx_word' id='word_1_693' title='bbox 553 2474 587 2501; x_wconf 88' lang='lat' dir='ltr'><strong>ab</strong></span> <span class='ocrx_word' id='word_1_694' title='bbox 603 2481 651 2501; x_wconf 90' lang='lat' dir='ltr'><strong>usu</strong></span> <span class='ocrx_word' id='word_1_695' title='bbox 661 2473 876 2500; x_wconf 85' lang='lat' dir='ltr'><strong>Christianorum</strong></span> 
     </span>
    </p>
   </div>
   <div class='ocr_carea' id='block_1_97' title="bbox 89 2519 876 2555">
    <p class='ocr_par' dir='ltr' id='par_1_97' title="bbox 89 2519 876 2555">
     <span class='ocr_line' id='line_1_97' title="bbox 89 2519 876 2555; baseline -0.003 -7"><span class='ocrx_word' id='word_1_696' title='bbox 89 2521 152 2549; x_wconf 90' lang='lat' dir='ltr'><strong>libri</strong></span> <span class='ocrx_word' id='word_1_697' title='bbox 168 2521 213 2548; x_wconf 88' lang='lat' dir='ltr'><strong>isti</strong></span> <span class='ocrx_word' id='word_1_698' title='bbox 229 2526 428 2549; x_wconf 76' lang='lat' dir='ltr'><strong>removeantur.</strong></span> <span class='ocrx_word' id='word_1_699' title='bbox 453 2520 571 2555; x_wconf 89' lang='lat' dir='ltr'><strong>Denique</strong></span> <span class='ocrx_word' id='word_1_700' title='bbox 595 2519 763 2547; x_wconf 83' lang='lat' dir='ltr'><strong>.lustinianus</strong></span> <span class='ocrx_word' id='word_1_701' title='bbox 778 2520 808 2547; x_wconf 85' lang='lat' dir='ltr'><strong>in</strong></span> <span class='ocrx_word' id='word_1_702' title='bbox 820 2519 876 2554; x_wconf 88' lang='lat' dir='ltr'><strong>epi-</strong></span> 
     </span>
    </p>
   </div>
   <div class='ocr_carea' id='block_1_98' title="bbox 88 2566 878 2602">
    <p class='ocr_par' dir='ltr' id='par_1_98' title="bbox 88 2566 878 2602">
     <span class='ocr_line' id='line_1_98' title="bbox 88 2566 878 2602; baseline -0.003 -7"><span class='ocrx_word' id='word_1_703' title='bbox 88 2566 160 2595; x_wconf 88' lang='lat' dir='ltr'><strong>stola</strong></span> <span class='ocrx_word' id='word_1_704' title='bbox 171 2567 307 2602; x_wconf 89' lang='lat' dir='ltr'><strong>encyclica</strong></span> <span class='ocrx_word' id='word_1_705' title='bbox 323 2567 356 2594; x_wconf 86' lang='lat' dir='ltr'><strong>ad</strong></span> <span class='ocrx_word' id='word_1_706' title='bbox 365 2566 468 2594; x_wconf 73' lang='lat' dir='ltr'><strong>Menam</strong></span> <span class='ocrx_word' id='word_1_707' title='bbox 483 2571 511 2594; x_wconf 90' lang='lat' dir='ltr'><strong>et</strong></span> <span class='ocrx_word' id='word_1_708' title='bbox 521 2566 587 2594; x_wconf 85' lang='lat' dir='ltr'><strong>alios</strong></span> <span class='ocrx_word' id='word_1_709' title='bbox 599 2566 753 2602; x_wconf 86' lang='lat' dir='ltr'><strong>episcopos,</strong></span> <span class='ocrx_word' id='word_1_710' title='bbox 778 2572 878 2600; x_wconf 87' lang='lat' dir='ltr'><strong>cupere</strong></span> 
     </span>
    </p>
   </div>
   <div class='ocr_carea' id='block_1_99' title="bbox 88 2611 876 2647">
    <p class='ocr_par' dir='ltr' id='par_1_99' title="bbox 88 2611 876 2647">
     <span class='ocr_line' id='line_1_99' title="bbox 88 2611 876 2647; baseline -0.003 -7"><span class='ocrx_word' id='word_1_711' title='bbox 88 2620 120 2640; x_wconf 85' lang='lat' dir='ltr'><strong>se</strong></span> <span class='ocrx_word' id='word_1_712' title='bbox 146 2613 242 2640; x_wconf 86' lang='lat' dir='ltr'><strong>scribit</strong></span> <span class='ocrx_word' id='word_1_713' title='bbox 267 2620 362 2641; x_wconf 84' lang='lat' dir='ltr'><strong>omnes</strong></span> <span class='ocrx_word' id='word_1_714' title='bbox 389 2611 560 2640; x_wconf 87' lang='lat' dir='ltr'><strong>Christianos</strong></span> <span class='ocrx_word' id='word_1_715' title='bbox 584 2619 749 2647; x_wconf 81' lang='lat' dir='ltr'><strong>cognoscere</strong></span> <span class='ocrx_word' id='word_1_716' title='bbox 773 2611 876 2646; x_wconf 88' lang='lat' dir='ltr'><strong>scripta</strong></span> 
     </span>
    </p>
   </div>
   <div class='ocr_carea' id='block_1_100' title="bbox 87 2658 879 2694">
    <p class='ocr_par' dir='ltr' id='par_1_100' title="bbox 87 2658 879 2694">
     <span class='ocr_line' id='line_1_100' title="bbox 87 2658 879 2694; baseline -0.004 -6"><span class='ocrx_word' id='word_1_717' title='bbox 87 2658 218 2694; x_wconf 86' lang='lat' dir='ltr'><strong>Origenis</strong></span> <span class='ocrx_word' id='word_1_718' title='bbox 230 2666 342 2694; x_wconf 86' lang='lat' dir='ltr'><strong>prorsus</strong></span> <span class='ocrx_word' id='word_1_719' title='bbox 356 2666 371 2685; x_wconf 87' lang='lat' dir='ltr'><strong>a</strong></span> <span class='ocrx_word' id='word_1_720' title='bbox 387 2658 542 2686; x_wconf 87' lang='lat' dir='ltr'><strong>Christiana</strong></span> <span class='ocrx_word' id='word_1_721' title='bbox 564 2659 616 2687; x_wconf 87' lang='lat' dir='ltr'><strong>iide</strong></span> <span class='ocrx_word' id='word_1_722' title='bbox 636 2666 697 2687; x_wconf 88' lang='lat' dir='ltr'><strong>esse</strong></span> <span class='ocrx_word' id='word_1_723' title='bbox 719 2658 805 2687; x_wconf 86' lang='lat' dir='ltr'><strong>aliena</strong></span> <span class='ocrx_word' id='word_1_724' title='bbox 817 2678 825 2692; x_wconf 94' lang='lat'><strong>,</strong></span> <span class='ocrx_word' id='word_1_725' title='bbox 848 2664 879 2685; x_wconf 83' lang='lat' dir='ltr'><strong>ac</strong></span> 
     </span>
    </p>
   </div>
   <div class='ocr_carea' id='block_1_101' title="bbox 89 2704 399 2741">
    <p class='ocr_par' dir='ltr' id='par_1_101' title="bbox 89 2704 399 2741">
     <span class='ocr_line' id='line_1_101' title="bbox 89 2704 399 2741; baseline 0.006 -10"><span class='ocrx_word' id='word_1_726' title='bbox 89 2705 202 2741; x_wconf 86' lang='lat' dir='ltr'><strong>penitus</strong></span> <span class='ocrx_word' id='word_1_727' title='bbox 219 2704 399 2740; x_wconf 86' lang='lat' dir='ltr'><strong>explodenda.</strong></span> 
     </span>
    </p>
   </div>
   <div class='ocr_carea' id='block_1_102' title="bbox 127 2748 882 2786">
    <p class='ocr_par' dir='ltr' id='par_1_102' title="bbox 127 2748 882 2786">
     <span class='ocr_line' id='line_1_102' title="bbox 127 2748 882 2786; baseline -0.001 -8"><span class='ocrx_word' id='word_1_728' title='bbox 127 2749 183 2778; x_wconf 88' lang='lat' dir='ltr'><strong>Sed</strong></span> <span class='ocrx_word' id='word_1_729' title='bbox 197 2754 293 2778; x_wconf 85' lang='lat' dir='ltr'><strong>contra</strong></span> <span class='ocrx_word' id='word_1_730' title='bbox 308 2757 358 2786; x_wconf 89' lang='lat' dir='ltr'><strong>pro</strong></span> <span class='ocrx_word' id='word_1_731' title='bbox 369 2749 445 2778; x_wconf 89' lang='lat' dir='ltr'><strong>libris</strong></span> <span class='ocrx_word' id='word_1_732' title='bbox 457 2750 610 2778; x_wconf 80' lang='lat' dir='ltr'><strong>Adamantii</strong></span> <span class='ocrx_word' id='word_1_733' title='bbox 627 2753 761 2779; x_wconf 88' lang='lat' dir='ltr'><strong>steterunt</strong></span> <span class='ocrx_word' id='word_1_734' title='bbox 769 2748 882 2777; x_wconf 88' lang='lat' dir='ltr'><strong>Theoti-</strong></span> 
     </span>
    </p>
   </div>
   <div class='ocr_carea' id='block_1_103' title="bbox 129 2854 609 2890">
    <p class='ocr_par' dir='ltr' id='par_1_103' title="bbox 129 2854 609 2890">
     <span class='ocr_line' id='line_1_103' title="bbox 129 2854 609 2890; baseline -0.006 -6"><span class='ocrx_word' id='word_1_735' title='bbox 129 2855 154 2873; x_wconf 78' lang='lat'>“</span> <span class='ocrx_word' id='word_1_736' title='bbox 179 2855 278 2884; x_wconf 85' lang='lat' dir='ltr'><strong>Baron.</strong></span> <span class='ocrx_word' id='word_1_737' title='bbox 301 2863 364 2883; x_wconf 88' lang='lat' dir='ltr'><strong>ann.</strong></span> <span class='ocrx_word' id='word_1_738' title='bbox 381 2855 433 2883; x_wconf 68' lang='grc'><strong>403</strong></span> <span class='ocrx_word' id='word_1_739' title='bbox 449 2875 456 2889; x_wconf 86' lang='grc'><em>,</em></span> <span class='ocrx_word' id='word_1_740' title='bbox 479 2862 539 2890; x_wconf 86' lang='lat' dir='ltr'><strong>cap.</strong></span> <span class='ocrx_word' id='word_1_741' title='bbox 569 2854 609 2882; x_wconf 78' lang='grc'><strong>15.</strong></span> 
     </span>
    </p>
   </div>
   <div class='ocr_carea' id='block_1_104' title="bbox 924 2245 1712 2281">
    <p class='ocr_par' dir='ltr' id='par_1_104' title="bbox 924 2245 1712 2281">
     <span class='ocr_line' id='line_1_104' title="bbox 924 2245 1712 2281; baseline 0 -8"><span class='ocrx_word' id='word_1_742' title='bbox 924 2245 1089 2281; x_wconf 86' lang='lat' dir='ltr'><strong>jiciendum;</strong></span> <span class='ocrx_word' id='word_1_743' title='bbox 1107 2255 1224 2281; x_wconf 87' lang='lat' dir='ltr'><strong>cumque</strong></span> <span class='ocrx_word' id='word_1_744' title='bbox 1236 2248 1270 2275; x_wconf 93' lang='lat' dir='ltr'><strong>de</strong></span> <span class='ocrx_word' id='word_1_745' title='bbox 1294 2255 1327 2275; x_wconf 88' lang='lat' dir='ltr'><strong>eo</strong></span> <span class='ocrx_word' id='word_1_746' title='bbox 1341 2248 1442 2275; x_wconf 91' lang='lat' dir='ltr'><strong>dictum</strong></span> <span class='ocrx_word' id='word_1_747' title='bbox 1462 2247 1496 2274; x_wconf 89' lang='lat' dir='ltr'><strong>sit</strong></span> <span class='ocrx_word' id='word_1_748' title='bbox 1514 2255 1522 2274; x_wconf 87' lang='lat'><strong>:</strong></span> <span class='ocrx_word' id='word_1_749' title='bbox 1537 2257 1546 2273; x_wconf 86' lang='grc'><strong>‹</strong></span> <span class='ocrx_word' id='word_1_750' title='bbox 1567 2246 1617 2274; x_wconf 85' lang='lat' dir='ltr'><strong>Ubi</strong></span> <span class='ocrx_word' id='word_1_751' title='bbox 1632 2247 1712 2279; x_wconf 88' lang='lat' dir='ltr'><strong>bene,</strong></span> 
     </span>
    </p>
   </div>
   <div class='ocr_carea' id='block_1_105' title="bbox 931 2292 1713 2328">
    <p class='ocr_par' dir='ltr' id='par_1_105' title="bbox 931 2292 1713 2328">
     <span class='ocr_line' id='line_1_105' title="bbox 931 2292 1713 2328; baseline 0 -9"><span class='ocrx_word' id='word_1_752' title='bbox 931 2299 1010 2319; x_wconf 91' lang='lat' dir='ltr'><strong>nemo</strong></span> <span class='ocrx_word' id='word_1_753' title='bbox 1027 2292 1141 2325; x_wconf 87' lang='lat' dir='ltr'><strong>melius;</strong></span> <span class='ocrx_word' id='word_1_754' title='bbox 1160 2293 1204 2320; x_wconf 91' lang='lat' dir='ltr'><strong>ubi</strong></span> <span class='ocrx_word' id='word_1_755' title='bbox 1222 2292 1301 2326; x_wconf 87' lang='lat' dir='ltr'><strong>male,</strong></span> <span class='ocrx_word' id='word_1_756' title='bbox 1320 2301 1400 2320; x_wconf 86' lang='lat' dir='ltr'><strong>nemo</strong></span> <span class='ocrx_word' id='word_1_757' title='bbox 1416 2294 1500 2328; x_wconf 90' lang='lat' dir='ltr'><strong>pejus,</strong></span> <span class='ocrx_word' id='word_1_758' title='bbox 1523 2303 1533 2319; x_wconf 76' lang='grc' dir='ltr'>ι</span> <span class='ocrx_word' id='word_1_759' title='bbox 1554 2301 1648 2328; x_wconf 86' lang='lat' dir='ltr'><strong>magna</strong></span> <span class='ocrx_word' id='word_1_760' title='bbox 1672 2293 1713 2328; x_wconf 82' lang='lat' dir='ltr'><strong>ip-</strong></span> 
     </span>
    </p>
   </div>
   <div class='ocr_carea' id='block_1_106' title="bbox 928 2338 1713 2374">
    <p class='ocr_par' dir='ltr' id='par_1_106' title="bbox 928 2338 1713 2374">
     <span class='ocr_line' id='line_1_106' title="bbox 928 2338 1713 2374; baseline 0 -9"><span class='ocrx_word' id='word_1_761' title='bbox 928 2345 986 2365; x_wconf 86' lang='lat' dir='ltr'><strong>sum</strong></span> <span class='ocrx_word' id='word_1_762' title='bbox 1004 2338 1130 2366; x_wconf 82' lang='lat' dir='ltr'><strong>cautione</strong></span> <span class='ocrx_word' id='word_1_763' title='bbox 1147 2346 1207 2366; x_wconf 89' lang='lat' dir='ltr'><strong>esse</strong></span> <span class='ocrx_word' id='word_1_764' title='bbox 1221 2340 1391 2366; x_wconf 86' lang='lat' dir='ltr'><strong>tractandum</strong></span> <span class='ocrx_word' id='word_1_765' title='bbox 1408 2348 1415 2366; x_wconf 90' lang='lat'><strong>:</strong></span> <span class='ocrx_word' id='word_1_766' title='bbox 1439 2349 1448 2365; x_wconf 78' lang='grc' dir='ltr'>ι</span> <span class='ocrx_word' id='word_1_767' title='bbox 1475 2339 1656 2374; x_wconf 85' lang='lat' dir='ltr'><strong>Quapropter,</strong></span> <span class='ocrx_word' id='word_1_768' title='bbox 1672 2339 1713 2365; x_wconf 93' lang='lat' dir='ltr'><strong>in-</strong></span> 
     </span>
    </p>
   </div>
   <div class='ocr_carea' id='block_1_107' title="bbox 927 2383 1712 2421">
    <p class='ocr_par' dir='ltr' id='par_1_107' title="bbox 927 2383 1712 2421">
     <span class='ocr_line' id='line_1_107' title="bbox 927 2383 1712 2421; baseline 0.003 -11"><span class='ocrx_word' id='word_1_769' title='bbox 927 2383 997 2418; x_wconf 90' lang='lat' dir='ltr'><strong>quit,</strong></span> <span class='ocrx_word' id='word_1_770' title='bbox 1011 2383 1038 2411; x_wconf 92' lang='lat' dir='ltr'><strong>in</strong></span> <span class='ocrx_word' id='word_1_771' title='bbox 1054 2384 1183 2419; x_wconf 90' lang='lat' dir='ltr'><strong>operibus</strong></span> <span class='ocrx_word' id='word_1_772' title='bbox 1196 2385 1317 2420; x_wconf 91' lang='lat' dir='ltr'><strong>ejusdem</strong></span> <span class='ocrx_word' id='word_1_773' title='bbox 1329 2385 1463 2421; x_wconf 80' lang='lat' dir='ltr'><strong>Origenis,</strong></span> <span class='ocrx_word' id='word_1_774' title='bbox 1479 2390 1608 2421; x_wconf 88' lang='lat' dir='ltr'><strong>quantum</strong></span> <span class='ocrx_word' id='word_1_775' title='bbox 1624 2390 1712 2412; x_wconf 88' lang='lat' dir='ltr'><strong>trans-</strong></span> 
     </span>
    </p>
   </div>
   <div class='ocr_carea' id='block_1_108' title="bbox 928 2428 1712 2467">
    <p class='ocr_par' dir='ltr' id='par_1_108' title="bbox 928 2428 1712 2467">
     <span class='ocr_line' id='line_1_108' title="bbox 928 2428 1712 2467; baseline 0.005 -11"><span class='ocrx_word' id='word_1_776' title='bbox 928 2428 986 2456; x_wconf 86' lang='lat' dir='ltr'><strong>iens</strong></span> <span class='ocrx_word' id='word_1_777' title='bbox 1009 2430 1131 2458; x_wconf 89' lang='lat' dir='ltr'><strong>invenire</strong></span> <span class='ocrx_word' id='word_1_778' title='bbox 1157 2432 1303 2465; x_wconf 64' lang='lat' dir='ltr'><strong>praevalni,</strong></span> <span class='ocrx_word' id='word_1_779' title='bbox 1324 2432 1384 2460; x_wconf 79' lang='lat' dir='ltr'><strong>loca</strong></span> <span class='ocrx_word' id='word_1_780' title='bbox 1406 2439 1465 2467; x_wconf 70' lang='lat' dir='ltr'><strong>quae</strong></span> <span class='ocrx_word' id='word_1_781' title='bbox 1495 2437 1588 2459; x_wconf 85' lang='lat' dir='ltr'><strong>contra</strong></span> <span class='ocrx_word' id='word_1_782' title='bbox 1606 2431 1712 2466; x_wconf 85' lang='lat' dir='ltr'><strong>regulas</strong></span> 
     </span>
    </p>
   </div>
   <div class='ocr_carea' id='block_1_109' title="bbox 928 2475 1712 2513">
    <p class='ocr_par' dir='ltr' id='par_1_109' title="bbox 928 2475 1712 2513">
     <span class='ocr_line' id='line_1_109' title="bbox 928 2475 1712 2513; baseline 0.001 -10"><span class='ocrx_word' id='word_1_783' title='bbox 928 2475 1038 2504; x_wconf 77' lang='lat' dir='ltr'><strong>Patrum</strong></span> <span class='ocrx_word' id='word_1_784' title='bbox 1055 2477 1126 2504; x_wconf 88' lang='lat' dir='ltr'><strong>dicta</strong></span> <span class='ocrx_word' id='word_1_785' title='bbox 1143 2482 1216 2511; x_wconf 83' lang='lat' dir='ltr'><strong>sunt,</strong></span> <span class='ocrx_word' id='word_1_786' title='bbox 1233 2478 1350 2506; x_wconf 86' lang='lat' dir='ltr'><strong>achresti</strong></span> <span class='ocrx_word' id='word_1_787' title='bbox 1365 2478 1551 2513; x_wconf 84' lang='lat' dir='ltr'><strong>disphnctione</strong></span> <span class='ocrx_word' id='word_1_788' title='bbox 1565 2477 1616 2513; x_wconf 87' lang='lat' dir='ltr'><strong>(sic</strong></span> <span class='ocrx_word' id='word_1_789' title='bbox 1639 2477 1712 2505; x_wconf 88' lang='lat' dir='ltr'><strong>enint</strong></span> 
     </span>
    </p>
   </div>
   <div class='ocr_carea' id='block_1_110' title="bbox 932 2522 1713 2560">
    <p class='ocr_par' dir='ltr' id='par_1_110' title="bbox 932 2522 1713 2560">
     <span class='ocr_line' id='line_1_110' title="bbox 932 2522 1713 2560; baseline 0.004 -11"><span class='ocrx_word' id='word_1_790' title='bbox 932 2522 1002 2558; x_wconf 86' lang='lat' dir='ltr'><strong>lego,</strong></span> <span class='ocrx_word' id='word_1_791' title='bbox 1019 2531 1077 2558; x_wconf 87' lang='lat' dir='ltr'><strong>pro,</strong></span> <span class='ocrx_word' id='word_1_792' title='bbox 1097 2524 1217 2551; x_wconf 80' lang='lat' dir='ltr'><strong>Itwresim</strong></span> <span class='ocrx_word' id='word_1_793' title='bbox 1231 2523 1416 2560; x_wconf 70' lang='lat' dir='ltr'><strong>disputatione)</strong></span> <span class='ocrx_word' id='word_1_794' title='bbox 1428 2524 1542 2560; x_wconf 88' lang='lat' dir='ltr'><strong>signavi,</strong></span> <span class='ocrx_word' id='word_1_795' title='bbox 1567 2529 1595 2550; x_wconf 91' lang='lat' dir='ltr'><strong>ut</strong></span> <span class='ocrx_word' id='word_1_796' title='bbox 1609 2523 1713 2558; x_wconf 79' lang='lat' dir='ltr'><strong>decipe-</strong></span> 
     </span>
    </p>
   </div>
   <div class='ocr_carea' id='block_1_111' title="bbox 930 2569 1712 2606">
    <p class='ocr_par' dir='ltr' id='par_1_111' title="bbox 930 2569 1712 2606">
     <span class='ocr_line' id='line_1_111' title="bbox 930 2569 1712 2606; baseline 0.001 -10"><span class='ocrx_word' id='word_1_797' title='bbox 930 2576 959 2596; x_wconf 89' lang='lat' dir='ltr'><strong>re</strong></span> <span class='ocrx_word' id='word_1_798' title='bbox 975 2576 1026 2597; x_wconf 92' lang='lat' dir='ltr'><strong>nou</strong></span> <span class='ocrx_word' id='word_1_799' title='bbox 1041 2569 1195 2604; x_wconf 63' lang='lat' dir='ltr'><strong>praevaleat,</strong></span> <span class='ocrx_word' id='word_1_800' title='bbox 1213 2570 1258 2605; x_wconf 90' lang='lat' dir='ltr'><strong>qui</strong></span> <span class='ocrx_word' id='word_1_801' title='bbox 1282 2570 1329 2597; x_wconf 85' lang='lat' dir='ltr'><strong>tali</strong></span> <span class='ocrx_word' id='word_1_802' title='bbox 1343 2570 1420 2606; x_wconf 82' lang='lat' dir='ltr'><strong>signo</strong></span> <span class='ocrx_word' id='word_1_803' title='bbox 1437 2571 1463 2597; x_wconf 92' lang='lat' dir='ltr'><strong>in</strong></span> <span class='ocrx_word' id='word_1_804' title='bbox 1477 2570 1569 2605; x_wconf 88' lang='lat' dir='ltr'><strong>pravis</strong></span> <span class='ocrx_word' id='word_1_805' title='bbox 1588 2570 1712 2598; x_wconf 83' lang='lat' dir='ltr'><strong>sensibus</strong></span> 
     </span>
    </p>
   </div>
   <div class='ocr_carea' id='block_1_112' title="bbox 930 2613 1713 2642">
    <p class='ocr_par' dir='ltr' id='par_1_112' title="bbox 930 2613 1713 2642">
     <span class='ocr_line' id='line_1_112' title="bbox 930 2613 1713 2642; baseline 0 -1"><span class='ocrx_word' id='word_1_806' title='bbox 930 2614 1065 2641; x_wconf 89' lang='lat' dir='ltr'><strong>cavendus</strong></span> <span class='ocrx_word' id='word_1_807' title='bbox 1089 2621 1150 2641; x_wconf 82' lang='lat' dir='ltr'><strong>esse</strong></span> <span class='ocrx_word' id='word_1_808' title='bbox 1176 2619 1350 2641; x_wconf 86' lang='lat' dir='ltr'><strong>monstratur.</strong></span> <span class='ocrx_word' id='word_1_809' title='bbox 1380 2613 1545 2642; x_wconf 83' lang='lat' dir='ltr'><strong>Posteriores</strong></span> <span class='ocrx_word' id='word_1_810' title='bbox 1569 2620 1658 2642; x_wconf 85' lang='lat' dir='ltr'><strong>autem</strong></span> <span class='ocrx_word' id='word_1_811' title='bbox 1687 2615 1713 2641; x_wconf 92' lang='lat' dir='ltr'><strong>in</strong></span> 
     </span>
    </p>
   </div>
   <div class='ocr_carea' id='block_1_113' title="bbox 932 2658 1712 2695">
    <p class='ocr_par' dir='ltr' id='par_1_113' title="bbox 932 2658 1712 2695">
     <span class='ocr_line' id='line_1_113' title="bbox 932 2658 1712 2695; baseline 0.001 -9"><span class='ocrx_word' id='word_1_812' title='bbox 932 2663 989 2687; x_wconf 91' lang='lat' dir='ltr'><strong>toto</strong></span> <span class='ocrx_word' id='word_1_813' title='bbox 1005 2660 1098 2687; x_wconf 89' lang='lat' dir='ltr'><strong>dicunt</strong></span> <span class='ocrx_word' id='word_1_814' title='bbox 1112 2667 1172 2687; x_wconf 87' lang='lat' dir='ltr'><strong>esse</strong></span> <span class='ocrx_word' id='word_1_815' title='bbox 1186 2658 1352 2694; x_wconf 80' lang='lat' dir='ltr'><strong>fugiendum,</strong></span> <span class='ocrx_word' id='word_1_816' title='bbox 1369 2664 1511 2694; x_wconf 88' lang='lat' dir='ltr'><strong>propterea</strong></span> <span class='ocrx_word' id='word_1_817' title='bbox 1523 2661 1586 2695; x_wconf 88' lang='lat' dir='ltr'><strong>quia</strong></span> <span class='ocrx_word' id='word_1_818' title='bbox 1606 2660 1712 2688; x_wconf 83' lang='lat' dir='ltr'><strong>subtili-</strong></span> 
     </span>
    </p>
   </div>
   <div class='ocr_carea' id='block_1_114' title="bbox 933 2705 1714 2741">
    <p class='ocr_par' dir='ltr' id='par_1_114' title="bbox 933 2705 1714 2741">
     <span class='ocr_line' id='line_1_114' title="bbox 933 2705 1714 2741; baseline 0.003 -9"><span class='ocrx_word' id='word_1_819' title='bbox 933 2709 974 2732; x_wconf 89' lang='lat' dir='ltr'><strong>ter</strong></span> <span class='ocrx_word' id='word_1_820' title='bbox 987 2706 1086 2741; x_wconf 85' lang='lat' dir='ltr'><strong>decipit</strong></span> <span class='ocrx_word' id='word_1_821' title='bbox 1101 2706 1269 2734; x_wconf 83' lang='lat' dir='ltr'><strong>innocentes.</strong></span> <span class='ocrx_word' id='word_1_822' title='bbox 1289 2705 1366 2733; x_wconf 68' lang='lat' dir='ltr'><strong>alam</strong></span> <span class='ocrx_word' id='word_1_823' title='bbox 1382 2711 1459 2733; x_wconf 86' lang='lat' dir='ltr'><strong>antea</strong></span> <span class='ocrx_word' id='word_1_824' title='bbox 1485 2715 1548 2734; x_wconf 87' lang='lat' dir='ltr'><strong>vero</strong></span> <span class='ocrx_word' id='word_1_825' title='bbox 1569 2708 1714 2735; x_wconf 81' lang='lat' dir='ltr'><strong>concilium</strong></span> 
     </span>
    </p>
   </div>
   <div class='ocr_carea' id='block_1_115' title="bbox 933 2749 1716 2786">
    <p class='ocr_par' dir='ltr' id='par_1_115' title="bbox 933 2749 1716 2786">
     <span class='ocr_line' id='line_1_115' title="bbox 933 2749 1716 2786; baseline 0.001 -8"><span class='ocrx_word' id='word_1_826' title='bbox 933 2749 1096 2785; x_wconf 81' lang='lat' dir='ltr'><strong>Romanum,</strong></span> <span class='ocrx_word' id='word_1_827' title='bbox 1105 2751 1175 2786; x_wconf 89' lang='lat' dir='ltr'><strong>quod</strong></span> <span class='ocrx_word' id='word_1_828' title='bbox 1192 2751 1242 2779; x_wconf 86' lang='lat' dir='ltr'><strong>sub</strong></span> <span class='ocrx_word' id='word_1_829' title='bbox 1263 2751 1372 2780; x_wconf 80' lang='lat' dir='ltr'><strong>Gelasio</strong></span> <span class='ocrx_word' id='word_1_830' title='bbox 1387 2752 1547 2780; x_wconf 85' lang='lat' dir='ltr'><strong>celebratum</strong></span> <span class='ocrx_word' id='word_1_831' title='bbox 1565 2757 1617 2785; x_wconf 84' lang='lat' dir='ltr'><strong>est,</strong></span> <span class='ocrx_word' id='word_1_832' title='bbox 1631 2752 1669 2780; x_wconf 89' lang='lat' dir='ltr'><strong>ita</strong></span> <span class='ocrx_word' id='word_1_833' title='bbox 1684 2751 1716 2779; x_wconf 65' lang='lat' dir='ltr'><strong>tif:</strong></span> 
     </span>
    </p>
   </div>
   <div class='ocr_carea' id='block_1_116' title="bbox 650 2853 989 2887">
    <p class='ocr_par' dir='ltr' id='par_1_116' title="bbox 650 2853 989 2887">
     <span class='ocr_line' id='line_1_116' title="bbox 650 2853 989 2887; baseline -0.009 -4"><span class='ocrx_word' id='word_1_834' title='bbox 650 2856 671 2872; x_wconf 81' lang='lat'>”</span> <span class='ocrx_word' id='word_1_835' title='bbox 697 2855 704 2882; x_wconf 93' lang='grc' dir='ltr'><strong>Ι</strong></span> <span class='ocrx_word' id='word_1_836' title='bbox 726 2854 823 2883; x_wconf 85' lang='lat' dir='ltr'><strong>Thess.</strong></span> <span class='ocrx_word' id='word_1_837' title='bbox 847 2862 872 2887; x_wconf 61' lang='grc' dir='ltr'><strong>γ,</strong></span> <span class='ocrx_word' id='word_1_838' title='bbox 887 2853 930 2886; x_wconf 71' lang='grc'><strong>21,</strong></span> <span class='ocrx_word' id='word_1_839' title='bbox 947 2853 989 2880; x_wconf 69' lang='lat'><strong>22.</strong></span> 
     </span>
    </p>
   </div>
  </div>
