1927 3076
228 135 290 161 llll

225 200 256 219 ea
273 200 302 219 re
315 191 472 219 decreverat
496 199 503 217 :

225 238 338 273 quze'vir
357 237 450 264 beatus
474 235 652 270 Hieronymus
667 243 721 262 non
739 236 871 271 repudiat,
890 235 1001 269 legenda

225 283 385 317 suscipimus
396 301 403 313 ,
420 281 522 316 reliqua
539 285 627 308 autem
640 281 731 308 omnia
751 288 812 308 cum
830 285 941 307 auctore
954 287 1003 307 suo

226 329 341 356 dicimus
361 333 421 354 esse
448 327 596 353 renuenda.
623 335 632 352 ι
652 326 820 360 Quapropter
844 330 916 352 recte
936 325 1003 351 scri-

226 367 311 408 psisse
323 372 431 400 videtur
458 371 585 399 Socrates
599 371 661 398 libr.
687 379 724 404 vi,
747 378 806 406 cap.
830 371 874 403 15,
899 370 1004 398 nobiles

225 418 348 454 Origenis
361 417 541 449 adversarios,
552 416 724 450 Metltodium,
738 416 916 449 Eustathium,
928 416 1004 452 Apol-

225 464 350 492 linariu'm
367 468 394 490 et
410 463 599 498 Theophilum,
624 469 638 488 a
654 462 761 497 ’quibus
775 461 865 489 multis
888 461 932 488 ille
951 461 1004 488 cri—

226 510 342 538 minibus
356 509 530 544 compellatus
551 512 613 540 est,
637 508 703 535 satis
725 508 877 536 ostendisse
895 506 1002 542 probari

225 556 287 589 sibi,
302 563 467 590 quascunque
480 554 589 582 minime
601 554 844 588 reprehendissent.
856 553 930 587 Quod
941 560 1003 580 cum

226 602 263 630 ita
289 602 333 636 sil,
357 610 410 629 non
425 601 511 629 cuivis
527 606 615 627 tanien
636 607 652 627 e
672 599 751 635 vulgo
765 599 982 627 Christianorum
994 619 1002 631 ,

226 649 274 677 sed
298 649 333 676 iis
358 648 444 676 solum
462 646 670 682 permittendum
698 653 757 673 esse
782 646 1005 681 Origenianarum

226 695 403 730 scriptionum
428 701 504 720 nsunt
522 700 639 725 censeo,
664 699 777 727 quorum
805 696 947 727 perspecta
969 692 1006 719 sit

227 741 294 769 fides
309 746 336 768 et
354 740 488 768 diuturnis
504 739 695 774 experimentis
710 738 823 774 probata
841 738 1004 765 constantia.

227 786 282 814 Hos
301 791 391 814 autem
404 785 531 820 probatos
544 784 610 812 efﬁci
626 785 774 819 trapezilas
795 784 887 816 velitn,
901 783 1006 811 adulte-

227 831 301 859 rinos
316 831 446 859 doctrina:
462 839 584 859 nummos
601 839 615 859 a
639 831 767 867 legitimis
780 835 858 857 caute
874 836 1005 865 seponere

226 879 352 906 scientes.

261 922 335 951 XIX.
360 923 483 950 Diximus
505 923 539 950 de
560 922 654 955 libris;
677 922 781 956 deipso
802 921 917 957 Origene
939 920 1003 955 quid

225 968 394 997 sentiendum
409 969 454 1001 sit,
466 969 643 1002 exploremus.
655 968 710 995 Etsi
729 968 861 1003 geminam
874 968 1005 995 adversus

225 1021 286 1042 eum
300 1013 464 1041 conﬂaverat
487 1014 618 1048 synodum
635 1013 786 1041 Demetrius
805 1012 1005 1040 Alexandrinus

226 1058 368 1094 episcopus
380 1079 389 1093 ,
405 1066 420 1086 a
437 1059 535 1094 quibus
548 1059 691 1086 sacerdotii
716 1059 818 1087 honore
835 1063 947 1090 exutus,
969 1057 1003 1085 ab

226 1104 355 1132 Ecclesia:
379 1104 569 1132 communione
596 1105 763 1139 prohibitus,
787 1109 814 1132 et
841 1104 1003 1132 Alexandria

226 1149 318 1186 pulsus
330 1154 382 1182 est,
401 1151 587 1178 consentiente
610 1150 636 1177 in
651 1150 676 1178 id
692 1150 827 1178 decretum
844 1154 900 1178 toto
908 1156 1006 1184 prope-

227 1196 335 1223 modum
347 1196 412 1223 0rbe
424 1204 432 1222 :
446 1203 497 1223 non
511 1200 574 1223 ante
590 1200 679 1223 tamen
697 1196 818 1224 hteretici
836 1196 1003 1223 notailerum

227 1239 277 1276 ipsi
293 1241 362 1268 inuri
378 1246 464 1276 empta
479 1246 531 1274 est,
546 1248 626 1276 quam
643 1241 805 1276 Epiphanius
824 1247 886 1269 cum
900 1238 1004 1268 Joanne

225 1287 468 1319 Jcrosolymitano,
484 1286 645 1327 Theophilus
667 1295 727 1314 cum
747 1286 927 1314 Nitrlensibus
948 1293 1005 1312 mo-

226 1333 330 1365 nachis,
342 1331 520 1366 Hieronymus
529 1340 589 1360 cum
604 1332 700 1361 Rufino
714 1333 858 1360 altercatus
871 1337 921 1360 est.
937 1332 1003 1359 Nam

228 1383 368 1412 postquam
387 1378 516 1412 synodum
531 1377 700 1405 Alexandriae
716 1379 805 1414 coegit
827 1377 1003 1413 Theophilus,

225 1429 252 1450 et
273 1423 397 1457 Origenis
412 1422 537 1450 colubros
552 1422 706 1458 evangelico
726 1430 792 1450 ense
809 1423 952 1455 truncavit,
975 1427 1005 1451 ut

226 1469 283 1504 ipse
297 1471 346 1500 ait,
361 1464 537 1505 Epiphanium
555 1469 660 1503 rogavit
673 1475 720 1502 per
738 1468 879 1503 epistolam
890 1488 898 1501 ,
915 1473 943 1495 ut
959 1475 1004 1504 sy-

226 1515 324 1542 nodum
340 1518 397 1549 ipse
421 1519 605 1549 congregaret,
620 1514 824 1549 perficeretque.
841 1524 850 1541 t
867 1520 895 1542 ut
909 1514 1003 1550 Orige-

226 1567 273 1587 nes
289 1559 602 1591 nominatint,etnefaria
617 1559 728 1587 haeresis
744 1560 976 1594 condemnaretur;
991 1570 1000 1586 ι

226 1605 302 1640 cujus
327 1604 439 1632 consilio
460 1604 625 1639 Epiphanius
646 1604 754 1631 demum
788 1604 930 1632 obsecutus
951 1610 1001 1633 est.

226 1650 318 1677 Refert
339 1649 516 1685 Hieronymus
539 1649 585 1677 tib.
614 1657 632 1677 ιι
656 1649 764 1684 Apolog.
785 1650 884 1677 advers.
902 1649 1003 1684 Ruﬁn.,

226 1704 285 1732 cap.
302 1696 330 1730 6,
343 1702 367 1723 et
384 1697 410 1723 in
434 1699 511 1731 epist.
526 1697 558 1724 ad
573 1696 729 1724 Pammach.
744 1701 771 1724 et
785 1696 915 1730 Marcell.,
933 1698 1004 1724 Ana-

226 1743 336 1771 stasinm
355 1742 504 1769 Romanum
518 1742 681 1777 pontificem,
700 1742 875 1778 Theophilum
890 1743 1004 1770 Alexan-

225 1789 349 1820 drinum,
374 1787 520 1816 Venerium
553 1788 797 1821 Mediolanensem,
820 1788 1003 1818 Chromatium

226 1835 424 1870 Aquileiensem
436 1855 443 1868 ,
460 1840 487 1862 et
501 1843 606 1862 omnem
623 1841 676 1863 tam
699 1834 816 1863 Orientis
830 1843 910 1870 quam
926 1836 1003 1864 Occi-

226 1881 315 1909 dentis
331 1880 528 1908 Catholicorum
546 1881 675 1916 synodum
692 1881 748 1915 pari
761 1883 893 1909 sententia
907 1887 935 1909 et
947 1881 1004 1917 pari

227 1927 322 1962 spiritu
337 1927 489 1954 harrcticutn
507 1927 579 1954 illtnn
594 1927 765 1954 denuntiasse
783 1936 789 1954 :
806 1935 859 1962 quo
873 1935 933 1955 eum
949 1928 1006 1963 ipse

227 1981 333 2008 qttoque
363 1972 439 1999 titulo
465 1972 586 1999 infamat.
621 1972 785 2006 Theophilus
811 1973 922 2008 hydram
944 1981 1004 2001 eum

226 2020 344 2047 omniuttt
361 2019 498 2046 htereseon
518 2023 544 2046 et
557 2019 658 2046 ert-oris
681 2019 836 2054 magistrum
853 2027 884 2047 ac
904 2019 1004 2054 princi-

227 2073 287 2100 pem
303 2066 435 2099 nominat,
449 2064 546 2093 Pasch.
562 2073 583 2096 t,
597 2064 819 2099 quemadmodum
841 2070 869 2093 et
888 2065 1006 2093 Zonaras

228 2113 255 2140 itt
271 2113 362 2140 Decio.
379 2111 501 2140 Gelasius
530 2119 596 2146 papa
614 2111 640 2139 in
656 2112 777 2140 Romano
797 2113 912 2140 concilio
932 2113 1006 2140 schi-

228 2159 369 2186 smaticum
382 2158 575 2192 enmappellat.
587 2158 751 2186 Antiochena
769 2158 909 2193 Ephrazmii
925 2166 1005 2194 syno-

856 130 885 158 P.
905 130 1061 158 DANTELIS
1085 129 1199 158 HUETII

527 199 536 216 t
565 187 689 225 Origenis
712 189 838 217 nonnulla
863 189 1003 224 opuscula,
1019 190 1041 219 Α
1056 188 1148 223 Itaque
1171 188 1341 215 anathemate
1367 187 1504 222 perculsus
1526 187 1559 214 ab
1582 194 1613 214 ea
1642 190 1669 213 et
1689 186 1838 213 haereticus

1765 129 1838 156 1H2

1052 234 1182 270 Origenes
1198 233 1346 269 appellatus
1359 237 1410 261 est.
1429 233 1503 267 Quod
1528 240 1542 259 a
1565 237 1640 259 sexta
1654 231 1773 259 subinde
1793 238 1838 266 εσ-

1053 280 1121 306 notlo
1136 279 1185 306 fuit
1198 279 1389 313 approbatum;
1409 285 1469 305 nam
1483 278 1562 312 hujus
1582 277 1651 304 inter
1665 277 1733 304 Acta
1752 276 1838 302 relata

1052 329 1093 350 est
1109 323 1253 358 Sophronii
1267 323 1299 350 ad
1312 322 1433 356 Sergium
1448 321 1571 356 epistola,
1586 328 1638 355 qua
1652 320 1748 348 eodem
1766 320 1840 346 Ada-

1054 371 1170 396 mantius
1185 368 1321 403 appetitur
1334 367 1476 394 maledicto
1489 375 1495 399 ;
1512 371 1540 394 et
1555 366 1659 394 actione
1674 365 1709 397 8,
1732 365 1840 398 repeti-

1054 419 1097 441 tur
1117 413 1248 448 professio
1267 412 1327 439 fidei
1354 419 1368 439 a
1400 410 1516 438 Macario
1540 411 1709 438 Antiocheno
1743 409 1840 436 oblata

1053 459 1229 487 Constantino
1244 459 1418 493 imperatori,
1435 459 1463 485 in
1483 465 1534 492 qua
1552 457 1660 484 damnat
1676 456 1838 490 Origenetn,

1059 504 1201 539 Didymnm
1214 508 1241 531 et
1264 503 1419 538 Evagrium,
1433 508 1578 537 eorumque
1592 501 1775 528 deliramenta
1788 507 1797 532 ;
1813 504 1842 527 et

1055 550 1161 578 actione
1183 549 1216 577 17
1239 553 1266 577 et
1291 549 1339 582 18,
1363 551 1491 583 probatur
1512 549 1655 575 anathema
1684 545 1800 581 Origeni
1824 553 1840 572 a

1056 595 1148 630 quinta
1171 595 1273 631 synodo
1294 593 1440 627 inflictum,
1460 598 1488 621 et
1509 594 1535 620 iu
1555 592 1642 620 edicto
1661 590 1840 619 Constantini

1058 641 1228 676 imperatoris
1256 640 1289 667 ad
1314 640 1438 675 populum
1465 639 1628 666 habitantem
1655 638 1681 665 in
1708 637 1842 665 Occidui:

1055 686 1176 722 partibus
1191 695 1198 719 ;
1215 686 1346 722 probatur
1373 686 1489 720 denique
1511 685 1537 711 iit
1558 683 1671 719 epistola
1695 682 1798 710 LeOnis
1820 682 1840 709 ll

1055 740 1129 768 papae
1150 734 1183 760 ad
1212 733 1428 761 Constantinum.
1456 732 1598 760 Facundus
1629 735 1765 766 praeterea
1795 730 1839 764 qui

1057 780 1135 806 trittm
1154 780 1332 814 capitulorum
1346 779 1529 807 defensionem
1547 779 1675 814 suscepit,
1690 776 1839 812 Origenem

1057 826 1127 854 ittter
1144 827 1283 854 haereticos
1304 827 1364 855 lihr.
1389 835 1443 860 xii,
1461 834 1521 861 cap.
1535 826 1548 853 1
1564 847 1571 859 ,
1591 831 1684 860 aperte
1700 827 1837 853 recenset.

1020 861 1042 890 Β
1056 873 1124 906 Quin
1140 878 1167 900 et
1181 872 1288 900 Patrum
1305 873 1447 901 multorum
1464 872 1597 907 suffragiis
1614 872 1710 899 eodem
1725 877 1841 897 numero

1057 919 1176 947 habitum
1193 920 1274 947 tradit
1296 920 1470 947 Cassiodorus
1484 919 1545 947 libr.
1558 918 1597 945 De
1618 919 1733 947 institui.
1756 917 1838 943 divin.

1056 967 1197 1001 Scriptum,
1213 975 1272 1002 cap.
1291 967 1323 1001 1,
1341 968 1579 996 haeresiarcharnm
1598 967 1778 994 deterrimum
1793 974 1840 1000 ap-

1060 1016 1141 1049 pellat
1158 1015 1281 1052 Pelagius
1298 1016 1317 1043 ΙΙ
1334 1024 1412 1052 papa.
1425 1017 1466 1043 Ab
1487 1015 1607 1043 Ecclesia
1623 1023 1682 1043 cum
1706 1015 1770 1042 aliis
1787 1015 1840 1041 hae-

1057 1063 1148 1090 reticis
1168 1063 1346 1097 proscribitur
1368 1070 1382 1089 a
1406 1063 1489 1097 prima
1520 1061 1695 1089 Lateranensi
1723 1060 1839 1096 synodo.

1056 1107 1175 1142 Denique
1194 1108 1278 1136 Grmci
1301 1108 1463 1136 recentiores
1478 1127 1486 1140 ,
1509 1107 1608 1143 aliique
1625 1107 1707 1134 etiam
1729 1106 1840 1141 plurimi

1056 1153 1148 1181 eodem
1169 1154 1256 1189 ipsutn
1283 1154 1401 1182 convitio
1426 1153 1611 1188 proscindunt.
1632 1152 1695 1180 Haec
1719 1159 1787 1186 ergo
1814 1151 1839 1178 in

1056 1200 1237 1234 pra-judicium
1248 1200 1488 1234 trahuntOrigenis
1497 1198 1657 1232 adversarii,
1667 1204 1718 1225 nec
1731 1197 1840 1224 hiscere

1057 1250 1150 1272 contra
1164 1245 1245 1273 licere
1257 1245 1301 1272 ulli
1315 1244 1482 1273 existimant.

1091 1290 1141 1324 Qui
1158 1291 1309 1319 contrarias
1324 1295 1414 1318 autem
1439 1294 1577 1318 sectantur
1593 1292 1694 1324 partes,
1712 1288 1778 1316 talia
1793 1296 1838 1316 re-

1056 1342 1161 1372 gerunt,
1177 1344 1192 1364 a
1212 1336 1347 1364 Demetrio
1362 1336 1442 1366 licet.
1464 1335 1638 1371 plurimisque
1656 1335 1706 1370 ipsi
1725 1342 1838 1362 consen-

1058 1382 1186 1409 tientibus
1209 1381 1344 1417 episcopis
1368 1386 1523 1416 segregatus
1554 1380 1636 1407 fuerit
1657 1380 1692 1407 ab
1717 1378 1837 1406 Ecclesia

1056 1427 1186 1462 Origenes
1197 1449 1204 1461 ,
1221 1427 1306 1461 ipsius
1320 1431 1408 1454 tamen
1429 1434 1537 1454 causam
1559 1426 1712 1460 suscepisse
1726 1429 1755 1452 et
1776 1432 1837 1459 pro-

1056 1480 1188 1508 pugnasse
1219 1472 1411 1504 Palaestinam,
1440 1472 1585 1505 Arabiam,
1616 1471 1782 1499 thniciam
1813 1475 1839 1498 et

1055 1519 1205 1551 Achaiam;
1222 1523 1248 1545 et
1266 1519 1342 1553 juxta
1357 1518 1573 1546 testificationem
1592 1517 1767 1553 Hieronymi,
1786 1524 1837 1543 non

1055 1564 1139 1599 ipsius
1160 1571 1275 1596 errores,
1300 1564 1346 1592 sed
1368 1564 1584 1592 adversariorum
1606 1562 1732 1590 invidiam
1749 1562 1799 1589 has
1814 1562 1836 1589 ei

1055 1610 1148 1636 turbas
1165 1609 1320 1643 peperisse:
1346 1609 1447 1636 nullam
1467 1609 1697 1636 Demetrianarum
1720 1608 1839 1642 synodo-

1058 1662 1116 1681 rum
1137 1654 1298 1682 meutionent
1321 1654 1419 1681 factam
1437 1662 1451 1681 a
1476 1654 1625 1688 'fheophilo
1639 1655 1666 1681 et
1688 1653 1838 1688 Epiphanio

1057 1700 1246 1728 infensissimis
1279 1700 1402 1736 Origenis
1444 1700 1628 1732 adversariis,
1660 1707 1691 1726 ac
1735 1698 1837 1726 nullam

1056 1747 1166 1781 proinde
1190 1746 1308 1781 ipsarum
1334 1746 1465 1774 rationem
1494 1746 1627 1773 duxisse:
1657 1745 1783 1772 eumdem
1803 1745 1837 1772 ab

1058 1791 1229 1826 Hieronymo,
1241 1795 1268 1818 et
1288 1790 1343 1824 jam
1367 1796 1430 1818 ante
1452 1798 1467 1818 ι
1486 1789 1598 1826 Didymo
1613 1790 1728 1816 alterum
1743 1789 1836 1816 Eccle-

1058 1836 1158 1863 siarum
1178 1840 1237 1870 post
1251 1836 1385 1870 apostolos
1405 1836 1562 1870 magistrum
1583 1836 1731 1869 nuncupari
1745 1843 1752 1867 ;
1767 1834 1836 1869 quod

1057 1882 1116 1917 quis
1129 1883 1162 1909 de
1183 1882 1291 1909 homine
1307 1882 1434 1909 haeretica
1455 1882 1556 1909 dictum
1580 1882 1671 1916 putet?
1685 1883 1783 1908 horum
1795 1889 1838 1907 au-

1057 1928 1182 1956 ctoritate
1195 1928 1277 1955 refelli
1301 1927 1494 1963 Theophilum,
1510 1936 1569 1956 cum
1586 1928 1730 1963 Origenem
1743 1928 1835 1962 queri-

1058 1981 1102 2002 tur
1122 1975 1247 2002 Ecclesite
1264 1975 1402 2002 (lectorem
1424 1974 1572 2010 appellari:
1591 1976 1664 2008 piutn
1679 1975 1835 2009 episcopum

1058 2020 1227 2048 Theotimum
1256 2020 1404 2055 Epiphanio
1428 2020 1556 2047 librorum
1580 2019 1703 2054 Origenis
1725 2020 1837 2047 damna-

1060 2067 1157 2093 tionem
1172 2066 1276 2101 urgenli
1300 2066 1482 2100 respondisse,
1500 2065 1568 2092 Οὔτε
1596 2066 1668 2092 ὅσιον
1699 2063 1769 2092 εἶναι
1793 2066 1837 2092 τὸν

1058 2112 1140 2139 πάλαι
1154 2111 1363 2148 τετελευτηκότα
1379 2112 1507 2148 ὑϐρίζειν,
1519 2111 1580 2138 οὔτε
1601 2112 1777 2148 βλασφημίας
1792 2114 1836 2139 ὲκ-

1057 2156 1102 2188 τὸς
1115 2156 1163 2192 τὴν
1183 2156 1237 2183 τῶν
1255 2156 1437 2192 παλαιοτέρων
1450 2157 1600 2184 διαϐάλλειν
1617 2157 1717 2193 κρίσιν,
1743 2158 1791 2184 καὶ
1804 2157 1836 2183 τὰ

226 2203 277 2230 dus
292 2204 435 2231 anathema
449 2203 517 2230 dixit
532 2204 638 2238 Origcni
649 2213 656 2237 ;
669 2204 737 2231 dixit
749 2209 775 2231 et
790 2205 882 2239 quinta
897 2204 1004 2232 univer-

1057 2203 1121 2238 παρ’
1143 2203 1253 2229 ἐκείνων
1275 2202 1489 2238 δεδοκιμασμένα
1507 2203 1629 2230 ἀοετεῖν.
1653 2212 1663 2228 ι
1682 2203 1775 2238 Neque
1797 2204 1836 2230 fas

227 2248 302 2276 salis.
315 2247 343 2275 In
354 2256 384 2276 ea
400 2253 490 2275 autent
502 2255 564 2275 ante
575 2249 663 2276 omnia
679 2250 818 2284 qua-situm
833 2255 923 2277 narrat
938 2251 1006 2277 Eva~

227 2294 303 2329 grius
319 2294 380 2321 libr.
396 2301 432 2327 IV,
447 2301 507 2327 cap.
518 2294 562 2326 58,
573 2300 660 2321 utrtim
674 2295 795 2322 homines
807 2295 862 2330 jam
877 2296 929 2322 vita
945 2295 1006 2323 fun-

228 2341 264 2369 cti
280 2341 458 2368 anathematis
474 2340 568 2374 subjici
586 2341 708 2376 possint;
733 2340 877 2377 Eutychius
889 2343 934 2376 qui
949 2342 1005 2376 epi-

227 2395 310 2422 scopo
331 2388 466 2414 Ainaseno
490 2391 548 2412 erat
570 2395 584 2414 a
609 2388 763 2422 responsis,
778 2392 805 2414 et
822 2389 1005 2423 episcopatum

227 2432 495 2466 Constantinopoleos
504 2434 677 2468 postmodum
689 2434 800 2466 adeptus
811 2438 862 2464 est,
880 2433 1006 2468 quaestio-

227 2486 288 2506 nem
304 2479 383 2506 solvit
396 2480 517 2514 exemplo
531 2479 610 2506 Josiae
630 2479 709 2514 regis.
726 2480 771 2514 qui
788 2488 839 2507 non
856 2480 1005 2508 dazmonum

226 2525 314 2552 solum
337 2526 490 2553 sacerdotes
507 2525 651 2557 interfecit,
668 2526 713 2553 sed
738 2530 902 2553 tnortuorum
923 2527 1005 2553 etiam

227 2569 328 2597 loculos
343 2569 456 2603 refodit,
468 2570 537 2604 quod
551 2577 646 2605 magno
660 2571 845 2604 omnium,sed
862 2570 1005 2599 Justiniani

227 2616 375 2650 praesertim
400 2616 528 2651 applausu
559 2621 698 2650 exceptum
721 2621 773 2643 est.
798 2617 890 2651 Neque
912 2617 1004 2650 semel,

227 2662 273 2688 sed
287 2661 384 2688 iterum
398 2661 548 2696 iterumque
561 2662 587 2688 in
599 2662 679 2688 variis
692 2661 785 2696 synodi
804 2662 882 2695 hujus
892 2662 1006 2689 actioni-

228 2705 278 2734 bus
295 2707 320 2734 id
336 2707 511 2741 disceptatum
533 2712 593 2740 cst;
617 2715 684 2741 quas
707 2707 915 2742 disceptationes
932 2716 1006 2735 suin-

229 2752 322 2779 matim
337 2753 428 2780 retulit
439 2752 585 2781 Gratianus
606 2753 709 2780 Deerat.
729 2757 800 2787 part.
815 2760 852 2786 tt,
869 2760 942 2781 caus.
960 2753 1005 2787 24,

228 2803 325 2832 quarsl.
337 2798 366 2831 2,
383 2799 555 2834 decrevitque
570 2800 676 2827 demum
693 2802 811 2834 synodus
824 2799 965 2827 haereticos
979 2806 1007 2827 et

228 2844 256 2871 in
275 2843 328 2870 vita
349 2848 375 2871 et
390 2849 450 2878 post
463 2849 576 2873 mortem
592 2846 771 2873 anathematis
791 2852 850 2873 esse
865 2845 1005 2874 obnoxios.

1057 2257 1116 2276 esse
1144 2250 1278 2276 hominem
1303 2249 1463 2283 jampridem
1496 2248 1650 2276 defunctum
1674 2249 1836 2276 contumelia

1058 2293 1178 2325 afficere,
1198 2301 1284 2328 neque
1298 2293 1400 2327 absone
1420 2293 1549 2320 calumnia
1568 2299 1687 2321 veterum
1706 2294 1836 2328 judicium

1058 2340 1219 2374 improbare,
1230 2344 1256 2366 et
1267 2347 1325 2373 qua:
1335 2339 1369 2365 ab
1379 2339 1445 2373 ipsis
1455 2340 1561 2366 decreta
1571 2344 1634 2366 sunt
1645 2341 1811 2368 rescindere:
1825 2349 1834 2365 ι

1059 2386 1145 2420 ipsum
1157 2385 1336 2420 Epiphanium
1348 2394 1399 2411 non
1412 2384 1535 2420 Origenis
1546 2386 1781 2420 proscriptionem,
1794 2386 1836 2412 sed

1058 2432 1185 2459 librorum
1195 2431 1252 2465 ejus
1260 2431 1388 2458 duntaxat
1399 2431 1596 2458 damnationem
1608 2432 1759 2466 postulasse
1767 2441 1775 2459 :
1784 2433 1836 2459 Οὐκ

1060 2477 1141 2504 αὑτὸν
1163 2477 1302 2513 Ὠριγένην
1319 2477 1496 2513 ἀκοινώνητον
1516 2475 1584 2504 εἶναι
1604 2477 1752 2514 ὐπέφηνεν,
1774 2479 1837 2505 ἀλλὰ

1058 2523 1092 2551 τὰ
1117 2523 1206 2559 βιϐλία
1230 2523 1299 2558 μόνα
1319 2522 1436 2549 διέϐαλε.
1469 2533 1478 2549 t
1505 2523 1562 2551 Non
1587 2524 1674 2558 ipsum
1694 2524 1834 2559 Origenem

1058 2576 1133 2597 extra
1151 2572 1363 2597 communionem
1393 2577 1453 2597 esse
1475 2569 1605 2603 decrevit,
1627 2570 1674 2597 sed
1692 2570 1778 2597 libros
1793 2578 1834 2598 so-

1060 2614 1113 2642 lum
1128 2615 1286 2643 criminatus
1300 2622 1351 2648 est,
1371 2625 1380 2642 ι
1400 2617 1485 2651 inquit
1500 2615 1630 2652 Georgius
1639 2611 1834 2644 Aletandrinus

1058 2663 1202 2697 cpisoopus
1225 2662 1252 2689 in
1273 2662 1333 2689 Vita
1355 2662 1547 2695 Chrysastomt',
1571 2670 1631 2697 cap.
1655 2663 1709 2696 43,
1728 2671 1781 2690 non
1801 2664 1832 2689 ita

1060 2717 1124 2737 vero
1142 2709 1343 2744 intelligendum
1368 2708 1524 2741 Gelasium,
1551 2716 1611 2736 cum
1634 2709 1831 2736 Schismaticum

1059 2763 1120 2783 eum
1136 2755 1262 2789 appellat,
1280 2755 1358 2789 quasi
1372 2755 1553 2782 secessionem
1570 2762 1585 2781 a
1600 2762 1729 2789 supremo
1744 2755 1830 2781 Et-elev

1060 2803 1106 2830 sia'
1120 2803 1209 2836 capite
1224 2802 1320 2829 fecisse
1336 2810 1397 2830 eum
1414 2802 1538 2833 voluerit,
1551 2802 1596 2829 scd
1613 2802 1722 2829 dissidia
1739 2810 1768 2828 ac
1781 2807 1830 2827 tnr-

1059 2848 1107 2876 bas
1132 2847 1158 2875 in
1184 2847 1330 2876 Ecclesiam
1354 2849 1497 2881 intulisse;
1521 2848 1655 2882 σχίσματα
1673 2847 1785 2882 βαλόντα
1803 2847 1828 2871 ὲν
