1927 3076
55 126 152 157 1115

613 124 895 157 ORIGENIANORUM
914 123 978 152 LIB.
996 123 1029 156 11,
1048 122 1124 151 CAP.
1143 121 1188 150 111.

1627 114 1695 142 MM

67 187 248 225 Ἐκκλησιᾳ.
260 199 268 215 ι
280 189 346 218 Cum
356 190 499 218 schismata
509 189 535 216 in
545 188 662 216 Ecclesia
672 188 860 217 concitassetn
879 188 901 216 Α
915 183 997 212 semel
1010 184 1099 210 forent
1110 179 1228 209 damnati
1240 199 1257 225 ,γ
1265 178 1390 225 recedere
1406 182 1435 225 se
1452 175 1521 202 nolle
1537 173 1693 225 neutiquam

58 238 95 259 ιιι
118 235 163 262 de
176 243 208 262 eo
221 236 316 263 scribit
330 236 424 263 Petrus
437 235 635 263 Alexandrinus
646 235 672 261 in
685 233 862 270 Mystagogia:

58 279 154 311 quod
172 281 205 307 ad
220 281 341 310 uuintam
356 281 487 317 synodum
513 282 619 314 attinet,
643 280 765 315 judicare
784 286 863 313 posse

58 326 203 359 synodos
215 329 248 354 de
274 326 336 356 lide.
355 334 408 354 non
425 328 457 354 de
472 326 594 360 personis
605 346 613 358 ,
627 325 774 358 praesertim
791 332 862 351 mor-

61 370 131 398 tuis
145 380 155 404 ;
174 372 236 400 hinc
250 372 349 400 factum
365 377 394 399 ut
404 380 462 407 quae
473 373 506 399 de
516 369 673 403 Theodoro,
681 371 860 402 Theudoreto,

58 421 95 443 et
119 417 173 444 Iba
195 418 314 446 decrevit
334 419 456 455 quintum
485 418 549 446 illud
565 418 719 446 concilium.
735 416 863 451 temporis

59 465 227 497 progressu
243 464 295 490 vim
310 469 338 492 et
351 463 538 491 auctoritatem
553 471 621 498 pene
637 463 794 490 amiserint:
809 462 862 489 sci-

60 511 135 534 tum
154 508 218 536 illud
240 515 299 536 esse
317 509 347 537 S.
364 509 473 536 Thomas
494 508 653 542 Quodlibelo
674 515 757 539 nono,
782 507 860 534 artic.

59 552 142 584 ωε..
166 554 301 582 neminem
317 555 350 582 ad
373 561 515 582 assensum
538 554 664 582 Ecclesiae
683 553 861 581 adhibendum

60 600 238 627 necessario
260 600 371 635 astringi
393 601 419 628 in
443 600 492 632 iis,
515 607 574 635 quae
598 599 630 626 ad
652 608 661 625 ι
683 599 860 627 substantiam

61 644 142 672 lidei
163 654 173 671 ι
194 653 246 673 non
271 647 406 681 pertinent
424 655 432 674 :
450 645 574 681 Vigilium
601 653 696 680 papam
712 645 739 672 in
756 645 861 673 Consti-

63 694 140 717 tuto
158 691 192 718 ad
209 690 401 723 Iustinianum,
416 691 566 724 Theodori,
596 691 755 719 Theodoreti
771 696 798 718 et
811 690 861 717 Iba'.

62 740 188 761 errores
201 734 322 762 refellere
337 740 363 762 et
379 735 518 768 damnare,
535 735 700 768 auctoribus,
714 735 778 770 ipsis
795 743 862 770 quo-

63 778 153 805 niam
168 779 195 806 in
206 787 271 815 pace
286 780 411 808 Ecclesia:
426 782 561 813 obierunt,
576 782 650 816 parci
663 781 757 815 jubere
770 790 777 808 :
789 780 859 815 quod

62 829 193 851 eatenus
214 826 380 860 probandum
402 827 439 854 ait
461 826 591 853 Barouius
610 826 643 853 ad
659 834 702 853 an.
722 826 785 858 553,
798 834 858 861 cap.

64 869 141 903 185,
166 870 189 898 si
213 871 292 899 modo
314 876 420 900 conswt
439 879 500 900 eum
521 872 566 908 qui
591 873 618 899 in
645 872 773 899 Ecclesim
796 880 860 906 pace

63 916 188 948 obierit,
209 925 296 952 neque
318 918 440 946 haeresim
464 918 527 946 dum
548 919 662 952 viveret,
686 919 862 953 pertinaciter

64 962 242 995 defendisse,
255 971 340 999 neque
355 964 381 991 in
394 964 519 992 Ecclesia:
535 965 723 992 communione
736 962 860 992 simulate

65 1016 286 1043 perseverasse;
307 1009 449 1046 Origeuem
471 1015 560 1037 autem
577 1011 637 1045 quis
654 1011 786 1045 dogmatis
803 1011 860 1038 suis

64 1055 255 1088 pentinacitcr
276 1055 385 1083 haesisse
404 1056 491 1089 dicat,
508 1063 586 1090 quem
603 1061 658 1083 tam
682 1056 813 1084 submisse
827 1056 861 1084 de

65 1108 102 1128 se
119 1106 149 1127 et
167 1103 304 1129 moderate
319 1101 437 1130 sensisse
452 1103 633 1132 ostendimus.
656 1105 784 1138 tantaque
801 1109 860 1129 mo-

64 1145 180 1178 destia,
199 1153 258 1180 qua:
285 1147 434 1180 sentiebat,
456 1147 629 1175 declarasse?
647 1149 709 1182 quis
734 1147 859 1175 Ecclesiae

65 1190 293 1218 communionem
309 1191 432 1219 simulate
444 1197 565 1219 secutum
580 1199 642 1220 cum
655 1193 858 1227 cxistimet,qui

65 1233 136 1262 fidei
152 1234 348 1269 professionem
363 1237 396 1263 ad
412 1236 557 1264 Fabianum
573 1245 668 1273 papam
684 1237 774 1272 dedit,
790 1245 856 1267 exo-
876 1264 879 1267 .

66 1278 180 1307 rientes
193 1279 310 1308 haereses
324 1281 455 1309 acerrime
469 1282 614 1310 insectatus
622 1288 672 1316 est,
683 1284 780 1311 nullam
796 1292 857 1312 cum

66 1324 211 1353 haereticis
231 1327 387 1355 societatem
410 1328 486 1360 iniit,
501 1327 699 1356 Catholieorum
716 1330 857 1365 episcopo-

67 1378 135 1397 rum
151 1370 337 1400 familiaritate
353 1374 386 1400 ad
399 1379 512 1401 mortem
526 1382 611 1409 usque
622 1379 779 1402 constanter
793 1384 857 1404 usus

64 1416 265 1444 estiCaverat
290 1423 364 1446 certe
383 1418 438 1453 jam
464 1424 528 1446 ante
550 1419 729 1447 Iustinianum
750 1419 856 1449 Nicena

65 1463 205 1497 synodus,
220 1471 253 1491 ne
268 1464 378 1492 absente
392 1456 434 1497 eo,
453 1465 528 1500 cujus
543 1467 671 1501 agebatur
684 1474 762 1494 causa
772 1487 779 1499 ,
794 1475 856 1495 sen-

66 1508 157 1535 tentia
173 1508 297 1536 ferretur.
318 1510 390 1537 Unde
410 1511 538 1546 praeclare
553 1511 700 1541 Pontianus
714 1513 854 1548 cpiscopus

68 1553 101 1580 in
116 1554 231 1589 epistola
249 1556 282 1583 ad
303 1555 481 1583 Iustinianum
493 1577 500 1589 ,
521 1567 530 1583 ι
549 1557 577 1584 In
596 1563 717 1586 extremo
736 1560 856 1594 epistolas

67 1603 172 1626 vestra:
186 1601 368 1634 cognovimus,
381 1602 452 1635 quod
471 1610 519 1629 nos
543 1610 595 1630 non
620 1603 791 1631 mediocriter
811 1611 856 1632 re-

68 1645 189 1678 mordet,
203 1646 299 1674 deberc
314 1655 362 1675 nos
376 1647 562 1681 Theodorum,
576 1653 603 1676 et
620 1650 719 1685 scripta
733 1649 856 1678 Theodo-

68 1690 135 1723 reti,
154 1695 180 1718 et
204 1691 344 1725 epistolam
369 1693 420 1720 lhzc
441 1693 581 1722 damnare.
608 1695 707 1721 Eorum
725 1695 795 1722 dicta
821 1696 854 1723 ad

68 1742 123 1762 nos
145 1743 230 1771 usque
251 1744 322 1764 nunc
342 1738 452 1766 minime
482 1745 673 1772 pervenerunt.
697 1739 773 1773 Quod
794 1741 815 1768 si
829 1747 856 1768 ct

69 1788 265 1818 pervenerunt,
282 1787 309 1809 et
324 1783 412 1818 aliqua
435 1784 472 1811 ibi
496 1785 648 1820 apocrypha
661 1805 668 1817 ,
688 1793 748 1820 qua:
761 1793 854 1813 contra

69 1826 137 1853 ﬁdei
158 1827 277 1861 regulam
292 1829 361 1860 sint,
379 1829 522 1863 legerimus
538 1837 546 1862 ;
565 1831 636 1857 dicta
656 1839 797 1866 possumus
813 1840 856 1860 re-

67 1879 188 1906 spuere,
204 1880 256 1900 non
277 1879 401 1902 auctores
420 1874 475 1909 jam
497 1881 617 1904 mortuos
641 1877 770 1911 przecipiti
790 1885 855 1905 con-

67 1919 243 1946 detnnatione
262 1920 400 1948 damnare.
423 1921 498 1954 Quod
524 1922 546 1949 si
569 1923 657 1949 adhuc
671 1923 811 1956 viverent,
828 1929 855 1950 et

67 1966 189 1993 eorrecti
202 1973 321 1993 errorem
346 1974 422 1993 suum
445 1976 496 1995 non
516 1969 740 2004 condemnarent,
758 1971 853 2004 justis-

67 2011 140 2038 simc
154 2012 355 2040 damnarentur.
374 2024 383 2040 ι
406 2013 473 2041 Cum
496 2015 533 2041 ait
553 2022 617 2050 ergo
639 2014 805 2045 Justinianus
827 2017 853 2044 in

68 2056 169 2084 Edicto
192 2058 321 2085 adversus
345 2059 394 2086 tria
421 2059 564 2094 Capitula:
582 2069 592 2086 ε
612 2060 640 2088 Si
657 2069 720 2089 vero
746 2063 854 2097 quidam

67 2102 165 2130 dicunt
186 2112 237 2131 non
252 2111 377 2140 oportere
396 2105 564 2133 Theodorum
582 2113 642 2142 post
663 2114 775 2136 mortem
789 2117 855 2137 ana-

69 2149 255 2184 thematizari,
267 2153 356 2179 sciant
367 2153 412 2186 qui
427 2153 507 2179 talem
524 2153 678 2180 haereticqu
694 2154 853 2187 defendunt,

913 230 1049 265 professus
1072 232 1114 256 est
1127 237 1134 254 :
1148 233 1225 254 error
1247 224 1296 251 fuit
1309 224 1336 250 in
1361 221 1496 249 intellectu
1510 229 1518 253 ;
1532 218 1690 254 pertinaciae

911 276 1015 302 crimen
1038 275 1064 300 in
1080 273 1217 300 voluntate
1234 277 1285 296 non
1311 269 1371 295 fuit.
1390 266 1446 302 (50)
1474 266 1594 299 Denique
1615 271 1692 291 suam

912 320 1018 355 Origeni
1035 319 1132 346 fatuam
1145 323 1173 345 et
1187 323 1284 343 nomen
1297 315 1362 342 satis
1377 312 1491 340 asseruit
1502 311 1555 338 Leo
1568 309 1611 341 ill,
1625 317 1690 355 pon-

913 354 976 394 tifes
993 366 1138 396 maximus,
1150 370 1210 391 cum
1234 361 1305 389 inter
1325 360 1454 388 lectiones
1468 365 1500 385 ex
1519 356 1628 383 Patrum
1654 354 1694 381 lu-

911 411 1114 439 cubratiOnibus
1135 409 1275 442 decerptas
1285 427 1292 439 ,
1307 410 1334 434 et
1360 405 1481 432 Romano
1496 403 1612 430 insertas
1628 401 1693 428 Bre-

911 456 1007 488 viario,
1021 453 1162 482 nonnullas
1175 458 1280 487 quoque
1297 458 1330 478 ex
1343 448 1513 484 Origenianis
1534 446 1609 474 libris
1624 445 1694 480 peti-

912 508 953 531 tas
967 502 1054 530 eidem
1071 499 1194 527 inseruit.

945 548 995 582 Qui
1011 554 1076 582 ergo
1098 552 1206 574 omnem
1230 543 1365 571 hazreseos
1387 539 1567 574 suspicionem
1587 537 1621 565 ab
1635 536 1693 564 Ori-

910 602 978 631 gene
991 594 1086 622 abesse
1100 592 1212 624 volunt,
1227 597 1287 617 cum
1304 589 1338 615 iis
1354 587 1399 622 qui
1418 586 1549 612 invidioso
1570 583 1691 610 haeretici

911 640 1019 669 nomine
1033 639 1120 674 ipsum
1132 635 1273 666 infamant,
1283 634 1319 661 ita
1332 632 1472 660 conciliari
1481 638 1566 665 posse
1577 636 1691 661 censeo;

910 687 931 715 si
948 685 1045 720 duplici
1062 683 1172 711 notione
1194 680 1261 708 sumi
1281 678 1400 706 lueretici
1421 676 1628 712 appellationem
1651 674 1694 701 di-

910 739 1012 764 camus,
1026 730 1067 757 vel
1084 729 1116 756 ad
1131 735 1191 756 eum
1213 725 1417 761 significandum
1438 723 1484 758 qui
1505 722 1630 750 haeresim
1647 725 1694 748 aut

911 775 1085 805 fabrefecerit
1100 777 1147 801 aut
1160 777 1269 800 secutus
1280 771 1328 802 sit,
1339 777 1398 796 eam
1412 769 1476 796 licet
1493 767 1600 802 ejurare
1615 774 1693 801 para-

912 829 964 855 tus,
981 821 1060 850 simul
1076 826 1157 855 atque
1171 818 1267 845 fuisset
1283 816 1317 844 ab
1337 815 1454 843 Ecclesia
1472 813 1627 849 repudiata;
1651 812 1694 840 vel

877 863 943 895 Bad
960 865 1151 902 designandum
1175 870 1237 891 eum
1258 862 1303 896 qui
1330 868 1382 888 non
1405 860 1539 887 hatrcseos
1562 859 1695 885 duntaxat

912 918 1005 940 auctor
1015 916 1043 940 et
1055 910 1169 941 assecla.
1184 909 1231 937 sed
1253 912 1396 943 perpetuus
1410 906 1489 933 etiam
1508 908 1692 940 propugnator

911 964 936 986 et
951 958 1072 993 pertinax
1091 956 1219 983 adversus
1233 953 1359 981 Ecclesia:
1373 951 1559 980 auctoritatem
1576 954 1695 977 assertor

911 1004 1008 1032 fuerit:
1025 1003 1113 1038 priore
1133 1002 1215 1037 igitur
1235 999 1345 1026 notione
1364 997 1483 1025 haeretici
1499 1003 1596 1024 nomen
1612 1003 1627 1022 a
1641 995 1693 1022 Pa-

911 1051 996 1078 tribus
1010 1048 1171 1076 Adamantio
1185 1045 1285 1080 imponi
1297 1065 1304 1077 ,
1319 1049 1349 1071 ut
1362 1044 1498 1071 haereseos
1516 1046 1622 1073 auctor,
1638 1047 1691 1068 non

910 1099 1028 1123 assertor
1048 1093 1228 1129 signiﬁcetur.
1244 1092 1302 1125 Quo
1318 1098 1398 1118 sensu
1425 1087 1566 1116 orthodoxi
1583 1093 1693 1122 quoque

910 1141 1004 1169 Patres
1018 1139 1205 1175 quamplurimi
1220 1138 1337 1165 haeretici
1350 1137 1402 1164 dici
1416 1139 1540 1170 possunt,
1553 1133 1626 1161 velut
1635 1133 1694 1160 Ire-

910 1196 992 1219 nams,
1007 1187 1114 1222 Papias,
1128 1185 1292 1220 Cyprianus,
1304 1189 1330 1211 et
1345 1184 1399 1210 alii.
1416 1182 1478 1210 Haec
1489 1182 1598 1216 insuper
1613 1180 1694 1207 adhi—

909 1233 966 1261 beri
989 1237 1079 1268 potest
1100 1231 1250 1266 responsio,
1276 1229 1482 1265 ignominiosam
1505 1227 1626 1255 haaretici
1647 1233 1692 1261 ap-

909 1278 1079 1315 pellationem
1099 1285 1152 1305 non
1168 1278 1245 1304 aliter
1267 1277 1299 1303 ab
1314 1275 1447 1307 Ecclesia,
1461 1282 1541 1309 quatn
1557 1281 1591 1301 ex
1606 1274 1693 1308 hypo-

910 1326 979 1354 thesi
993 1325 1118 1360 cuiquam
1132 1324 1225 1359 iuﬂigi,
1239 1324 1275 1351 ita
1287 1323 1309 1350 si
1322 1322 1420 1357 spretis
1435 1321 1562 1348 Ecclesia:
1576 1319 1693 1347 decretis

909 1372 935 1399 in
949 1371 1043 1399 haeresi
1054 1370 1169 1403 obierit;
1185 1377 1245 1405 qua:
1257 1369 1365 1404 quidem
1378 1368 1404 1396 in
1419 1367 1564 1403 Origenem
1579 1366 1691 1394 minime

908 1417 979 1445 cadit
995 1416 1158 1444 criminatio.
1181 1414 1390 1449 Acquiescamus
1408 1414 1489 1448 igitur
1511 1413 1536 1439 in
1556 1413 1606 1440 hoc
1629 1411 1691 1439 Ilie-

908 1461 1011 1497 ronymi
1036 1461 1133 1496 placito
1153 1467 1169 1487 e
1194 1459 1392 1486 Traditionibus
1415 1458 1576 1485 Hebraicis:
1603 1467 1613 1483 ι
1633 1457 1691 1484 Hoc

909 1515 990 1534 umtm
1003 1507 1062 1534 dico
1080 1515 1087 1533 :
1101 1505 1197 1533 vellem
1220 1512 1281 1532 cum
1296 1505 1393 1531 invidia
1416 1504 1533 1531 nominis
1548 1504 1606 1539 ejus
1619 1524 1626 1536 ,
1642 1503 1692 1530 Ita-

906 1553 971 1580 bcre
985 1552 1065 1580 etiam
1079 1552 1220 1580 scientiam
1239 1551 1455 1585 Scripturarum,
1475 1550 1551 1578 ﬂocci
1570 1551 1691 1585 pendens

907 1599 1046 1634 imagines,
1060 1598 1223 1632 umbrasque
1234 1596 1383 1630 larvarum,
1394 1605 1508 1632 quarum
1521 1602 1618 1624 natura
1631 1603 1692 1624 esse

905 1645 1004 1672 dicitur
1021 1649 1120 1671 terrere
1139 1643 1276 1677 parvulos,
1287 1648 1315 1671 et
1327 1644 1355 1671 in
1372 1643 1477 1678 angulis
1492 1643 1596 1677 garrire
1615 1649 1691 1670 tene-

906 1690 1010 1724 brosis;
1039 1699 1049 1716 ι
1066 1695 1094 1717 et
1112 1690 1141 1717 in
1161 1690 1204 1717 illo
1223 1697 1255 1717 ex
1276 1690 1356 1725 epist.
1378 1690 1413 1717 65
1431 1690 1464 1716 ad
1490 1689 1649 1717 Pammaclu.
1664 1695 1693 1718 et

905 1736 1016 1769 Oscam,
1029 1742 1089 1772 cap.
1103 1737 1133 1764 ὃς
1153 1746 1162 1763 ι
1179 1737 1255 1770 Quod
1267 1737 1289 1764 si
1306 1737 1366 1771 quis
1379 1735 1462 1764 Judas
1478 1736 1584 1765 Zelotes
1609 1745 1692 1773 oppo-

905 1783 990 1811 suerit
1002 1782 1080 1810 nobis
1091 1789 1197 1810 errores
1207 1783 1274 1817 ejus,
1292 1783 1381 1810 audiat
1396 1782 1480 1810 libere
1493 1791 1500 1810 :

1016 1828 1153 1855 Interdum
1167 1837 1274 1864 magnus
1290 1830 1414 1856 dormitat
1431 1829 1571 1862 Homerus,

945 1862 1040 1890 Verum
1053 1866 1122 1897 operi
1141 1862 1218 1899 longo
1231 1864 1272 1898 fas
1292 1869 1329 1891 eu
1345 1865 1466 1898 obrepere
1483 1872 1602 1891 somnum
1620 1864 1654 1891 ".

904 1919 963 1948 Non
978 1920 1114 1947 imitemur
1130 1920 1188 1954 ejus
1201 1921 1277 1955 vitia,
1293 1921 1370 1955 cujus
1387 1920 1503 1948 virtutes
1519 1929 1572 1948 non
1597 1929 1690 1957 possu-

905 1974 965 1994 mus
976 1967 1063 2002 sequi.
1076 1967 1240 1994 Erraveruut
1256 1967 1281 1994 in
1296 1967 1347 1994 fide
1357 1966 1416 1999 alii,
1428 1971 1482 1994 tam
1496 1966 1595 1999 Graeci,
1609 1975 1688 2001 quam

905 2013 991 2040 Latini
1006 2022 1012 2041 :
1027 2021 1140 2048 quorum
1159 2021 1212 2040 non
1237 2020 1348 2040 necesse
1369 2018 1412 2040 est
1427 2012 1553 2047 proferre
1569 2014 1688 2045 numina,

904 2067 938 2087 ne
955 2059 1094 2087 videamur
1109 2067 1170 2087 eum
1191 2065 1242 2086 non
1265 2059 1305 2086 Sui
1321 2058 1418 2086 merito
1429 2079 1437 2091 ,
1451 2058 1498 2086 sed
1515 2058 1631 2086 aliorum
1643 2066 1689 2085 er-

906 2113 967 2133 rore
982 2105 1169 2134 defendere....
1184 2105 1260 2134 Nunc
1275 2113 1340 2134 vero
1356 2113 1418 2133 cum
1438 2105 1597 2140 simpliciter
1613 2113 1689 2133 erro-

905 2160 961 2179 rem
979 2153 1036 2186 ejus
1050 2153 1145 2185 fatear,
1160 2153 1199 2180 sic
1220 2153 1306 2188 legam
1322 2157 1350 2179 ut
1363 2157 1475 2179 ca’teros
1486 2172 1494 2184 ,
1511 2151 1573 2186 quia
1588 2152 1629 2179 sic
1642 2159 1689 2178 er-

69 2195 143 2230 quod
160 2197 248 2224 omnis
262 2197 404 2225 hereticus
422 2205 508 2232 usque
525 2198 557 2225 ad
582 2199 660 2226 tinent
677 2199 739 2226 vitae
756 2199 782 2226 in
805 2207 853 2227 suo
869 2205 890 2232 ι)
906 2199 973 2225 ravit
987 2204 1017 2226 ut
1026 2199 1127 2226 catteri.
1144 2199 1196 2226 Sed
1214 2199 1291 2226 dicas
1310 2207 1317 2226 :
1334 2198 1362 2226 Si
1378 2197 1524 2225 multorum
1537 2198 1690 2225 cOmmuhis

69 2247 166 2268 errore
189 2248 365 2276 permanens,
381 2242 454 2276 juste
478 2248 606 2277 perpetuo
627 2244 811 2277 anathemati,
826 2249 854 2272 et

71 2290 133 2319 post
148 2292 262 2314 mortem
276 2286 419 2320 subjicitur
435 2296 442 2314 :
459 2291 485 2314 et
502 2288 554 2315 hoc
567 2288 592 2314 in
613 2288 703 2315 multis
720 2288 854 2315 hatrcticis

70 2337 98 2358 ct
115 2332 313 2367 antiquioribus
330 2338 357 2360 et
379 2333 548 2368 propioribus
573 2333 672 2360 factum
693 2338 751 2366 est,
772 2333 798 2360 id
813 2339 855 2362 est

74 2378 226 2411 Valentino,
240 2378 369 2411 Basilide,
383 2378 526 2411 Marcioue,
543 2379 681 2412 Cerintho,
695 2379 852 2414 Manichaeo,

71 2424 203 2451 Eunomio
218 2431 245 2452 et
266 2424 370 2453 Bonoso
394 2434 401 2452 :
416 2424 466 2452 hoc
484 2429 574 2452 autem
588 2425 658 2452 idem
675 2430 702 2452 et
723 2425 748 2453 in
763 2425 852 2453 Theo-

71 2470 138 2497 doro
154 2470 253 2497 factum
265 2476 318 2504 est,
331 2476 357 2499 et
374 2472 400 2499 in
411 2473 464 2500 vita
478 2477 615 2505 accusato,
626 2477 653 2499 et
666 2476 726 2506 post
738 2478 851 2499 mortem

71 2516 300 2545 anathematizato
318 2526 332 2545 a
357 2519 457 2547 sanctis
483 2519 634 2551 Palribus;
660 2527 669 2544 ι
693 2517 801 2545 minime
825 2518 853 2546 id

69 2564 189 2599 pertinet
209 2564 242 2591 ad
261 2564 420 2599 Origenem;
438 2573 499 2592 nam
517 2566 566 2592 etsi
585 2565 611 2592 in
633 2573 740 2592 errores
764 2565 853 2599 lapsus

69 2608 106 2637 sit
119 2608 276 2643 aliquando,
295 2610 329 2637 ab
351 2610 384 2637 iis
397 2616 497 2644 tamen,
511 2615 652 2645 postquam
679 2611 713 2638 ab
733 2610 851 2639 Ecclesia

107 2654 128 2671 ¹¹
144 2653 239 2682 Horat.
261 2655 300 2682 De
319 2662 374 2683 arte
393 2661 461 2691 poet.
479 2665 551 2684 vers.
566 2657 633 2685 560,

105 2700 294 2738 (50)γῦεῃίιιης
306 2711 381 2729 suam
397 2704 505 2737 Origeni
531 2704 627 2738 famam
640 2709 665 2732 et
681 2712 772 2732 nomen
787 2707 852 2734 satis

69 2737 184 2764 asseruit
203 2736 311 2765 Leolll
335 2736 454 2773 pontifeai
467 2736 615 2773 maximus,
632 2746 685 2768 etc.
711 2740 775 2768 Vide
805 2741 847 2768 itt-

906 2249 947 2271 est
960 2252 1046 2276 error.
1057 2253 1106 2272 cur
1118 2246 1203 2273 solum
1219 2244 1430 2280 persequimihi?
1445 2244 1512 2278 Quia
1528 2252 1576 2272 vos
1592 2243 1688 2270 lauda-

908 2291 942 2317 lis
955 2295 984 2317 ut
999 2290 1169 2325 Apostolum.
1185 2291 1281 2318 Tollite
1299 2290 1399 2319 amoris
1411 2289 1562 2326 ὑπερὸολὴν
1572 2310 1580 2322 ,
1599 2294 1625 2316 et
1639 2297 1688 2317 nos

907 2336 1026 2364 tollimus
1039 2337 1091 2364 odii
1107 2338 1337 2372 magnitudinem;
1355 2347 1364 2364 ι
1380 2342 1406 2365 et
1420 2338 1472 2365 isto
1485 2345 1501 2364 e
1517 2337 1621 2372 Prolog.
1640 2336 1686 2364 lib.

908 2390 926 2409 ιι
945 2382 972 2409 in
990 2381 1069 2409 Mich.
1086 2389 1096 2408 :
1113 2391 1122 2408 ι
1139 2382 1206 2409 Nam
1229 2384 1299 2417 quod
1314 2385 1404 2411 dicunt
1416 2383 1539 2417 Origenis
1553 2392 1595 2411 me
1612 2384 1689 2410 voln-

907 2428 977 2455 mina
1000 2428 1151 2463 compilare
1161 2447 1170 2460 ,
1184 2433 1212 2456 et
1230 2431 1406 2457 contaminari
1431 2438 1482 2457 non
1497 2430 1592 2457 decere
1613 2436 1687 2457 vete-

907 2481 965 2500 rum
982 2474 1103 2508 scripta;
1122 2474 1192 2509 quod
1216 2475 1252 2501 illi
1278 2476 1450 2503 maledictum
1467 2475 1610 2502 vehemens
1626 2482 1687 2501 esse

905 2520 1078 2554 existimant,
1103 2522 1223 2549 eamdem
1246 2522 1351 2549 Iaudem
1373 2529 1422 2557 ego
1445 2522 1588 2549 maximam
1606 2520 1685 2553 duco,

905 2574 966 2594 cum
988 2567 1061 2595 illum
1085 2568 1183 2596 imitari
1196 2568 1268 2602 volo,
1282 2575 1363 2603 quem
1381 2569 1485 2597 cunctis
1511 2567 1687 2604 prudentibus

905 2618 933 2640 et
946 2614 1020 2642 vobis
1032 2615 1139 2649 placere
1153 2623 1205 2643 non
1219 2615 1321 2643 dubito.
1337 2624 1347 2641 ι

906 2713 986 2740 super
1007 2706 1146 2768 (epistolam
1163 2707 1383 2744 nuncupatoriam
1402 2711 1475 2736 tomo
1501 2707 1511 2734 1
1537 2707 1684 2744 prmiixam,

906 2749 994 2768 versus
1029 2749 1099 2768 nent.

902 2748 994 2769 versus
1010 2748 1099 2769 llllem.
