1927 3076
45 143 118 170 “1'7

507 137 790 167 ORIGENIANORUM
811 138 875 166 LIB.
896 139 930 172 ll,
950 138 1026 167 CAP.
1047 138 1093 170 IV,
1115 137 1212 166 SECT.
1232 138 1254 165 1.

1593 136 1660 164 HIS

45 199 119 233 apud
142 196 265 224 Photium
290 196 350 224 cod.
363 203 481 228 ccxxx",
498 197 630 231 proditum
643 197 702 224 est!
715 197 748 225 Et
767 204 832 225 vero
847 202 868 229 Α
884 198 966 225 ferme
985 197 1146 225 Adamantio
1167 197 1391 224 adhaerescerent.
1417 194 1503 229 Quem
1531 200 1620 221 tamen
1645 201 1661 221 a

45 252 118 278 quas
138 243 215 271 vivus
241 243 390 270 animorum
416 242 506 270 turbas
527 243 664 270 exciverat
686 242 826 278 Origenes,

45 289 213 316 morientem
234 287 395 315 restituisse
414 287 542 315 credibile
569 292 627 320 est;
659 287 731 314 nulla
756 287 827 315 enim

45 335 251 369 perseverantis
263 337 325 369 post
346 333 404 367 ejus
419 333 521 361 obitum
537 333 590 360 odii
608 333 706 360 indicia
725 337 829 360 veteres

47 381 135 409 nobis
156 379 292 407 memoriae
314 378 498 414 suppeditant.
519 377 571 406 Sed
593 386 645 405 non
670 378 754 406 multo
770 382 831 413 post

46 426 74 454 in
92 425 268 460 superstitem
280 423 338 458 ejus
358 423 460 451 famam
483 431 558 451 nova:
572 428 743 458 tempestates
755 424 830 451 incu-

45 471 178 497 buerunt.
200 469 319 496 Primum
341 475 375 496 eo
388 468 522 496 exstincto
542 467 705 496 Methodium
719 468 829 504 Tyrium

45 515 208 550 episcopum
223 514 378 542 Diocletiani
398 513 562 549 temporibus
575 513 725 541 doctrinam
746 514 830 548 ipsius

46 561 224 596 impugnasse
243 560 348 595 reperio
360 569 367 587 :
379 563 472 587 narrat
493 559 591 594 quippe
611 559 789 595 Hieronymus
805 559 830 586 in

46 607 113 634 libr.
135 606 174 634 De
189 607 279 640 script.
299 605 402 638 ecclea.,
421 613 481 640 cap.
506 605 550 637 9t,
565 605 682 640 scriptos
703 605 784 633 fuisse
798 605 831 633 ab

46 660 82 680 eo
100 654 186 681 libros
197 653 235 680 De
249 653 435 680 resurrectione
449 658 543 680 contra
558 652 712 688 Origenem,
727 652 763 680 De
776 652 832 689 Py-

46 700 182 730 thonina,
208 704 235 727 et
244 698 282 726 De
294 699 399 726 arbitrii
413 699 541 727 libertate.
557 699 651 733 Operis
663 699 702 726 De
717 708 831 727 resurre-

47 746 136 772 ctione
143 744 322 780 fragmentum
332 745 435 780 insigne
448 744 564 772 Panario
577 752 627 773 suo
641 745 755 773 intexuit
768 745 832 781 Epi-

46 791 168 825 phanius
184 792 248 819 baer.
261 791 306 824 θι,
315 791 389 826 cujus
399 795 524 826 excerpta
535 791 614 819 etiam
632 793 833 827 repraesentavit

47 835 165 865 Photius
179 838 238 865 cod.
261 844 387 865 ccxxxtv.
402 837 552 872 ldemlcod.
565 844 690 871 ccxxxv,
707 842 831 872 excerpta

48 882 128 910 atl'ert
140 891 174 910 ex
189 883 308 919 ejusdem
322 883 417 918 Ecloga
433 883 498 920 περὶ
516 883 570 910 τῶν
581 883 713 920 γενητῶν·
731 888 758 911 et
770 883 830 912 cod.
848 872 868 898 Β

47 935 177 962 ccxxxvt,
187 929 250 966 περὶ
257 929 302 956 τοῦ
309 929 489 962 αὑτεξουσίου,
496 929 592 964 quibus
598 929 721 965 Origenis
726 929 832 964 dogma-

50 979 77 1001 ta
95 976 384 1011 castigantur.Ateum
392 977 545 1004 suidcmum
558 975 649 1010 iudicii
665 975 830 1011 paenituisse,

49 1025 77 1048 et
90 1021 165 1048 velut
174 1021 335 1056 palinodiam
347 1027 486 1050 canentem
496 1022 686 1050 admiratorem
697 1030 727 1050 se
737 1021 831 1057 Orige-

49 1067 92 1094 nis
111 1067 262 1102 professum
273 1074 333 1095 esse
345 1067 370 1094 in
383 1067 491 1103 Dialogo
498 1075 577 1103 quem
588 1067 726 1095 Xenonem
736 1068 832 1096 inscri-

48 1113 115 1146 psit,
130 1117 225 1140 auctor
237 1117 279 1140 est
294 1113 419 1141 Socrates
429 1113 491 1141 libr.
507 1122 544 1147 vi,
558 1121 617 1149 cap.
643 1114 687 1141 l5.
706 1113 763 1150 (5i)
780 1113 832 1142 Sed

49 1156 159 1184 Socrati
187 1157 347 1185 contradicit
370 1158 500 1187 Baronius
522 1160 556 1187 ad
579 1167 624 1188 an.
652 1159 726 1193 402,
757 1168 832 1187 men-

51 1203 180 1238 daciique
194 1211 267 1231 reum
284 1204 387 1240 peragit
402 1205 453 1232 hoc
466 1210 637 1240 argumento,
651 1206 726 1241 quod
740 1206 833 1233 lauda-

51 1254 109 1276 tum
125 1250 214 1284 primo
227 1258 241 1277 a
257 1258 286 1278 se
299 1250 442 1286 Origenem
460 1257 552 1286 postea
571 1251 706 1279 damnarit
728 1252 832 1280 Metho-

50 1294 113 1321 dins
125 1315 133 1327 ,
153 1300 181 1322 ut
197 1295 327 1324 Eusebius
343 1297 424 1324 tradit
443 1297 512 1332 apud
531 1296 721 1333 Hieronymum
738 1298 797 1325 libr.
813 1307 832 1332 ι,

49 1341 164 1376 Apolog.
180 1341 206 1368 in
224 1341 324 1377 Ruﬁn.,
337 1350 397 1378 cap.
415 1343 442 1375 Ξ,
466 1347 567 1370 tantum
586 1343 662 1371 abest
675 1348 704 1371 ut
724 1344 834 1372 damna-

51 1391 109 1414 tum
125 1395 140 1414 a
154 1395 183 1415 se
196 1389 294 1423 primo,
304 1388 401 1417 deinde
414 1389 538 1417 lattdarit.
548 1389 629 1423 Quasi
643 1397 696 1418 non
709 1389 834 1418 laudasse

51 1434 170 1468 primum
183 1433 325 1469 Origenem
340 1435 456 1470 potuerit
468 1435 628 1468 Methodius,
640 1441 667 1464 et
682 1437 834 1472 deprehen-

51 1480 92 1506 sis
106 1480 275 1514 postmodum
292 1481 431 1508 erroribus
445 1481 621 1516 vituperasse,
636 1487 663 1509 et
677 1483 771 1511 iisdem
786 1484 833 1511 de-

51 1534 126 1553 mum
154 1527 289 1555 excusatis
312 1528 344 1555 ad
374 1528 491 1563 priorem
519 1529 681 1556 sententiam
711 1530 833 1558 rediisse.

50 1573 137 1600 Addit
150 1573 279 1601 Baronius
291 1582 324 1601 ex
338 1574 463 1602 Methodii
485 1579 577 1603 contra
598 1574 738 1612 Origenem
760 1576 837 1604 lucu-

51 1618 223 1647 brationibus
234 1619 348 1653 plurima
356 1621 551 1656 deprompsisse
560 1621 735 1656 Epiphaniam
745 1631 752 1656 ;
764 1623 837 1658 quod

53 1665 149 1692 facere
171 1665 333 1698 erubuisset,
352 1666 374 1694 si
397 1667 493 1695 scisset
513 1667 653 1702 pristinam
671 1669 836 1696 sententiam

52 1710 219 1738 Methodium
239 1719 390 1739 revocassu.
401 1712 509 1740 Valeret
521 1707 546 1740 id
560 1720 636 1749 sane,
653 1713 675 1741 si
689 1712 715 1740 in
726 1713 837 1748 Dialogo

52 1756 102 1782 illo
118 1755 230 1784 Xenone
247 1757 399 1792 scripsisset
418 1757 580 1789 Methodius,
600 1765 766 1794 quaecunque
779 1768 793 1787 a
808 1769 838 1787 se

52 1802 190 1830 adversus
205 1802 348 1839 Origenem
364 1803 436 1832 dicta
451 1808 525 1838 sunt,
544 1803 609 1832 falsa
625 1812 699 1838 esse;
718 1805 759 1833 sin
775 1812 838 1832 vero

54 1851 82 1876 id
99 1850 152 1877 sibi
173 1849 256 1878 voluit
276 1851 416 1884 duntaxat,
431 1858 538 1879 errasse
555 1852 663 1886 quidem
681 1852 836 1887 Origenom,

55 1896 105 1923 sed
126 1903 218 1923 errore
240 1896 428 1930 condonanda,
456 1898 590 1932 nimisque
613 1905 705 1924 severe
722 1904 783 1925 eum
806 1905 838 1924 ac

54 1941 162 1968 duriter
178 1949 192 1968 a
209 1949 237 1969 se
260 1948 411 1977 exceptum,
435 1942 478 1969 cui
504 1941 596 1970 favere
616 1942 707 1976 potius
731 1945 839 1976 propter

53 1986 196 2021 pietatem,
215 1991 242 2014 et
261 1987 390 2021 praeclara
412 1987 439 2013 in
459 1986 606 2014 Ecclesiam
622 1986 716 2013 merita
730 1985 838 2013 debuis-

54 2035 109 2063 set,
125 2038 177 2065 quo
189 2031 294 2058 tandem
307 2031 401 2059 recidit
410 2030 518 2058 Baronii
533 2031 720 2058 ratiocinatio?
729 2030 838 2058 Postre-

56 2084 132 2103 nllllll
155 2076 226 2103 illius
252 2076 383 2104 adversus
407 2075 546 2103 Socratem
574 2081 762 2111 argumentum
788 2076 839 2103 hoc

54 2126 113 2152 est;
131 2121 295 2148 Methodiani
311 2121 417 2155 Dialogi
432 2122 593 2148 mentionem
614 2126 721 2149 exstare
737 2121 838 2148 nullam

57 2168 129 2202 apud
151 2167 304 2199 Eusebium,
322 2167 421 2194 nullam
439 2168 508 2202 apud
524 2166 661 2200 Ruﬁnum,
681 2174 713 2194 ac
727 2167 839 2201 proinde

880 243 960 270 Petro
975 243 1155 270 Alexandrino
1170 243 1294 276 episcopo
1309 247 1337 268 et
1349 245 1480 276 martyre,
1497 240 1542 272 qui
1557 239 1661 266 Metho—

879 288 915 315 dii
931 288 1002 315 aetati
1025 294 1124 322 suppar
1151 287 1210 319 fuit,
1227 286 1296 313 male
1315 285 1435 312 habitum
1458 284 1573 319 reperio.
1591 283 1661 310 Loca

879 332 998 367 quaedam
1016 340 1047 359 ex
1069 331 1154 366 ipsius
1174 331 1250 357 libris
1269 329 1372 361 profert
1384 327 1554 356 Justinianus
1566 327 1591 353 in
1604 327 1662 361 epi-

879 377 947 405 stola
962 378 994 404 ad
1013 377 1127 408 Menam,
1148 376 1217 403 unde
1230 383 1311 410 quam
1327 374 1447 402 infensus
1464 373 1516 406 ipsi
1531 372 1662 400 adversus

880 423 1022 459 Origenem
1045 423 1151 450 animus
1173 422 1262 452 fuerit,
1284 420 1451 454 intelligitur.
1477 418 1552 446 Tunc
1570 423 1660 444 autem

881 470 952 497 inter
977 473 1124 497 sectatores
1149 468 1271 503 Origenis
1293 467 1462 494 Alexandriae
1482 465 1596 492 ﬂorebat
1621 463 1662 490 vir

880 516 969 551 magni
990 515 1106 542 nominis
1127 514 1231 541 Pierius
1247 513 1398 548 presbyter,
1414 519 1493 546 quem
1512 518 1572 538 rara
1595 517 1660 537 eru-

880 561 957 593 ditio.
974 559 1122 588 indefessus
1136 559 1221 590 labor,
1239 558 1303 585 felix
1317 557 1467 591 ingenium,
1479 555 1663 590 temperantiae

881 613 913 633 ac
929 604 1234 642 paupertatis‘stndiunt,
1250 603 1328 630 utiles
1348 607 1376 629 et
1390 601 1515 636 jucunda:
1531 601 1564 627 ad
1578 607 1663 634 popu-

882 650 935 677 lum
960 650 1104 677 conciones
1129 653 1232 675 tantum
1258 647 1497 678 commendarunt,
1513 649 1542 672 ut
1572 644 1664 678 junior

882 697 1010 731 Origenes
1040 696 1174 723 diceretur
1192 703 1199 721 :
1217 693 1294 728 qttasi
1322 694 1348 720 in
1375 700 1407 719 ea
1432 691 1527 723 laude,
1554 690 1663 717 laudum

882 741 1011 774 omnium,
1023 748 1082 776 quze
1094 739 1305 768 ecclesiasticum
1320 739 1406 764 virum
1420 738 1543 768 deceant,
1559 741 1663 763 sttmma

883 784 1148 815 cortlineretur:'ﬂv
1168 785 1223 821 γὰρ
1237 784 1298 811 τότε
1316 784 1344 809 ἐν
1367 784 1422 814 τοῖς
1443 780 1665 815 ἀξιολογωτάτοις

890 833 1041 869 Ὠριγένης.
1066 842 1075 858 t
1088 832 1162 859 Tunc
1181 832 1252 859 enim
1274 831 1343 858 inter
1359 829 1549 856 celeberrimos
1570 826 1666 862 Orige-

884 887 931 908 nes
946 880 1126 911 habehalur,»
1145 878 1230 913 inquit
1251 877 1363 904 Photius
1384 874 1444 903 cod.
1462 882 1534 904 cxtx,
1559 873 1603 900 ubi
1631 873 1665 900 de

885 926 964 954 Pierii
988 925 1096 959 scriptis
1117 924 1235 952 disserit.
1253 923 1323 950 Idem
1348 922 1407 949 cod.
1425 929 1480 952 ενι,
1501 918 1663 954 'l'heognosti

884 971 1054 999 Alexandrini
1071 970 1272 1006 Hypolyposean
1289 969 1372 996 libros
1391 971 1492 1001 septem
1509 971 1665 997 recensens,

884 1025 945 1045 cum
964 1018 1002 1045 ait
1019 1017 1076 1045 sive
1094 1015 1255 1048 assectandi,
1279 1015 1336 1041 sive
1356 1011 1514 1040 defendendi
1539 1010 1663 1044 Origenis

885 1065 972 1092 studio
985 1065 1094 1091 ductum
1116 1062 1268 1090 decrevisse
1287 1060 1332 1087 Dei
1348 1059 1443 1086 Filium
1457 1064 1517 1085 esse
1531 1061 1665 1088 creatum.

884 1115 912 1138 et
926 1111 1029 1137 ratione
1048 1108 1167 1144 praeditis
1183 1112 1286 1134 tantum
1309 1112 1434 1140 praeesse,
1456 1103 1605 1136 eademque
1629 1102 1662 1127 de

886 1156 987 1191 Spiritu
1003 1159 1098 1183 sancto
1110 1161 1142 1181 ac
1153 1153 1295 1187 Origenem
1313 1150 1495 1186 proposuisse,
1508 1152 1534 1175 et
1549 1154 1663 1181 corpora

886 1201 988 1236 angelis
999 1199 1200 1228 acdtemonibus
1212 1200 1274 1225 item
1283 1201 1312 1224 ut
1321 1196 1393 1223 illum
1405 1195 1538 1221 tribuisse.
1546 1193 1580 1219 At
1591 1192 1666 1218 codi-

885 1253 917 1273 ce
929 1250 1016 1272 tamen
1028 1251 1146 1275 ccxxx",
1156 1242 1329 1270 Athanasium
1344 1239 1437 1268 scribit
1449 1238 1559 1265 Pholius
1577 1236 1665 1263 Theo-

886 1295 1009 1325 gnostum
1026 1289 1052 1316 in
1069 1288 1160 1315 multis
1175 1287 1242 1314 locis
1254 1285 1405 1313 admittere.
1419 1283 1490 1311 Sane
1502 1279 1666 1309 studiosissi—

886 1343 960 1362 mum
977 1335 1076 1367 virum,
1096 1338 1124 1360 et
1144 1333 1286 1363 disertum,
1302 1335 1329 1358 et
1342 1329 1528 1356 admirandum
1542 1334 1602 1354 eum
1620 1333 1666 1359 ap-

887 1380 966 1416 pellat
989 1379 1151 1406 Athanasius
1174 1378 1206 1405 de
1231 1377 1326 1412 synodi
1360 1375 1474 1402 Nicaeum
1495 1373 1622 1406 decretis,
1639 1375 1668 1399 et

887 1426 920 1454 de
941 1429 1051 1461 peccato
1072 1425 1098 1451 in
1118 1423 1248 1459 Spiritum
1271 1424 1405 1453 sanctum.
1422 1421 1559 1455 ipsiusque
1572 1420 1666 1454 praesi-

888 1471 959 1498 dium
975 1470 1103 1498 adversus
1116 1470 1230 1497 Arianos
1246 1473 1357 1503 usurpat
1371 1476 1377 1494 :
1392 1472 1470 1501 atque
1485 1466 1586 1493 idcirco
1598 1472 1667 1499 prte-

890 1518 1040 1544 termissam
1062 1517 1096 1545 ab
1115 1516 1232 1544 Eusebio
1256 1515 1417 1542 mentionem
1436 1513 1506 1540 illius
1530 1512 1668 1546 probabile

886 1566 940 1595 est,
958 1561 1027 1596 quod
1045 1562 1079 1589 ab
1094 1561 1202 1588 Arianis
1221 1559 1343 1595 partibus
1369 1558 1450 1585 fuerit
1465 1557 1578 1584 alienus.
1594 1556 1667 1589 Qun-

887 1611 997 1644 propte'r
1011 1614 1153 1642 corruptas
1173 1607 1232 1641 ejus
1249 1606 1429 1642 liypotyposes
1445 1605 1479 1632 ab
1494 1603 1574 1637 hujus
1587 1607 1669 1630 sectae

887 1652 1253 1688 patronis,quemadmodum
1265 1658 1292 1678 et
1304 1651 1450 1679 Clementis
1464 1649 1562 1678 librum
1573 1648 1668 1675 eodem

888 1699 964 1728 titulo
983 1698 1153 1733 inscriptum,
1178 1705 1230 1724 non
1257 1697 1391 1724 immerito
1404 1695 1527 1722 Andreas
1541 1693 1670 1721 Schottus

890 1746 1024 1780 conjeclal
1039 1744 1066 1770 in
1089 1742 1178 1770 Srltol.
1194 1743 1227 1769 ad
1244 1742 1330 1769 Pholii
1347 1742 1406 1768 cod.
1422 1747 1475 1767 cvt.
1492 1739 1568 1772 Quod
1582 1738 1604 1765 si
1627 1737 1668 1764 in-

887 1796 961 1826 teger
973 1789 1005 1816 ad
1030 1796 1080 1816 nos
1094 1787 1179 1815 Photii
1197 1788 1280 1815 codex
1296 1786 1473 1821 pervenisset,
1489 1788 1596 1811 aetatem
1610 1782 1670 1816 ejus

888 1840 1051 1872 compertam
1065 1835 1235 1862 haberemus.
1248 1833 1337 1861 Unum
1348 1833 1398 1859 hoc
1411 1831 1448 1858 sci
1455 1839 1482 1858 re
1497 1830 1569 1863 licet,
1581 1829 1668 1856 Alba-

889 1883 967 1910 nasio
992 1881 1170 1916 antiquiorem
1198 1879 1281 1907 fuisse
1307 1879 1398 1911 illntn,
1425 1877 1543 1912 Origene
1574 1881 1670 1903 recen-

887 1929 993 1956 tiorem.

924 1974 968 2002 ιν.
988 1974 1010 2001 A
1031 1971 1156 2001 Methodii
1176 1975 1256 1998 :ctate
1278 1970 1310 1998 ad
1335 1970 1434 1998 Ariana
1460 1974 1580 2004 tempora
1605 1975 1671 1995 suus

890 2019 997 2055 Origeni
1013 2019 1098 2046 honos
1111 2018 1218 2045 videtur
1230 2017 1392 2044 constitisse.
1408 2016 1474 2044 Orto
1487 2021 1577 2043 autem
1593 2015 1670 2046 Ario,

890 2067 1067 2102 patrocinium
1081 2065 1174 2093 hteresi
1186 2072 1242 2093 suae
1252 2067 1402 2098 quaerentes
1415 2062 1519 2095 Ariani,
1533 2062 1670 2100 Adaman;

890 2113 918 2141 tii
931 2120 1025 2141 nomen
1035 2119 1122 2139 causae
1131 2118 1187 2138 suae
1196 2116 1342 2145 przetexere
1352 2108 1522 2136 studiterunt.
1534 2108 1572 2135 lix
1586 2107 1670 2141 ipsius

889 2167 953 2195 ergo
962 2158 1090 2193 operibus
1103 2157 1267 2192 collegerunt
1279 2156 1420 2190 diligenter
1432 2162 1598 2189 quaecunque
1609 2153 1670 2180 Filii

58 2199 257 2248 siipposititimn
283 2220 352 2240 esse.
378 2199 523 2240 Videfatne
545 2219 610 2239 vero
637 2199 769 2240 Βετοηίυδ
790 2219 837 2240 εει
855 2216 877 2244 D
891 2206 1045 2240 dignitatem
1060 2203 1234 2236 labefactare,
1252 2202 1292 2229 vel
1307 2210 1382 2228 suam
1399 2202 1516 2235 denique
1531 2201 1564 2228 de
1580 2199 1671 2226 Trini-

58 2258 198 2292 Apolagiw
213 2258 296 2286 libros
311 2266 326 2285 a
342 2257 482 2292 Pamphilo
502 2261 529 2284 et
546 2257 662 2285 Eusebio
682 2257 708 2284 itt
725 2257 839 2292 gratiam

57 2303 183 2338 Origenis
205 2305 330 2339 scriptos,
353 2304 378 2331 in
401 2303 499 2339 quibus
525 2310 692 2338 quacunque
721 2310 770 2337 pro
795 2303 841 2331 illo

58 2348 151 2377 facere
171 2354 305 2387 poterant,
338 2349 480 2385 diligenter
501 2348 616 2376 collecta
641 2347 762 2382 fuerunt,
791 2356 841 2376 nec

58 2393 181 2423 Xenonis
199 2395 311 2430 proinde
330 2395 434 2429 Dialogi
452 2395 552 2422 mentio
571 2393 771 2429 praetermissa?

96 2440 141 2468 lll.
158 2440 231 2468 Sane
251 2446 325 2467 tanta
341 2446 401 2468 erat
421 2441 464 2468 his
485 2440 652 2475 temporibus
673 2439 841 2474 Origenianac

59 2487 190 2514 doctrina!
205 2486 347 2514 celebritas
360 2492 387 2514 et
408 2487 583 2518 existimatio,
603 2491 633 2513 ut
645 2486 708 2514 hinc
724 2485 757 2512 ad
777 2484 840 2512 facti

61 2533 248 2567 pmnitentiam
268 2534 409 2561 adductutn
432 2533 516 2561 fuisse
531 2533 638 2561 credant
665 2532 840 2564 Methodinm,

60 2586 122 2606 cum
137 2578 181 2605 vix
193 2585 352 2613 quemquam
367 2579 399 2606 ad
411 2586 474 2606 suas
484 2578 620 2614 pelliceret
633 2583 738 2612 partes;
750 2577 840 2604 cuncti

97 2667 155 2704 (bl)
169 2667 222 2695 Sed
237 2667 340 2695 Socrati
346 2667 507 2704 “contradicit
518 2667 693 2694 θαι-νήισιν.
705 2666 773 2704 θυίρᾴ
783 2666 843 2704 lau-

60 2701 156 2730 datum
173 2705 255 2737 primo
271 2711 286 2729 a
301 2711 328 2729 se
340 2701 477 2736 Origenem
488 2706 575 2737 pauca
592 2702 723 2728 danmarit
739 2701 842 2737 Metho-

60 2740 134 2768 dius,
158 2742 185 2763 ut
207 2737 333 2764 Eusebius
354 2737 437 2772 tradit
459 2737 527 2772 apud
553 2736 739 2772 Hieronymum
758 2736 805 2772 fil).
822 2744 841 2768 I,

60 2773 177 2808 Apolug.
200 2773 226 2799 in
250 2772 337 2798 ltuliu.
352 2771 459 2808 En_ips:t
484 2771 590 2808 Eusebii
605 2774 699 2808 Verba”
712 2771 803 2808 cx_l_i_b.
817 2778 841 2797 vr

60 2805 205 2841 Apologia
219 2807 302 2840 ipsius
318 2815 365 2840 pro
381 2806 502 2839 Origene,
519 2805 608 2839 qualia
629 2806 737 2841 exhibet
750 2805 842 2833 Hiero-

61 2840 164 2877 nymus
175 2841 234 2868 loco
245 2842 328 2877 citato
341 2850 347 2868 :
364 2850 373 2866 ι
386 2841 524 2877 Quomodo
540 2848 624 2877 ausus
635 2845 676 2867 est
692 2840 841 2877 Melhodius

63 2875 137 2905 nunc
151 2881 245 2905 contra
260 2876 401 2905 Origenctn
417 2875 545 2904 scribere.
561 2875 605 2904 uni
620 2875 675 2902 hch
694 2881 719 2902 ct
741 2876 796 2903 lucc
810 2876 840 2902 de

891 2256 946 2279 tate
968 2250 1151 2285 opinationem
1170 2250 1265 2284 juvare
1287 2248 1456 2275 videbantur.
1475 2248 1560 2282 Atque
1581 2247 1606 2273 id
1628 2252 1670 2273 to-

892 2297 1002 2324 lerabile
1014 2301 1082 2328 erat,
1094 2297 1116 2323 si
1133 2296 1182 2322 hac
1198 2296 1250 2322 line
1262 2294 1386 2322 vecordia
1402 2295 1520 2328 ipsorum
1534 2293 1670 2326 stetisset;

891 2351 983 2371 verum
1001 2343 1109 2370 nefaria
1129 2343 1210 2369 etiam
1231 2342 1360 2368 doctrinae
1374 2341 1446 2368 virus
1464 2341 1557 2368 iisdem
1573 2340 1670 2375 passim

891 2389 1042 2417 alfudernnt
1057 2388 1177 2422 scriptis,
1192 2393 1220 2414 ut
1233 2395 1309 2414 suum
1326 2387 1431 2421 penitus
1443 2387 1586 2421 Urigcnem
1602 2385 1673 2413 l'ace-

893 2439 962 2463 rent.
974 2434 1056 2468 Cujus
1069 2434 1102 2461 ad
1113 2434 1268 2460 elevat-dam
1286 2433 1485 2465 auctoritatem,
1498 2440 1549 2467 qua
1568 2437 1671 2458 tantum

894 2481 1078 2517 gloriabantur
1090 2478 1195 2510 Ariani,
1206 2479 1323 2505 animum
1338 2479 1494 2514 appulerunt
1510 2477 1670 2509 orthodoxi;

898 2526 1106 2555 reclamantibus
1133 2525 1288 2552 econtrario
1304 2525 1422 2558 Arianis,
1437 2530 1464 2551 et
1480 2532 1556 2551 suum
1579 2523 1672 2558 Orige-

891 2575 979 2601 nianze
1000 2571 1128 2600 doctrinm
1150 2578 1182 2598 ac
1207 2569 1285 2597 fatuae
1307 2569 1435 2598 honorem
1458 2570 1558 2598 servari
1575 2570 1672 2597 merito

895 2665 1018 2699 Origenis
1031 2664 1134 2692 locutus
1151 2668 1194 2691 est
1215 2662 1415 2699 dogmatibus.t
1432 2661 1516 2699 Porro
1530 2662 1573 2689 hic
1587 2662 1670 2699 Euse-

895 2697 956 2728 bius
967 2704 1058 2734 aperte
1073 2707 1125 2727 non
1138 2699 1206 2734 dicit
1224 2698 1385 2734 Methodiurn
1399 2697 1493 2734 _luisse_
1506 2702 1582 2723 antea
1599 2698 1672 2734 locu-

896 2741 951 2762 tum
964 2732 1012 2768 pro
1025 2734 1149 2768 Origene.
1163 2733 1255 2767 Neque
1269 2734 1339 2759 enitn
1354 2732 1428 2768 dicit.
1447 2732 1561 2768 qui'ha’c
1574 2737 1599 2758 et
1616 2732 1670 2758 hcce

893 2770 927 2797 de
943 2767 1064 2805 Origenis
1075 2767 1186 2805 rlocut‘us
1199 2768 1286 2795 fuerat
1299 2767 1480 2801 dogmatibus,-
1496 2767 1541 2793 sed
1556 2772 1669 2805 tantum,

893 2801 1047 2831 locutus'est
1063 2812 1072 2830 :
1087 2803 1157 2838 quod
1180 2803 1206 2830 in
1232 2808 1372 2836 utramque
1392 2807 1494 2838 partem
1518 2801 1601 2838 accipi
1626 2808 1670 2835 po-

896 2845 956 2867 test.
972 2839 1029 2866 Non
1045 2834 1124 2872 igitur
1139 2838 1268 2864 rnendacii
1284 2834 1451 2872 accusandus
1474 2839 1515 2862 est
1532 2834 1667 2872 Socrates.

895 2873 1002 2902 llenric.
1019 2870 1148 2904 Valesius,
1170 2872 1233 2900 Not.
1253 2873 1280 2899 in
1298 2872 1400 2900 Socrat.
1418 2871 1454 2897 lib
1483 2877 1517 2902 vt,
1540 2878 1599 2902 cap.
1624 2870 1666 2897 15.
