1927 3076
259 131 327 163 “:9

907 143 936 171 Ρ.
956 142 1111 170 DANIELIS
1129 140 1245 169 llUETll

1809 134 1876 162 H20

258 194 421 223 volentibus.
433 196 503 230 Quot
514 204 579 234 ergo
593 199 649 227 fere
656 201 696 227 vel
711 199 828 229 fautores
840 201 1041 229 lmbuitAriana
1057 203 1078 232 Α
1093 207 1144 235 qua
1161 190 1248 235 ipsius
1263 198 1354 226 referti
1376 201 1438 226 sunt
1460 195 1529 229 libri,
1553 193 1781 230 pratcrmittere;
1797 193 1874 218 noxia

258 239 378 291 heresis,
404 241 445 268 vel
472 249 681 291 oppugnatores,
707 247 817 274 totidetu
844 246 1038 282 propemodum

256 284 447 320 Origenianam
464 288 611 317 doctrinam
630 292 670 319 vel
691 293 807 327 amplexi
828 298 902 327 sunt,
925 293 968 321 vel
992 293 1039 321 de-

260 331 348 358 testati
364 340 369 357 :
385 339 433 360 nec
448 333 554 362 aliunde
571 340 745 371 tempestates
761 338 891 366 adversus
912 347 973 366 eum
988 339 1039 366 hoc

257 381 377 426 tempore
397 383 505 406 coortas
519 381 657 409 existimo.
681 382 800 410 Partium
823 383 937 411 istarum
951 383 1037 411 studia

257 420 400 450 ntanifesto
423 431 519 453 cernas
544 426 570 453 in
591 427 751 457 clarissimis
772 429 868 456 horum
889 435 1037 465 temporum

259 468 429 504 pnesulihns,
445 470 586 500 Eustathio
597 472 763 502 Autiocheno
786 480 811 502 et
824 476 939 504 Eusebio
950 475 1039 504 Caesa-

259 513 352 541 riensi.
376 514 424 542 llic
446 517 552 546 Arianae
577 519 701 548 factionis
724 521 846 556 signifer,
866 522 1038 556 quemadmo-

256 558 318 586 dttm
335 561 483 596 appellatur
508 565 542 591 ab
569 565 730 601 Hieronymo
757 567 819 595 libr.
833 575 853 601 ι,
878 569 906 594 in
935 567 1036 602 Rufin.,

256 613 316 640 cap.
333 606 360 639 2,
378 613 405 634 ut
419 608 585 644 Origcnianat
599 612 674 639 fatuae
693 614 854 647 consuleret,
869 614 902 641 ad
919 615 1037 642 scriben-

256 651 316 678 datu
329 660 378 686 pro
387 654 502 690 Origene
517 657 666 692 Apologiam
680 658 783 686 induxit
796 660 910 687 amicum
925 668 1001 687 sttttm
1012 665 1038 688 et

259 697 416 726 familiarem
445 701 613 735 Pamphilum
640 705 837 740 presbyterum,
859 705 982 741 Origeuis
1002 707 1037 734 ita

256 744 418 779 studiosum,
441 751 469 773 Ill.
490 755 584 776 oumes
600 748 723 784 Origenis
751 751 832 779 libros
859 753 1037 788 undequaque

257 791 423 826 conquisitos
447 792 606 821 C:esaricusi
636 795 763 824 Ecclesia:
788 798 925 825 dedicaret
946 799 1037 834 (verba

257 841 320 862 suttt
334 836 489 874 Hieronymi
512 841 537 867 in
551 842 629 876 epist.
654 843 687 868 ad
700 842 829 878 Marcell.)
847 848 872 871 et
892 845 1034 872 maximam

1092 252 1205 280 quzeque
1221 248 1249 271 et
1266 242 1446 270 critniuationi
1463 246 1611 276 opportuna
1631 239 1664 266 ad
1681 237 1816 265 invidiam
1836 236 1875 262 la-

1092 291 1214 318 ciendam
1228 289 1369 325 colligere;
1383 287 1523 315 nonnullos
1537 286 1619 313 etiam
1641 284 1669 311 in
1687 283 1750 317 ejus
1765 281 1876 309 lectione

1093 339 1227 368 versatos,
1243 324 1384 370 postquam
1400 340 1449 369 per
1460 339 1521 360 eum
1534 331 1602 359 satis
1616 329 1769 365 profecisse
1787 335 1818 355 se
1838 327 1876 354 in-

1094 380 1271 412 tellexissent,
1297 384 1353 407 tum
1377 386 1442 406 vero
1453 385 1468 404 a
1485 376 1616 411 magistro
1633 382 1684 403 suo
1701 373 1876 404 discessisse.

1092 432 1120 455 et
1132 426 1311 454 anathematis
1326 433 1387 453 eum
1406 423 1568 455 confodisse,
1584 429 1619 450 ne
1632 420 1699 456 quid
1723 419 1762 447 ab
1781 426 1816 446 eo
1827 419 1879 446 sci-

1091 474 1153 501 licet
1164 473 1300 508 accepisse
1312 471 1476 499 viderentur.
1493 469 1594 497 Deinde
1607 467 1718 501 subjiclt
1730 474 1739 493 :
1755 475 1765 491 ε
1778 465 1807 492 In
1822 468 1878 492 tam

1093 525 1148 548 tum
1168 523 1256 547 autem
1282 519 1377 546 borum
1399 517 1433 544 de
1454 516 1553 551 quibus
1574 522 1654 549 supra
1674 513 1800 541 diximus
1820 518 1879 545 pro-

1093 574 1185 601 gressa
1198 565 1297 592 malitia
1310 569 1363 597 est,
1377 567 1407 591 ut
1420 562 1529 598 quidam
1541 561 1623 588 etiam
1638 558 1820 588 conscribere
1834 556 1878 583 ad-

1093 620 1187 640 versus
1202 620 1263 640 eum
1279 611 1336 639 ausi
1358 611 1421 643 sint,
1439 613 1466 637 et
1488 608 1585 636 libellis
1601 607 1682 635 editis
1705 606 1844 639 derogare
1855 602 1878 630 ei

1091 658 1160 689 viro,
1184 657 1229 692 qui
1253 663 1301 691 per
1315 659 1354 682 tot
1377 661 1463 681 annos
1488 652 1618 686 magister
1640 649 1777 678 Ecclesiae
1796 647 1878 674 fuit.»

1094 704 1188 732 Tradit
1202 703 1311 736 insuper
1326 701 1409 728 libros
1421 706 1468 727 eos
1483 698 1652 734 potissimum
1671 696 1760 723 fuisse
1775 693 1878 728 appeti—

1092 754 1145 781 tos,
1162 757 1172 775 t
1187 755 1255 784 quos
1269 754 1317 782 per
1335 746 1451 781 spatium
1471 751 1499 773 et
1513 745 1630 779 quietem
1645 743 1672 769 in
1689 746 1802 768 secreto
1815 746 1879 766 con-

1092 796 1245 830 scripserat,
1259 802 1269 820 t
1286 793 1357 828 quod
1375 792 1401 819 in
1418 792 1453 819 iis
1466 790 1585 826 apertius
1597 787 1767 816 disseruisse
1785 785 1878 812 existi-

1093 846 1229 873 maretur;
1247 847 1301 874 pm
1317 839 1377 866 aliis
1392 845 1455 865 vero
1467 837 1548 864 libros
1563 834 1632 869 Περὶ
1645 832 1763 868 ἀρχῶν,
1782 831 1809 858 in
1823 830 1879 865 qui~

258 889 351 910 eorum
373 890 477 919 partem
498 895 577 914 manu
603 895 650 915 sua
679 889 854 922 describeret,
880 892 924 925 qui
951 890 1043 919 Hiero-
1057 886 1078 913 Β
1093 888 1142 915 bus
1157 887 1312 922 dogmatum
1327 891 1436 912 suorum
1450 882 1522 910 velut
1536 889 1605 917 penu
1622 879 1818 907 collocaverat.
1829 875 1879 903 No-

259 928 330 963 nymi
350 935 429 958 :etate
454 931 480 958 in
503 933 664 961 Caesariensi
690 933 850 962 bibliotheca
874 936 954 963 etiam
985 942 1040 964 tum

258 974 445 1024 servabantur.
461 977 593 1024 ‘Causatn
632 979 767 1015 Apologia:
793 981 941 1009 scribendae
971 983 1042 1010 hanc

260 1017 341 1046 fuisse
354 1026 446 1048 narrat
461 1020 571 1050 Photius
584 1025 643 1051 cod.
654 1032 750 1058 cxvtn,
762 1030 789 1052 ut
803 1026 839 1052 ad
851 1026 908 1061 pios
921 1026 1042 1054 homines

259 1064 291 1091 ad
314 1066 419 1093 metalla
449 1068 484 1095 ob
510 1068 609 1096 Chrisu
635 1076 744 1097 causam
784 1070 927 1098 damnatos
954 1071 1041 1099 solatii

259 1117 324 1145 ergo
338 1112 497 1141 mitteretur.
510 1114 576 1141 Cum
592 1122 652 1142 eam
667 1123 732 1143 vero
750 1117 879 1151 martyrio
893 1117 1042 1144 exstinctus

259 1157 401 1186 absolvere
413 1168 464 1186 non
483 1161 626 1195 potuisset,
648 1169 802 1196 supremam
821 1163 918 1198 adjecit
934 1171 1041 1191 manum

258 1200 401 1237 Eusebius,
413 1210 440 1231 et
456 1206 481 1232 in
498 1205 616 1234 Historia
627 1215 734 1243 quoque
745 1207 908 1235 ecclesiatica
920 1215 968 1240 pro
981 1208 1042 1236 Ori-

259 1250 379 1299 gen-isna-
398 1259 480 1278 causa
505 1253 634 1286 praeclare
650 1255 810 1282 decertavit.
835 1254 918 1289 Este
933 1255 1041 1289 quidem

259 1294 284 1320 id
301 1294 354 1321 fert
365 1295 525 1325 Anastasius
542 1298 777 1333 Bibliothecarius,
800 1307 861 1327 nam
880 1300 906 1328 in
921 1299 1042 1328 Historia

259 1338 292 1364 ad
305 1347 369 1366 ann.
382 1340 447 1369 Chr.
464 1342 517 1369 244
532 1349 559 1370 et
578 1344 642 1378 246,
662 1353 714 1372 non
733 1346 815 1373 semel
832 1346 954 1381 queritur
973 1346 1042 1373 mul-

260 1389 348 1412 torum
364 1387 463 1420 pietate
475 1396 507 1416 ac
521 1389 644 1417 doctrina
657 1391 801 1419 illustrium
816 1392 935 1419 virorum
951 1392 1042 1420 laudes

257 1428 403 1458 Eusebium
420 1432 512 1467 iniquo
525 1434 631 1462 silentio
648 1436 802 1469 obtrivisse,
815 1438 857 1465 vel
874 1438 968 1465 leviter
984 1442 1043 1465 lan-

260 1479 315 1502 tttm
331 1480 358 1504 et
382 1477 514 1506 invidiose
536 1481 670 1516 attigisse,
688 1490 742 1516 quo
760 1490 864 1510 summa
887 1484 977 1511 omnia
995 1485 1042 1511 tri-

259 1521 354 1549 bueret
369 1522 477 1557 Origeni
495 1532 554 1558 suo,
577 1527 719 1555 «nesciens
743 1535 802 1562 qute
821 1528 934 1562 diceret,
951 1530 992 1556 vel
1009 1530 1041 1558 de

259 1566 356 1616 quibus
370 1567 546 1597 allirmaret.»
564 1570 645 1603 Quasi
662 1579 726 1599 vero
745 1573 826 1600 alium
843 1573 914 1601 fama
931 1583 963 1603 ac
984 1584 1040 1603 me—
1054 1562 1076 1592 θ

261 1612 318 1639 ritis
334 1620 424 1648 parem
441 1615 549 1650 Origeni
569 1616 660 1644 tulerit
678 1618 735 1646 hate
751 1625 827 1648 aetas.
842 1619 916 1648 Illius
932 1621 1041 1655 quidem

261 1658 352 1686 laudes
370 1661 438 1687 mala
463 1661 575 1690 forsitan
597 1669 686 1692 mente
711 1665 878 1699 congessisse
897 1666 1041 1694 Eusebium

259 1704 396 1733 fatendum
411 1713 464 1740 est,
487 1710 533 1736 sed
558 1711 645 1744 quoad
670 1718 759 1738 rerum
784 1717 919 1746 gestarum
946 1713 1043 1740 attinet

261 1751 352 1784 tidem,
367 1751 547 1787 Epiphanium
563 1755 629 1788 fere,
649 1757 690 1783 vel
715 1755 922 1792 Hieronymum,
942 1758 1042 1786 aliosve

259 1799 459 1826 consentientes
473 1800 577 1828 habuit.
592 1801 626 1828 At
639 1802 796 1829 Eustathius
813 1807 888 1830 stans
903 1803 936 1830 ab
948 1804 1043 1830 ortho-

260 1843 348 1877 doxis,
366 1851 563 1881 proptereaque
584 1847 782 1876 Sabelliauismi
802 1849 835 1875 ab
850 1849 957 1876 Ariauis
980 1849 1044 1876 insi-

261 1890 387 1924 mulatus,
417 1892 559 1927 Origenem
585 1895 695 1922 adortus
723 1899 774 1926 est,
796 1895 908 1930 ejusque
936 1898 1044 1921 sentcn-

261 1936 323 1963 tiam
336 1936 369 1964 de
381 1937 601 1974 Engnstrimytho
615 1940 741 1974 peculiari
754 1948 835 1974 opere
849 1940 1042 1975 explodendatn

260 1983 387 2017 suscepit.
403 1983 504 2011 Scribit
521 1985 676 2020 Pamphilus
694 1985 721 2012 in
740 1986 828 2020 priore
855 1986 924 2013 libro
943 1986 1042 2019 Apolo-

259 2027 320 2061 βίω,
338 2036 418 2063 quem
436 2030 626 2065 interpretatus
646 2037 688 2058 est
712 2031 836 2064 Rullnus,
864 2036 939 2059 tanto
955 2031 1043 2059 homi-

261 2081 323 2100 num
339 2073 444 2102 illornm
464 2076 526 2103 odio
544 2082 605 2103 tunc
622 2077 750 2111 ten-poris
768 2077 867 2104 arsisse
888 2077 1042 2112 Origeuem,

260 2124 290 2145 ut
307 2127 358 2146 non
373 2120 417 2148 ille
439 2121 526 2148 solum
546 2131 555 2148 ‹
570 2121 642 2148 velut
657 2123 800 2150 haereticus
816 2128 1000 2156 accusaretur,
1016 2128 1043 2151 ct

260 2165 407 2199 corruptio,
425 2171 451 2192 et
474 2167 588 2200 perditio
607 2167 769 2200 animarum,
785 2177 794 2194 ι
816 2169 863 2195 sed
881 2167 939 2203 ejus
962 2169 1042 2195 etiam

259 2209 422 2244 scriptorum
437 2210 544 2239 lectioni
561 2213 644 2239 dediti
659 2213 906 2248 praet-inderentur,
920 2219 946 2242 et
967 2216 1042 2242 venia

261 2261 436 2284 censerentur
459 2257 570 2293 indigni,
595 2267 654 2293 qua:
678 2260 711 2287 iis
737 2261 883 2288 condonari
904 2259 982 2294 solet,
997 2261 1042 2295 qui

262 2301 382 2336 profanis
395 2302 435 2329 vel
451 2303 584 2332 haereticis
602 2306 678 2333 libris
697 2305 796 2333 addicti
823 2312 897 2339 sunt,
912 2306 1043 2342 planeque

261 2354 309 2381 pro
332 2347 466 2377 haereticis
487 2350 660 2379 haberentur.
686 2361 695 2378 ι
710 2352 838 2387 Denique,
863 2352 960 2387 inquit,
982 2359 1042 2380 cum

262 2391 352 2420 multis
368 2393 487 2422 honesta:
503 2395 576 2428 vitae,
593 2402 620 2424 et
639 2397 755 2432 religiosi
774 2398 901 2431 propositi
920 2398 996 2430 viris,
1015 2398 1042 2425 in

260 2440 359 2475 quibus
380 2441 446 2468 nihil
471 2449 580 2477 prorsus
600 2443 685 2477 culpa:
709 2443 860 2476 lnveniuut,
888 2444 1043 2471 inimicitias

261 2491 369 2521 propter
386 2487 436 2514 hoc
449 2487 535 2515 soltnu
558 2489 668 2522 habent,
691 2490 713 2517 si
731 2497 824 2517 eorum
840 2490 958 2517 studimn
971 2490 1042 2517 circa

262 2534 402 2561 memorati
418 2535 468 2562 viri
485 2535 567 2564 libros
589 2536 750 2571 propensius
764 2544 825 2564 esse
847 2536 1043 2571 perspexeriut,

262 2580 421 2609 invidiosius
432 2581 514 2608 etiam
533 2581 582 2609 ista
599 2583 742 2617 llngentes,
756 2583 827 2617 quod
841 2583 874 2609 ab
887 2583 928 2609 his
945 2583 972 2609 in
987 2581 1044 2609 loco

261 2633 417 2655 sanctorum
428 2628 621 2662 apostolorum,
635 2629 675 2656 vel
688 2630 893 2664 prophetarum,
906 2635 959 2655 tam
976 2629 1043 2664 ipse,

261 2679 340 2704 quam
364 2672 433 2699 dicta
458 2672 516 2707 ejus
532 2674 714 2702 habeantur.»
732 2673 812 2700 Addit
828 2673 909 2709 paulo
926 2678 985 2709 post
1004 2674 1045 2700 in-

262 2718 356 2746 doctos
372 2719 525 2756 plerosqne,
543 2729 575 2748 ac
598 2721 625 2748 iu
641 2721 864 2757 Origeuiauorum
879 2723 1042 2750 voluminum

263 2766 423 2815 tractatione
434 2768 524 2799 rudes,
537 2768 577 2794 vel
595 2775 683 2795 rerum
699 2769 724 2795 in
738 2768 886 2806 quaestione
896 2769 1042 2803 positarum

265 2813 383 2844 ignaros,
399 2813 532 2848 incognita
548 2818 636 2840 tamen
649 2821 729 2841 causa
741 2814 929 2841 Adamantiutn
942 2814 1044 2841 calculo

265 2864 313 2885 suo
337 2858 465 2886 damnare
487 2858 570 2887 fuisse
597 2859 702 2893 solitos;
726 2859 793 2887 alios
812 2860 908 2888 bonam
927 2860 1042 2894 frugem,

1093 941 1151 961 vem
1172 937 1263 960 autem
1283 930 1426 967 praecipuis
1443 928 1576 964 capitibus
1599 924 1767 954 constabant
1787 922 1878 949 crimi-

1093 981 1214 1009 nationes
1229 978 1358 1007 adversus
1372 977 1459 1011 ipsum
1472 982 1487 1001 a
1502 971 1642 1001 malevolis
1657 969 1799 1000 conﬂata,
1813 974 1878 1002 quas

1094 1031 1215 1054 recenset
1237 1029 1265 1052 et
1283 1022 1382 1051 refellit
1404 1019 1570 1054 Pamphilus,
1593 1022 1622 1045 et
1642 1024 1693 1044 nos
1714 1022 1800 1049 supra
1823 1012 1878 1040 fuse

1091 1072 1270 1100 excussimus.
1288 1070 1381 1104 itaque
1396 1067 1514 1095 moriens
1530 1064 1692 1092 Pachomius
1717 1061 1806 1088 abbas
1822 1066 1876 1086 mo-

1092 1119 1194 1146 nachos
1213 1123 1277 1144 suos
1298 1116 1333 1143 ab
1355 1112 1579 1148 Origenianarum
1604 1107 1827 1136 lucubrationum
1842 1105 1878 1132 k5

1093 1165 1181 1192 ctione
1193 1169 1288 1191 severa
1307 1159 1488 1189 obtestatione
1501 1155 1660 1184 absterruit.

1127 1210 1159 1237 ν.
1174 1210 1227 1237 Has
1242 1209 1335 1236 turbas
1348 1205 1456 1242 Origeni
1470 1205 1572 1240 peperit
1586 1201 1686 1230 Ariana
1704 1198 1802 1230 factio,
1817 1197 1876 1223 dum

1093 1257 1150 1293 ejus
1165 1255 1321 1290 suffragium
1336 1252 1481 1281 studiosius
1493 1250 1577 1277 ambit
1591 1258 1597 1276 :
1613 1255 1694 1283 quam
1710 1253 1775 1273 cum
1791 1244 1877 1271 aerius

1093 1303 1285 1331 ulciscerentur
1303 1298 1444 1328 orthodoxi
1455 1317 1463 1330 ,
1479 1295 1602 1331 Origenis
1616 1301 1728 1322 causam
1744 1299 1800 1319 non
1815 1291 1878 1317 satis

1093 1349 1273 1377 distinxerunt
1295 1346 1330 1374 ab
1348 1345 1459 1376 Ariana,
1485 1347 1513 1370 et
1534 1347 1679 1374 utramque
1699 1338 1875 1366 damnarunt.

1092 1394 1210 1422 Affectus
1222 1398 1328 1428 quoque
1335 1391 1428 1418 eadem
1440 1388 1537 1424 injuria
1548 1391 1591 1415 est
1600 1384 1748 1420 Dionysius
1758 1383 1877 1410 Alexan-

1091 1441 1184 1468 drinus
1205 1438 1332 1474 Origenis
1354 1436 1511 1471 discipulus,
1531 1438 1558 1462 et
1586 1433 1613 1460 in
1637 1432 1709 1460 laesae
1733 1429 1878 1458 Trinitatis

1092 1486 1270 1521 suspicionem
1296 1487 1419 1514 vocatus,
1438 1480 1509 1507 unde
1525 1479 1552 1506 in
1575 1477 1667 1505 multis
1678 1484 1694 1503 a
1708 1475 1813 1502 Basilio
1828 1481 1875 1500 non

1093 1520 1252 1564 admissum,
1266 1529 1383 1556 maxime
1400 1528 1444 1555 ubi
1458 1526 1619 1554 Arianorum
1630 1522 1812 1551 conﬁrmaret
1827 1520 1876 1547 bat-

1095 1578 1186 1611 resim,
1199 1576 1294 1604 scribit
1309 1574 1432 1603 Gobarus
1443 1572 1514 1607 apud
1528 1571 1604 1599 Phot.
1616 1569 1678 1597 cod.
1700 1574 1826 1596 ccum.
1847 1566 1878 1592 At

1095 1629 1242 1658 utrumque
1259 1621 1374 1649 crimine
1388 1618 1503 1647 exsolvit
1519 1615 1693 1647 Athanasius,
1707 1618 1739 1642 ut
1754 1612 1878 1647 superius

1094 1677 1108 1698 a
1123 1669 1199 1698 nobis
1214 1668 1341 1696 traditum
1360 1670 1417 1698 est;
1435 1672 1485 1692 nec
1501 1663 1587 1698 pluris
1603 1662 1640 1689 illi
1656 1661 1708 1688 fuit
1728 1659 1877 1687 catholica-

1094 1724 1151 1744 rum
1167 1715 1293 1751 partium,
1308 1720 1388 1748 quam
1408 1710 1529 1738 veritatis
1543 1708 1662 1736 studium
1675 1715 1683 1734 :
1696 1706 1812 1741 ipseque
1828 1703 1876 1730 Ba-

1094 1748 1209 1790 silius-et
1221 1759 1366 1793 Gregorius
1377 1755 1529 1790 'l‘heologus
1541 1753 1644 1787 objecta
1659 1751 1709 1778 sibi
1720 1750 1757 1777 ab
1771 1748 1878 1776 Arianis

1094 1803 1246 1833 Adamantii
1257 1801 1421 1833 testimonia,
1431 1799 1458 1826 in
1470 1797 1638 1827 commodum
1653 1796 1765 1823 trahere
1777 1793 1878 1821 malue-

1095 1856 1157 1878 runt
1167 1857 1287 1881 sensum,
1299 1855 1380 1883 quam
1394 1845 1554 1880 contemptis
1564 1843 1660 1871 iisdem
1672 1841 1767 1868 debito
1779 1840 1877 1867 honore

1095 1898 1231 1920 auctorem
1250 1882 1386 1918 fraudare.
1400 1889 1455 1916 lmo
1473 1895 1538 1915 vero
1553 1894 1586 1914 ex
1604 1884 1727 1919 ejusdem
1745 1882 1877 1918 Operibus

1094 1936 1201 1964 assidua
1215 1935 1332 1963 lectione
1354 1941 1369 1961 a
1383 1941 1414 1961 se
1425 1932 1559 1964 contritis,
1575 1929 1684 1966 egregia
1702 1934 1819 1963 quaeque
1834 1933 1876 1953 se-

1094 1982 1162 2010 lecta
1183 1982 1210 2009 in
1233 1988 1315 2008 unum
1341 1983 1534 2015 congesserunt
1557 1976 1703 2006 volumen.
1729 1978 1759 2001 et
1778 1973 1813 1999 ob
1839 1978 1878 1998 res

1095 2029 1224 2065 praeclare
1254 2028 1388 2062 cogitatas
1417 2024 1573 2053 Philocaiiae
1608 2021 1687 2049 titulo
1718 2019 1876 2053 inscriptum

1094 2063 1177 2110 lende
1200 2079 1227 2102 et
1253 2073 1395 2108 Origenem
1419 2069 1561 2106 φιλόκαλον
1584 2067 1707 2095 nominat
1731 2063 1877 2098 Gregorius

1095 2122 1278 2150 Nazianzenus
1302 2120 1329 2147 in
1351 2117 1481 2153 epistolis)
1496 2116 1531 2143 ad
1548 2114 1719 2142 Theodorum
1740 2110 1876 2145 Tyaneum

1095 2169 1251 2204 episcopum
1267 2165 1407 2193 miserunt.
1433 2162 1503 2196 Quin
1516 2161 1597 2188 etiam
1623 2158 1748 2185 feruntur
1778 2155 1874 2183 iidem,

1096 2199 1309 2248 quotiescunque
1332 2208 1456 2243 Origenis
1479 2206 1578 2238 scripta
1605 2203 1737 2237 legentes,
1755 2199 1874 2233 dogmata

1097 2244 1182 2293 ipsius
1197 2244 1316 2291 propria,
1329 2260 1356 2282 et
1369 2261 1385 2280 a
1399 2249 1537 2280 communi
1553 2255 1601 2275 usu
1616 2244 1800 2280 discrepantia
1815 2249 1875 2269 uan—

1096 2290 1280 2334 cisceretttur,
1311 2299 1447 2336 geminum
1472 2306 1490 2332 χ
1510 2294 1645 2324 allixisse,
1677 2290 1875 2318 Platonicorum

1096 2358 1182 2383 more,
1196 2349 1242 2385 qui
1261 2334 1323 2376 curn
1347 2346 1487 2374 Platonem
1506 2341 1670 2372 lectitarent,
1688 2338 1750 2365 loca
1766 2334 1875 2370 insignia

1097 2398 1147 2424 hoc
1160 2379 1320 2424 charactere
1333 2393 1481 2420 notabant:
1499 2395 1528 2417 ut
1544 2388 1626 2416 refert
1638 2379 1767 2414 Laertius
1782 2383 1808 2409 in
1823 2381 1876 2408 Pla-

1097 2447 1168 2470 tone.
1190 2441 1248 2468 Hac
1269 2440 1384 2468 lectione
1408 2438 1554 2464 inslrnctus
1578 2438 1691 2467 uterque
1715 2430 1875 2457 Arianorum

1096 2489 1210 2523 impetus
1236 2486 1342 2514 fortiter
1366 2484 1475 2512 retudit.
1496 2482 1524 2509 ld
1544 2488 1577 2508 ex
1600 2479 1714 2507 Socrate
1738 2475 1874 2503 discimus,

1095 2518 1182 2569 quiet
1201 2532 1264 2560 illud
1282 2531 1356 2559 addit
1369 2531 1431 2557 libr.
1451 2537 1488 2560 ιν,
1502 2535 1562 2561 cap.
1578 2525 1624 2557 26,
1639 2523 1721 2557 Μέγα
1735 2521 1792 2569 γᾴρ
1805 2518 1875 2569 κλέος

1095 2565 1126 2605 ἐδ
1144 2577 1298 2614 Ὠριγένους
1318 2575 1379 2603 καθ’
1405 2574 1468 2609 ὅλης
1488 2572 1550 2598 τότε
1577 2570 1626 2605 τῆς
1645 2566 1809 2602 οἰκουμένης
1834 2565 1876 2597 ἐφ-

1097 2613 1217 2661 ήπλωλτο·
1232 2624 1343 2650 «Τοιυιιι
1353 2621 1450 2655 quippe
1458 2619 1549 2646 orbem
1565 2621 1628 2643 tunc
1640 2613 1772 2648 temporis
1788 2617 1874 2644 magna

1097 2658 1222 2707 (lrigenis
1237 2670 1322 2706 gloria
1337 2671 1501 2704 pervaserat.
1513 2674 1522 2690 I
1541 2662 1655 2697 Scriptis
1677 2660 1801 2696 profecto
1815 2658 1875 2690 Apo-

1097 2719 1174 2754 logiis
1191 2717 1268 2745 tutati
1283 2720 1345 2745 sunt
1361 2715 1446 2750 ipsum
1463 2713 1512 2740 viri
1537 2711 1667 2740 illustres,
1692 2714 1747 2741 quo
1765 2708 1873 2737 tempore

1098 2764 1246 2794 defensioni
1262 2763 1319 2796 ejus
1341 2768 1451 2797 operam
1468 2766 1544 2786 suam
1560 2754 1719 2789 Pamphilus
1739 2756 1872 2780 consecra~

1099 2812 1152 2843 bat,
1170 2814 1199 2836 ut
1211 2809 1370 2837 testiﬁcatur
1385 2806 1495 2834 Photius
1507 2803 1566 2830 cod.
1581 2808 1678 2831 cxvnt.
1691 2799 1779 2833 ipsius
1794 2801 1869 2822 latitett

1099 2856 1237 2890 nonnulla,
1265 2854 1434 2884 dissimulato
1456 2853 1519 2881 licet
1537 2851 1597 2886 eius
1619 2850 1741 2880 nomine,
1768 2847 1870 2879 carpuni
