1927 3076
62 142 139 173 1121

522 131 803 165 οιιιοΕΝιΑΝοιιυιι
825 129 886 157 LIB.
908 129 940 162 ll,
958 128 1034 156 CAP.
1056 127 1100 161 IV,
1123 126 1218 155 SECT.
1238 125 1257 153 l.

1613 119 1682 148 H22

66 202 238 232 Athanasius
265 205 292 229 et
312 199 437 228 Basilius.
455 198 500 225 llle
515 198 541 225 in
560 196 619 223 Vim
636 194 740 222 Antonii
760 193 851 228 lapsus
865 193 888 220 Δ
901 191 990 226 inepta
1016 193 1044 217 et
1065 188 1161 223 frigida
1189 186 1340 216 allusione.
1367 179 1463 218 quales
1498 182 1614 218 scriptor
1639 181 1683 208 ille

67 251 234 281 animarum,
259 252 287 275 et
303 245 493 274 conversiones
514 251 529 270 e
554 243 688 270 mentibus
703 241 730 268 in
747 240 851 267 animas

67 294 248 331 reprehendit
271 301 279 321 :
300 293 344 320 hic
368 292 395 318 in
431 291 510 318 tertio
538 287 797 316 Commentariorum
824 285 853 311 in

70 341 258 369 Hexaemeron
275 339 382 366 damnat
397 336 556 371 anagogieas
570 334 653 369 ipsius
663 332 852 368 expositiones,

67 387 175 423 quibus
189 386 301 412 virtutes
319 383 448 418 quasdam
463 381 627 415 superiores,
644 386 703 413 qua:
724 378 811 405 locum
827 377 854 403 in

70 435 149 462 coelo
167 438 259 460 tenere
275 430 377 458 meritae
389 434 465 460 sunt,
477 427 554 462 aquis
567 433 626 461 qua
640 429 703 452 sunt
716 431 796 457 supra
810 423 856 450 lir-

70 484 254 510 mamentum,
268 474 414 511 significari
428 474 523 505 docet;
539 478 599 507 quae
610 478 675 498 vero
691 469 755 496 inde
769 468 857 495 detur-

71 526 146 553 batze
162 527 234 554 sunt,
249 520 326 556 aquis
341 519 426 547 notari
440 525 499 553 qme
517 521 581 544 sunt
594 516 643 543 sub
655 514 734 542 ccelo.

113 570 157 597 VI.
173 570 237 596 Dum
250 575 297 602 pro
309 565 423 600 Origene
434 567 536 591 starent
548 568 687 589 sermones
702 559 749 590 illi,
769 558 857 593 ipsum

72 617 131 645 sibi
147 616 174 643 in
188 612 330 642 scribendo
350 609 536 638 assectandum
553 605 718 642 proponebat
743 604 859 632 Hilarius

74 661 264 690 Pictaviensis.
287 657 385 685 Narrat
400 656 499 691 quippe
519 654 696 688 Hieronymus
711 651 733 667 ¹⁸
748 651 818 679 hunc
832 651 859 677 in

72 708 197 744 Phrygia
222 705 388 734 exsulantem
410 709 534 737 magnam
560 699 728 727 Psalmorum
758 702 860 734 partem

73 751 452 783 commentariis,illustrasse,
472 748 498 775 in
518 754 605 782 eoque
625 753 706 780 opere
729 745 861 772 imitatum

75 800 165 828 fuisse
177 798 328 834 Origenem,
351 794 486 823 nonnullis
501 798 588 820 tamen
611 792 645 819 de
663 797 713 818 suo
733 788 861 823 adjectis;

75 831 265 880 expositiones
293 842 374 869 etiam
400 841 428 867 in
452 839 547 867 Jobum
569 841 597 865 et
623 837 651 863 in
679 831 862 862 Matthaum'e

76 879 177 918 (ἓτξὲεο
189 888 312 924 Origenis
330 886 358 914 in
381 885 497 919 linguam
523 883 645 910 Latinam
673 879 860 907 transfudisse.

77 937 183 964 Auctor
205 940 246 962 εει
263 936 392 968 praeterea
422 930 601 964 Hieronymus
621 926 750 954 Euzoium
772 925 864 952 Caesa-

80 983 201 1011 riensem
212 981 364 1016 episcopum
378 977 501 1012 Gregorii
514 974 676 1003 Nazianzeni
693 971 864 1005 condiscipu-

79 1030 138 1057 lum
154 1033 180 1056 et
193 1026 333 1061 aequalem,
355 1033 364 1050 ι
382 1028 534 1056 corruptam
559 1018 748 1047 bibliothecam
772 1015 865 1050 Orige-

81 1077 127 1104 nis
157 1079 185 1103 et
211 1072 341 1108 Pamphili
368 1071 395 1098 in
430 1067 593 1097 membranis
624 1065 776 1092 instaurare
805 1067 866 1089 esse

80 1127 232 1149 conatum:
248 1128 256 1144 ι
281 1116 457 1152 Origenianas
476 1113 556 1141 etiam
575 1115 665 1146 partes
686 1112 794 1136 secutos
808 1113 868 1134 esse

81 1167 177 1194 Titum
193 1165 350 1192 Bostrorum
362 1161 515 1197 episcopum
525 1178 532 1190 ,
547 1162 575 1185 et
588 1156 728 1190 Didymuin
751 1152 869 1180 Alexan-

82 1213 205 1243 drinum,
222 1216 301 1244 quem
326 1205 525 1242 apertissimum
545 1200 697 1230 Adamantii
717 1204 870 1234 propugna-

83 1264 173 1286 torem
188 1243 313 1291 appellat,
327 1253 425 1288 quique
440 1250 518 1278 editis
537 1249 563 1276 in
581 1248 664 1275 libros
681 1245 753 1280 Περὶ
771 1243 870 1279 ἀρχῶν

83 1290 323 1333 Commentariolis
337 1298 404 1326 nihil
422 1305 474 1325 non
497 1295 676 1324 orthodoxum
690 1293 723 1320 iis
740 1290 870 1319 contineri

85 1349 234 1386 pertendit,
252 1344 476 1382 quemadmodum
496 1347 523 1369 ct
540 1340 681 1369 Eusebius.
699 1337 871 1365 Ambrosium

87 1383 198 1432 quoque
213 1392 451 1422 Mediolanensem,
465 1387 608 1415 Eusebium
624 1383 832 1414 Vercellensem,
845 1385 873 1408 et

89 1427 259 1470 i’ictorinum
272 1437 493 1465 Petabionensem
507 1431 589 1460 multa
605 1430 729 1465 Origenis
742 1428 783 1456 vel
798 1427 873 1455 Lati-

90 1488 170 1516 nitati
188 1487 314 1516 donasse,
329 1482 371 1510 vel
385 1481 503 1509 imitatos
517 1478 600 1506 fuisse
622 1477 706 1504 tradit
724 1475 794 1503 idem
811 1473 874 1501 llic-

90 1539 232 1571 ronymus.
253 1531 319 1558 Tam
341 1531 432 1564 aperte
445 1529 535 1553 autem
552 1523 661 1559 Origeni
677 1521 789 1549 adhaesit
804 1520 873 1548 Gre-

90 1566 185 1616 gorius
196 1578 332 1613 Nyssenus
343 1595 351 1608 ,
367 1578 397 1601 ut
412 1580 464 1600 non
483 1579 544 1600 eutn
564 1570 650 1598 solum
664 1573 820 1604 prosecutus
840 1566 876 1594 sit

91 1613 229 1656 laudibus,
243 1622 291 1650 sed
305 1622 429 1656 dogmata
447 1618 529 1646 etiam
544 1616 603 1651 ejus
621 1615 723 1650 aliquot
739 1613 853 1641 tenuerit
867 1621 875 1639 :

92 1673 162 1699 adeo
184 1675 212 1697 ut
231 1669 265 1696 ab
286 1665 445 1701 Origenistis
469 1667 596 1697 corrupta
614 1661 697 1696 ipsius
718 1660 829 1694 scripta.
846 1662 878 1686 et

93 1718 247 1745 adulterata
270 1711 399 1750 peculiari
416 1710 486 1738 libro
505 1709 693 1736 demonstrare
707 1711 819 1733 conatus
841 1705 878 1732 sit

92 1763 248 1792 Germanus
264 1759 429 1795 patriarcha,
453 1756 531 1791 cujus
555 1758 683 1788 excerpta
708 1753 788 1779 habet
808 1751 878 1778 Pho-

93 1808 151 1836 tius
164 1806 223 1835 cod.
235 1812 364 1834 cetum.
378 1804 459 1831 Certe
471 1802 496 1828 in
512 1799 693 1835 disputatione
716 1798 748 1824 de
760 1797 877 1829 homine,

92 1855 248 1883 animarum
262 1849 432 1887 προῦπαρξιν
451 1852 478 1875 et
495 1844 740 1882 μετενσωμάτωσιν
755 1842 879 1876 reprobat

92 1899 264 1935 tircgorius,
292 1905 307 1924 a
334 1895 444 1922 nomine
474 1898 564 1920 autem
599 1890 723 1924 Origenis
753 1888 879 1915 abstinet.

95 1934 292 1980 Hieronymum
321 1948 427 1977 quoque
456 1940 543 1974 ipsum
566 1937 646 1965 etiam
666 1940 721 1962 tum
743 1934 880 1969 juvenem,

95 1995 282 2029 portentosum
303 1987 428 2022 Origenis
445 1985 590 2020 ingenium,
614 1987 641 2010 et
659 1980 808 2026 singularis
821 1987 882 2006 eru-

95 2022 167 2066 ilitio
189 2038 225 2064 ita
239 2039 377 2070 ceperant,
401 2037 430 2060 ut
452 2032 478 2059 in
498 2031 555 2065 eius
574 2022 668 2056 laudes
687 2034 758 2062 saepe
782 2034 882 2054 excur-

99 2088 184 2115 reret.
202 2087 229 2109 et
241 2089 289 2116 pro
303 2086 378 2106 mero
390 2077 541 2112 Origenista
555 2073 647 2102 haberi
662 2078 751 2108 posset
764 2081 772 2100 :
789 2079 882 2098 verum

98 2137 149 2165 per
177 2128 253 2163 ignes
280 2125 364 2153 cineri
392 2124 485 2151 doloso
513 2121 666 2156 suppositos
703 2119 828 2146 incedere
855 2125 884 2145 se

99 2164 215 2204 subinde
228 2172 390 2206 intelligens,
403 2169 497 2205 pedem
513 2167 614 2199 retulit.
628 2170 657 2193 ut
669 2166 695 2193 in
708 2164 884 2199 sequentibus

99 2220 312 2249 declarahimus.
333 2217 388 2244 Nec
412 2220 451 2242 tot
476 2219 565 2241 tamen
590 2211 745 2246 Origeniani
767 2209 883 2237 nominis

101 2266 224 2302 patronis
255 2262 391 2292 absterriti
413 2266 474 2289 sunt
495 2259 652 2287 Theodorus
674 2256 883 2292 Mopsuestenus

100 2318 130 2341 et
143 2311 316 2347 Apollinaris.
333 2307 476 2343 quominus
494 2305 531 2332 illi
552 2304 639 2339 palam
661 2303 706 2330 hic
720 2302 885 2333 detraheret,

102 2359 150 2386 ille
163 2356 253 2384 multis
266 2356 347 2383 etiam
360 2353 468 2387 scriptis
486 2350 621 2385 opusculis
637 2352 822 2384 oppugnaret;
839 2347 885 2374 sed

103 2405 173 2433 levis
189 2408 230 2431 est
245 2400 371 2429 momenti
388 2398 575 2427 haereticorum
597 2395 735 2423 hominum
746 2393 886 2421 obtrecta-

104 2452 154 2480 tio.
175 2450 276 2477 Auctor
292 2453 399 2482 quoque
419 2444 601 2478 Dialogorum,
618 2441 663 2476 qui
679 2439 795 2468 Casario
816 2438 886 2466 Gre—

104 2497 175 2532 gorii
206 2493 369 2522 Nazianzeni
404 2491 480 2518 fratri
510 2492 692 2517 ascrmuntur,
724 2489 752 2513 et
778 2484 886 2511 Maximi

107 2550 198 2572 tamen
223 2540 338 2569 Caasario
368 2536 541 2569 recentloris,
570 2539 596 2561 et
624 2531 746 2567 Gregorii
774 2529 887 2565 Nysseni

107 2587 268 2624 fragmentis
283 2585 345 2613 farti
364 2587 441 2616 sunt;
457 2587 560 2613 auctor,
583 2580 701 2614 inquam,
723 2577 767 2604 ille
781 2577 813 2604 de
827 2575 888 2603 Ori-

107 2623 177 2672 gene
205 2633 274 2662 male
297 2631 382 2659 sensit
405 2636 437 2656 ac
461 2627 569 2662 scripsit
592 2626 624 2658 ",
656 2623 802 2660 μυθολόγον
828 2628 889 2648 eum

107 2666 255 2717 appellans,
271 2677 354 2708 ἀκοὰς
382 2676 429 2712 μὲν
453 2674 592 2708 θέλγοντα,
619 2670 707 2707 ψυχὰς
724 2669 753 2696 δὲ
775 2668 806 2695 οὐ
825 2666 888 2703 τρέ-

108 2716 210 2764 oon-rw
231 2734 241 2751 ι
255 2725 340 2752 Aures
361 2720 469 2757 quidem
491 2719 668 2749 mulcentem,
694 2716 799 2742 animas
827 2719 890 2738 vero

109 2758 221 2802 minime
255 2769 461 2798 nutrientemn
495 2769 522 2792 et
546 2764 595 2797 τῆς
624 2761 706 2798 ὀργῆς
734 2758 888 2794 ἐπώνυμον,

147 2829 168 2844 ¹²
182 2827 254 2854 llier.
268 2825 306 2852 De
322 2823 410 2857 script.
430 2821 518 2857 coclea.
540 2820 566 2846 in
586 2819 705 2857 Ililario_:_
719 2821 746 2844 et
762 2813 946 2857 lJll)l‘-.’.l'.l‘nli.f.
968 2811 1028 2838 adv.

111 2866 139 2892 in
153 2849 254 2890 ιιιὶἑῗὶί
265 2849 405 2887 Emistin.
435 2856 526 2888 Hicin,
542 2860 569 2882 et
583 2854 661 2888 epist.
673 2852 716 2885 75,
734 2852 792 2879 adv.
810 2849 988 2884 Vigilantiam.

903 235 1071 264 comminisci
1095 237 1228 261 amatzet
1251 230 1441 259 ἀνοσιώτατον.
1468 230 1533 257 Item
1558 229 1683 264 dogmata

902 281 960 315 ejus
977 279 1137 316 δηλητήρια,
1149 277 1306 314 φθοροποιὰ,
1327 276 1391 309 τοὺς
1406 274 1605 310 ἁπλουστέρους
1622 281 1684 301 σκε-

904 327 1011 360 λιζοντα
1023 333 1084 354 esse
1096 325 1171 352 dicit.

941 371 1110 399 Manifestum
1130 376 1210 404 porro
1231 371 1272 395 est
1294 374 1327 395 ex
1349 366 1533 402 superioribus
1553 369 1684 400 quantum

905 416 1035 446 erraverit
1047 415 1184 444 Halloxius
1204 414 1247 442 lib.
1267 421 1293 441 iv
1322 412 1396 447 Orig.
1412 411 1529 446 defens.,
1547 415 1642 446 quaest.
1656 410 1686 443 ι,

907 463 1005 498 aliique
1029 461 1159 492 nonnulli,
1179 460 1224 494 qui
1249 463 1312 486 ante
1335 457 1473 493 Epiphanii
1494 464 1555 483 cum
1583 455 1687 483 Joanne

907 507 1131 543 Jerosolymitano
1143 511 1170 533 et
1184 505 1376 540 Cbrysostomo
1398 501 1579 530 dissensiones
1591 520 1599 533 ,
1626 500 1688 528 Ori-

908 562 1002 590 genem
1016 562 1031 581 a
1046 553 1162 581 neniine-
1173 559 1222 587 pro
1240 550 1367 578 hieretico
1384 548 1506 576 habitum
1527 547 1619 579 fuisse.
1633 546 1689 581 βτί-ο

910 607 1035 634 mnmqne
1049 598 1227 634 Epiphanium
1246 597 1271 624 in
1287 603 1349 624 eum
1366 595 1441 629 signa
1455 593 1571 620 movisse
1587 597 1690 619 memo-

911 647 956 674 ria:
968 645 1143 680 prodiderunt
1159 651 1167 670 :
1186 649 1249 671 nam
1274 650 1284 668 ι
1305 639 1379 668 velut
1402 638 1556 667 haretictun
1578 640 1690 664 accusa-

911 697 967 719 tum
982 700 991 717 I
1012 690 1095 717 fuisse
1108 689 1208 716 diserte
1220 686 1317 714 scribit
1335 684 1491 719 Pamphilus
1505 683 1531 711 in
1543 682 1668 717 Apologia
1681 689 1690 713 ,-

912 740 938 763 et
948 741 1029 770 quam
1042 733 1168 768 gravibus
1181 735 1319 767 peteretur
1331 728 1490 757 criminibus
1500 727 1623 755 declarat
1636 726 1692 760 ipsa

912 781 970 808 hzcc
987 779 1124 814 Apologia,
1146 785 1207 805 nam
1232 785 1242 802 ι
1257 776 1344 810 lpsum
1364 781 1460 802 nomen
1488 771 1666 807 Apologetici,
1681 779 1691 796 ι

914 832 943 855 ut
955 827 992 853 ait
1005 826 1181 861 Hieronymus
1188 823 1267 858 epist.
1281 822 1315 849 65
1328 821 1360 849 ad
1371 819 1528 847 Pammach.
1540 823 1566 846 et
1578 818 1693 848 Ocean.,

878 861 900 890 Β
916 881 926 899 t
939 871 1055 900 ostendit
1071 869 1287 901 accusationem;
1308 874 1360 894 non
1377 865 1449 892 enim
1470 862 1622 891 defenditur
1643 860 1695 888 nisi

914 919 985 954 quod
1000 918 1027 945 in
1039 917 1153 945 crimine
1166 920 1225 949 est;
1240 924 1250 940 ι
1273 912 1411 940 declarant
1424 915 1451 938 et
1468 909 1603 943 Apologia:
1617 915 1694 935 com-

915 966 1005 1001 plures
1017 971 1103 999 quaaa
1116 962 1207 990 multis
1224 960 1313 995 magni
1335 957 1451 986 nominis
1472 956 1540 984 viris
1562 954 1694 989 Pamphili

915 1014 1035 1044 tempore
1046 1015 1094 1043 pro
1107 1007 1222 1041 Origene
1233 1005 1393 1038 conscripta:
1402 1007 1474 1031 sunt.
1486 1001 1542 1029 Nec
1554 1004 1696 1036 repugnat,

915 1056 986 1093 quod
998 1054 1163 1090 Augustinus
1173 1053 1369 1087 Hieronymum
1387 1054 1466 1085 rogat
1482 1057 1531 1084 per
1543 1048 1697 1082 epistolam,

918 1107 948 1131 ut
959 1100 1146 1135 sibi-Origenis
1163 1106 1271 1126 errores
1288 1097 1407 1133 aperiat;
1423 1103 1484 1123 nam
1498 1099 1607 1130 propter
1620 1093 1698 1121 Gras-

919 1157 957 1178 cte
970 1149 1066 1183 lingua!
1085 1146 1229 1179 inscitiam,
1249 1145 1275 1172 in
1298 1151 1330 1171 ea
1349 1142 1518 1178 ignoratione
1538 1140 1590 1168 fuit
1609 1140 1699 1176 Augu-

918 1195 1018 1223 stinus.
1434 1219 1441 1226 η

956 1240 1009 1268 Vll.
1025 1239 1119 1267 Adhuc
1142 1245 1203 1265 cum
1225 1235 1341 1271 Origene
1366 1234 1496 1270 praeclare
1517 1237 1607 1260 actum
1629 1236 1700 1264 erat,

920 1293 1007 1321 neque
1020 1289 1124 1312 tantum
1140 1283 1177 1309 illi
1199 1281 1351 1317 ignominia:
1368 1281 1523 1307 inusserant
1542 1277 1701 1309 adversarii,

921 1337 1048 1367 quantum
1061 1328 1236 1359 celebritatis,
1254 1327 1448 1354 inclarescente
1461 1325 1487 1351 in
1502 1324 1561 1351 dies
1572 1322 1702 1350 dei-trinae

922 1379 1003 1408 fama,
1019 1375 1106 1403 fuerat
1118 1374 1230 1408 adeptus
1242 1380 1249 1405 ;
1262 1380 1322 1399 cum
1334 1370 1467 1404 susceptis
1481 1368 1611 1404 quosdam
1632 1367 1703 1394 inter

921 1421 1118 1451 ecclesiasticos
1139 1419 1212 1446 viros
1225 1417 1388 1448 inimicitiis,
1413 1415 1510 1450 partim
1530 1413 1704 1449 Origenismi,

923 1468 1021 1504 partim
1041 1465 1140 1503 privati
1165 1466 1218 1493 odii
1243 1472 1336 1497 causa,
1354 1461 1480 1490 inanimis
1502 1460 1620 1488 mo'tibus
1645 1459 1704 1486 uni-

925 1503 1004 1541 versa
1019 1512 1138 1540 Ecclesia
1150 1517 1289 1538 concussa
1307 1513 1359 1536 est.
1382 1507 1458 1541 Quod
1473 1506 1495 1533 si
1510 1509 1637 1533 accurate
1649 1503 1706 1530 sin-

927 1559 988 1594 gula
1001 1557 1153 1585 consectari
1171 1555 1248 1583 nobis
1261 1559 1333 1582 esset
1353 1552 1530 1587 propositum,
1551 1550 1577 1577 in
1594 1550 1706 1577 immen-

926 1614 986 1635 sum
1012 1608 1148 1633 cresceret
1169 1602 1239 1629 istud
1258 1607 1342 1634 opus,
1366 1603 1394 1625 et
1420 1597 1489 1625 ultra
1514 1597 1707 1629 circumseptos

927 1651 1108 1681 lucubrationi
1139 1649 1204 1676 huic
1230 1647 1363 1675 cancellos
1392 1650 1618 1674 excurrerent-ns,
1643 1641 1708 1669 adeo

928 1699 1005 1731 longa
1021 1702 1063 1724 est
1077 1695 1186 1730 injuria,
1198 1694 1282 1728 longae
1294 1691 1436 1725 ambages;
1449 1690 1495 1717 sed
1514 1695 1618 1716 summa
1641 1687 1709 1714 dun-

929 1749 1004 1771 taxat
1019 1749 1108 1770 rerum
1130 1740 1235 1774 fastigia
1249 1743 1453 1773 persequemur.
1472 1734 1547 1768 Quod
1565 1739 1594 1761 ut
1615 1733 1708 1760 ordine

929 1791 1064 1825 procedat,
1080 1796 1124 1815 res
1137 1787 1217 1813 altius
1239 1784 1383 1819 repetenda
1404 1786 1456 1810 est.
1478 1780 1668 1808 Consentiente
1681 1779 1707 1806 in

929 1835 1052 1870 Origeuis
1066 1833 1160 1861 laudes
1178 1836 1234 1859 toto
1251 1828 1443 1866 propemodum
1456 1827 1534 1859 orbe,
1550 1825 1661 1860 contigit
1681 1830 1711 1852 ut

930 1880 1050 1910 nonnulli
1074 1879 1183 1915 egregia
1211 1877 1272 1911 ejus
1294 1876 1364 1903 dicta
1390 1875 1514 1909 factaque
1542 1880 1590 1908 pro
1614 1872 1710 1904 merito

929 1927 1104 1958 demirantes,
1121 1924 1205 1958 ipsius
1220 1921 1301 1949 etiam
1323 1927 1430 1947 errores
1450 1926 1545 1953 parum
1568 1918 1712 1953 prudenter

931 1976 1080 2003 tuerentur,
1094 1970 1191 1998 studiis
1206 1968 1263 1995 suis
1277 1965 1410 1993 moderari
1427 1965 1592 1996 nescientes,
1617 1963 1712 1998 Orige-

932 2019 1012 2052 nique
1032 2022 1103 2044 recte
1116 2014 1241 2043 sentienti
1258 2013 1453 2043 adhaerescere,
1468 2009 1569 2038 erranti
1590 2010 1712 2036 nuntium

933 2061 1157 2092 remittere.Hine
1166 2059 1261 2094 duplex
1279 2058 1378 2093 prodiit
1393 2056 1603 2091 Origenistarum
1617 2062 1712 2090 genus,

932 2107 1148 2142 orthodoxoruml
1178 2111 1205 2135 et
1233 2105 1475 2133 Vlieterodororum.
1505 2101 1577 2129 lnter
1619 2103 1713 2130 ortho~

934 2157 1018 2184 doxos
1032 2155 1167 2191 ponimus,
1184 2152 1230 2186 qui
1245 2152 1367 2186 proxime
1388 2148 1488 2176 lauda-ti
1509 2152 1582 2180 sunt,
1603 2147 1712 2182 Origeni

899 2206 920 2233 D
934 2209 1040 2230 summa
1057 2200 1150 2228 omnia
1164 2197 1266 2226 calculo
1281 2204 1330 2224 suo
1346 2195 1504 2227 tribuentes,
1532 2194 1564 2220 ab
1592 2193 1650 2227 ejus
1673 2193 1714 2219 vel

936 2247 1115 2278 discedentes,
1135 2245 1177 2272 vel
1192 2243 1330 2271 discedere
1348 2247 1456 2277 paratos
1470 2239 1617 2271 erroribus,
1635 2238 1715 2266 simul

936 2300 1016 2329 atque
1033 2293 1147 2321 fuissent
1163 2289 1305 2326 perspecti,
1332 2293 1358 2315 et
1383 2287 1416 2314 ab
1444 2286 1563 2313 Ecclesia
1585 2284 1714 2312 damnati.

937 2340 1032 2368 Iisdem
1042 2345 1217 2366 accensemus
1230 2335 1358 2363 Joannem
1373 2332 1605 2367 Chrysostomum,
1630 2330 1717 2357 Theo-

938 2387 1032 2414 timum
1044 2384 1226 2415 Tomitanum,
1239 2381 1376 2415 ctaliquos
1386 2386 1419 2406 ex
1433 2378 1466 2405 iis
1479 2385 1547 2412 quos
1557 2375 1716 2411 Origeniami

938 2438 1019 2460 causa
1031 2434 1143 2457 vexatos
1160 2428 1243 2455 fuisse
1256 2426 1326 2454 infra
1343 2423 1531 2454 narrabimus;
1545 2421 1718 2449 heterodoxis

939 2475 1098 2504 ascribimus
1109 2472 1248 2509 Dydimum
1263 2469 1484 2500 Alexandrinum,
1495 2466 1626 2494 Joannem
1640 2465 1719 2493 Jeru-

939 2521 1140 2558 solymitanum,
1157 2517 1300 2552 Evagrium
1318 2515 1470 2547 Ponticum,
1484 2512 1628 2540 Palladium
1642 2510 1719 2539 Gala-

940 2556 1006 2600 tam,
1021 2567 1151 2594 Isidorum
1163 2584 1171 2598 ,
1203 2563 1341 2594 Ruﬁnum,
1365 2565 1394 2588 et
1415 2559 1567 2595 complures
1583 2565 1616 2584 ex
1632 2556 1716 2592 Agy-

941 2615 1003 2651 ptiis
1030 2612 1168 2641 monachis
1196 2610 1242 2645 qui
1266 2607 1381 2635 Nitriam
1416 2612 1533 2633 montem
1548 2603 1718 2635 incolebant,

942 2648 1063 2697 quosque
1073 2656 1248 2693 IOrigenismi
1268 2660 1372 2681 veneno
1387 2652 1490 2687 primos
1505 2650 1587 2678 fuisse
1602 2648 1720 2676 imbutos

944 2695 1155 2735 narratNicetas
1169 2702 1295 2730 Tliuaur.
1319 2697 1425 2726 ortliod.
1447 2697 1494 2731 Μ.
1511 2697 1572 2723 libr.
1593 2703 1630 2727 iv,
1654 2695 1720 2722 hatr.

943 2754 988 2782 51.
1014 2750 1146 2780 Peculiari
1166 2744 1360 2776 commentario
1382 2742 1548 2777 Origenistas
1575 2741 1721 2769 monachos

1054 2808 1140 2842 Ruﬁn.
1153 2813 1212 2842 cap.
1230 2804 1258 2835 2,
1275 2807 1302 2830 et
1320 2801 1381 2842 libr.
1406 2808 1436 2834 ll,
1451 2805 1477 2827 c.
1491 2798 1526 2831 4;
1565 2803 1592 2827 et
1614 2799 1720 2834 Prolog.

1028 2845 1048 2861 η
1065 2837 1169 2874 Dialog.
1183 2837 1210 2873 3,
1228 2846 1298 2868 reso.
1320 2837 1380 2865 15L

888 1537 910 1566 C
