1927 3076
247 104 316 133 “9.3

871 101 902 129 P.
921 99 1079 128 DANIELIS
1093 99 1211 130 HUETll

1799 102 1866 129 "-21

246 166 356 193 lamiare
368 165 520 192 instituerat
533 163 656 196 Ruﬁnus.
673 163 746 191 utab
768 163 930 198 Hieronymo
949 169 1026 190 acce-
1041 163 1064 192 Α
1077 171 1185 198 genem,
1202 163 1243 191 vel
1259 170 1306 197 pro
1327 163 1444 199 Origene
1463 166 1621 198 argumenta
1641 161 1769 189 studiose
1792 161 1868 187 colli-

246 211 346 245 pimus,
376 209 452 243 cujus
485 209 541 236 lucc
560 214 625 236 sunt
652 209 732 236 verba
758 210 793 236 ad
819 208 1025 243 Ctesiphontem.

246 263 306 290 cap.
322 256 339 282 Ξ
355 264 363 282 :
383 264 393 280 ί
404 255 513 282 Librum
525 262 632 290 quoque
654 255 763 290 scripsit
783 256 858 291 quasi
886 255 918 282 de
935 262 1027 282 mona-

244 302 313 332 chis,
326 300 476 334 multosque
493 300 519 327 in
535 307 568 327 eo
581 306 732 333 enumerat,
758 302 803 335 qui
821 308 955 335 nunquam
970 300 1027 327 fue-

245 350 319 378 runt,
345 350 373 373 et
399 353 468 380 quos
492 345 576 373 fuisse
599 346 705 378 scribit,
733 345 913 381 Origenistas,
940 350 968 373 et
993 345 1027 373 ab

244 391 378 426 episcopis
395 393 535 418 damnatos
555 398 615 419 esse
640 399 694 420 non
713 392 823 419 dubium
837 396 890 421 est.
918 392 1026 419 Ammo-

244 435 318 462 nium
349 435 483 467 videlicet,
508 440 535 463 et
557 436 718 470 Eusebium;
747 441 775 464 et
800 436 972 470 Euthymion,
1000 440 1028 464 et

245 481 331 515 ipsum
345 481 498 516 Evagrium,
511 480 548 508 0r
561 489 678 516 quoque,
698 487 725 508 et
736 481 876 513 lsidorum,
888 486 915 508 et
931 482 1027 509 mullos

244 525 322 558 alios,
341 532 411 560 quos
424 532 585 553 enumerare
607 526 715 552 taedium
729 530 782 553 est.
814 526 846 553 Et
866 526 942 561 juxta
963 525 1026 553 illud

250 571 367 599 Lucretii
380 579 388 598 :

333 626 370 652 Ac
385 625 463 653 veluti
481 627 568 661 pueris
582 626 714 654 absinthia
733 631 796 654 tetra
809 627 937 654 medentes

333 662 398 688 Cum
413 663 475 688 dare
492 667 631 693 conantur,
651 663 724 695 prius
740 670 801 689 oras
820 663 913 696 pocula
927 662 1025 688 circum

333 696 492 731 Contingunt
509 697 591 723 mellis
604 697 674 723 dulci
689 698 806 732 ﬂavoque
821 697 919 731 liquore
931 697 952 712 ¹¹⁵
965 705 972 730 ;

245 755 280 782 ita
298 755 341 782 ille
355 763 437 781 unum
456 754 588 782 Joannem
609 754 635 782 in
657 755 739 790 ipsius
759 755 821 783 libri
846 755 936 790 posuit
951 756 1028 791 prin-

244 801 325 835 cipio,
341 808 420 834 quem
439 806 466 827 et
482 800 645 828 catholicum
672 805 700 828 et
721 806 843 828 sanctum
865 801 948 829 fuisse
971 809 1023 828 non

244 847 353 873 dubium
371 850 422 877 est,
436 851 465 873 ut
481 854 528 879 per
550 846 621 873 illius
633 847 804 874 occasionem
820 852 943 879 caeteros,
960 855 1027 882 quos

244 897 371 927 posuerat
380 892 532 925 haereticos,
539 891 664 920 Ecclesiae.
671 893 863 921 introduceret.
877 902 886 919 ι
895 892 1025 921 Joannem

244 938 467 974 Chrysostomnm
486 938 529 966 his
550 938 698 974 significari
723 945 796 967 recte
815 940 913 967 asserit
930 939 1028 966 Maria-

245 992 295 1012 nus
309 984 442 1012 Victorius
455 993 463 1018 ;
476 985 523 1012 sed
536 985 648 1017 fallitur,
664 985 744 1012 alium
759 986 829 1013 hunc
840 994 900 1013 esse
913 986 1028 1021 opinans

246 1030 389 1066 Evagrium
405 1030 439 1057 ab
458 1031 572 1066 Evagrio
594 1031 705 1059 Pontico
724 1031 910 1068 Hyperborita,
929 1033 966 1060 uti
993 1033 1028 1060 ab

247 1076 410 1111 Hieronymo
422 1077 484 1103 alibi
505 1077 665 1112 appellatur.
685 1077 914 1111 Quemadmodum
938 1083 1026 1106 autem

244 1121 413 1156 Origeuistas
431 1122 527 1149 Latine
542 1122 681 1150 celebrare
704 1123 817 1150 lluliuus
833 1123 968 1157 instituit;
991 1125 1028 1152 ita

247 1167 360 1202 idipsnm
375 1166 467 1194 Graece
484 1174 499 1194 a
521 1166 639 1194 Palladio
655 1167 754 1194 factum
775 1172 827 1199 est.
854 1167 880 1194 in
899 1167 1028 1194 Lauriuca

244 1212 354 1239 historia
371 1220 382 1239 :
395 1220 448 1246 quo
465 1220 545 1247 opere
569 1212 660 1239 lsidori
674 1231 682 1244 ,
709 1212 853 1245 Dorothei,
875 1212 1022 1246 Ammonii,

247 1257 365 1292 Evagrii.
389 1258 438 1290 Or.
467 1258 636 1285 Potamimme
662 1258 788 1294 Origenis
807 1259 955 1293 discipulae,
982 1258 1029 1285 Di-

245 1303 332 1338 dymi,
346 1303 515 1338 aliorumque
529 1304 682 1331 Adamantii
696 1308 860 1331 sectatorum
875 1304 944 1331 vitas
956 1311 1030 1331 com-

245 1348 339 1382 plexus
353 1352 403 1375 est.
422 1348 506 1375 Porro
522 1356 570 1376 nos
583 1357 757 1384 quoscunque
769 1349 839 1376 inter
854 1349 1031 1376 heterodoxos

245 1393 414 1428 Origenistas
439 1395 575 1429 ponimus,
597 1402 644 1429 pro
667 1394 801 1422 hmreticis
824 1394 917 1421 haberi
934 1395 1029 1426 velim;

246 1438 402 1466 tralatitium
418 1440 489 1467 enim
503 1445 555 1473 est,
571 1448 622 1467 non
634 1447 767 1472 errorem.
780 1440 826 1466 sed
839 1439 1031 1474 pertinaciam,

247 1485 402 1512 ltmrcticum
420 1485 520 1512 facere.
535 1485 657 1518 Melania,
669 1489 741 1520 puta,
751 1493 785 1513 ex
798 1485 849 1513 hoc
861 1486 924 1513 licet
939 1493 1029 1521 grege,
1043 1506 1066 1538 ο

246 1531 319 1558 inter
338 1535 448 1558 sanctos
472 1536 560 1559 tamen
581 1531 665 1558 relata
688 1535 748 1564 est;
775 1536 802 1558 et
827 1538 861 1558 ex
890 1532 1030 1559 monachis

247 1576 301 1604 illis
329 1575 511 1605 Nitriensibus
550 1577 670 1604 nonnulli
702 1578 728 1605 in
759 1578 967 1613 pseudoaynodo
996 1578 1030 1605 ad

247 1624 381 1657 Quercum
399 1624 490 1651 habita
512 1628 602 1651 errata
615 1631 663 1652 sua
677 1624 729 1652 sibi
745 1625 894 1652 condonari
909 1624 1029 1660 postula-

246 1675 308 1696 runt
326 1674 353 1697 et
365 1670 552 1705 impetrarunt.

280 1717 368 1751 Atque
391 1717 448 1744 haec
478 1717 692 1752 Origenistarum
722 1717 859 1746 distinctio
888 1718 1031 1753 diligenter

245 1762 362 1788 notanda
381 1767 444 1789 est:
460 1770 521 1789 nam
547 1764 694 1791 monachos
714 1763 773 1792 illos
795 1763 959 1797 Nitrienses,
984 1765 1030 1799 qui

246 1805 298 1832 hac
311 1811 470 1840 tempestate
485 1807 703 1842 Origcnistarum
725 1809 903 1843 appellatione
919 1809 1030 1836 infama-

246 1851 353 1883 bautur,
373 1851 515 1878 hzereticos
543 1853 629 1880 fuisse
652 1859 744 1881 censet
765 1861 860 1882 omnes
885 1854 1028 1888 Baronius,

245 1904 295 1924 nec
308 1902 361 1924 tam
374 1896 498 1932 Origenis
510 1899 604 1932 gloria:
615 1898 727 1932 favisse,
739 1907 819 1934 quam
835 1900 919 1935 ipsius
936 1901 1031 1935 opina-

245 1942 363 1969 tionibus
384 1944 519 1970 mordicus
547 1944 693 1972 adhatsisse
722 1951 806 1979 :qute
835 1945 898 1972 mihi
926 1945 1031 1972 videtur

245 1989 376 2016 sententia
409 1989 603 2024 Chrysostomo
641 1994 668 2017 et
711 1990 852 2018 Theotimo
884 1990 1027 2018 Tomitana

245 2035 383 2069 episcopo,
398 2036 578 2063 sanctissimis
601 2037 678 2068 viris,
699 2044 828 2072 perquam
852 2045 913 2064 esse
933 2043 1030 2065 contu-

246 2081 366 2108 meliosa.
399 2081 439 2108 Ab
456 2082 521 2116 ipsis
536 2082 580 2109 alii
594 2090 703 2110 omnem
727 2083 826 2110 erroris
849 2083 1029 2118 suspicionem

245 2132 363 2154 amotam
377 2134 438 2154 esse
454 2128 557 2160 volunt,
575 2132 603 2155 et
623 2128 705 2156 totius
730 2129 941 2157 concertationis
962 2129 1029 2157 invi—

1078 211 1211 245 gentibus,
1222 210 1329 237 minime
1343 217 1409 237 sane
1420 209 1511 236 fuisset
1522 208 1749 243 praetermissum.
1765 205 1868 237 Super-

1077 261 1121 283 est
1145 256 1237 290 igitur,
1258 260 1288 282 ut
1310 255 1430 282 dicamus
1451 254 1618 288 Origenistas
1643 252 1733 278 fuisse
1754 250 1869 284 duplicis

1077 303 1200 338 generis,
1215 302 1389 333 orthodoxos.
1399 307 1425 329 et
1437 301 1634 332 heterodoxos;
1649 303 1680 326 et
1697 296 1870 325 invidiosum

1077 349 1130 376 hoc
1145 356 1241 376 nomen
1266 348 1357 375 multis
1374 347 1527 379 uimmerito,
1544 346 1668 381 pluribus
1695 344 1783 371 etiam
1813 343 1870 377 iure

1077 394 1159 422 fuisse
1172 394 1310 421 tributum.
1325 392 1416 420 Fidem
1430 391 1547 426 opinioni
1564 395 1663 418 nostra!
1684 389 1794 416 faciunt
1809 388 1870 415 hinc

1076 439 1170 467 Graeca
1186 438 1346 474 menologia.
1365 445 1425 472 qua).
1442 436 1587 464 nonnullos
1607 443 1640 463 ex
1654 433 1831 470 Origenistis
1845 433 1869 460 in

1076 490 1232 513 sanctorum
1254 484 1342 511 album
1376 483 1514 514 referunt,
1547 487 1574 509 et
1598 485 1724 515 spectata
1748 479 1870 514 Chryso-

1076 532 1156 559 stomi
1171 531 1255 558 virtus
1277 537 1308 557 ac
1330 529 1430 564 pietas,
1448 529 1495 564 qui
1516 536 1561 556 eos
1580 528 1616 555 ita
1644 531 1752 554 tutatus
1774 529 1830 556 est,
1844 528 1871 551 ut

1078 577 1200 604 eamdem
1226 583 1332 611 quoque
1349 575 1400 602 sibi
1425 574 1632 609 appellationem
1657 571 1867 602 conscisceret;

1078 621 1138 649 inde
1153 621 1306 656 Hieronymi
1320 625 1347 647 et
1360 619 1502 654 Epiphanii
1517 617 1640 653 partibus
1663 617 1717 644 illis
1734 617 1869 643 haereseos

1077 672 1166 694 notam
1181 666 1373 702 imponentium
1392 663 1556 692 testificatio.
1570 662 1699 690 Profecto
1712 669 1768 688 non
1785 668 1865 687 uuam

1078 711 1161 739 fuisse
1171 710 1382 746 Origenistarum
1391 710 1509 738 omnium
1522 708 1684 740 doctrinam,
1694 713 1747 733 nec
1757 706 1866 732 eosdem

1077 766 1166 785 mores
1178 757 1243 785 satis
1254 765 1287 784 ex
1303 756 1453 792 Epiphanio
1463 755 1606 786 evincitur,
1625 753 1672 788 qui
1697 753 1767 780 baar.
1784 751 1820 778 65
1842 755 1867 777 et

1077 803 1122 836 64,
1139 803 1273 838 geminum
1297 802 1402 828 illornm
1417 800 1537 834 agnoscit
1551 805 1633 834 genus
1648 804 1655 824 :
1673 796 1700 824 in
1716 802 1775 830 quo
1799 795 1865 821 licet

1079 849 1178 876 incerta
1195 847 1352 883 prodiderit,
1365 851 1394 874 et
1406 850 1464 881 post
1476 845 1562 880 ipsum
1581 842 1762 878 Augustinus,
1781 840 1867 868 mulli.-

1079 896 1173 931 plicem
1188 900 1276 923 tamen
1292 894 1431 922 hominum
1447 892 1552 919 illorum
1567 891 1651 918 fuisse
1663 893 1768 917 sectam
1785 895 1821 915 ex
1835 894 1866 914 eo

1077 942 1247 977 perspicuum
1262 946 1313 968 est.
1335 939 1408 967 Inter
1422 947 1468 967 eos
1484 944 1514 966 ut
1534 936 1715 973 integerrimis
1742 933 1865 962 nonnulli

1078 989 1185 1015 fuerunt
1201 987 1330 1018 moribus,
1339 986 1376 1013 ita
1390 986 1488 1014 undam
1500 984 1636 1012 libidinem
1647 986 1675 1009 et
1685 980 1866 1009 Onanismum

1080 1033 1184 1067 aliquos
1199 1032 1354 1060 exercuisse
1369 1030 1495 1058 referenti
1510 1029 1657 1065 Epiphanio
1672 1027 1757 1054 facile
1769 1026 1862 1057 credo;

1078 1078 1208 1114 quidquid
1221 1077 1388 1105 contradicat
1399 1075 1538 1104 Halloxius
1550 1082 1558 1102 :
1572 1081 1605 1102 ex
1615 1079 1703 1108 eoque
1716 1071 1862 1098 adductqu

1078 1123 1200 1158 suspicor
1216 1121 1406 1157 Epiphanium,
1425 1125 1525 1148 utcum
1544 1123 1675 1154 praeterea
1688 1123 1752 1155 ~non
1772 1115 1862 1143 eadem

1078 1170 1177 1197 sentire
1189 1168 1358 1203 Origeuistas
1372 1174 1468 1194 omnes
1484 1164 1645 1196 inaudisset,
1660 1166 1772 1199 putaret
1789 1165 1863 1193 turpe

1079 1215 1143 1242 illud
1160 1214 1269 1245 factum,
1294 1212 1366 1248 quod
1387 1219 1490 1239 morum
1517 1215 1577 1237 erat
1601 1210 1703 1242 vitium,
1735 1207 1863 1234 doctrina:

1079 1268 1197 1289 errorem
1219 1259 1313 1292 fuisse,
1333 1264 1416 1294 atque
1432 1258 1469 1284 ita
1485 1256 1619 1292 duplicem
1636 1259 1739 1282 sectam
1761 1252 1861 1280 consti-

1081 1311 1177 1334 tueret.
1197 1306 1299 1334 Utmiti
1312 1305 1432 1340 plerique
1444 1304 1553 1331 fuerunt
1566 1302 1684 1337 ingenio,
1701 1301 1738 1327 ita
1756 1304 1863 1326 conten-

1080 1353 1140 1380 tiosi
1172 1353 1228 1386 alii,
1253 1350 1400 1380 refractarii
1424 1354 1452 1377 et
1466 1347 1697 1380 cervicosi;velnt
1711 1353 1758 1380 qui
1782 1345 1861 1370 thro-

1081 1399 1154 1435 philo
1170 1397 1350 1426 Alexandrino
1375 1395 1480 1432 praesuli
1504 1393 1635 1421 violentas
1661 1397 1747 1426 prope
1770 1395 1862 1416 manus

1081 1445 1238 1477 intulerunt,
1259 1449 1289 1471 ut
1312 1443 1452 1470 dicemus:
1468 1440 1574 1468 dicaces
1590 1438 1636 1465 alii
1653 1442 1680 1464 et
1700 1435 1860 1472 petulantes.

1081 1493 1201 1521 dicteriis
1213 1498 1283 1526 saepe
1293 1494 1320 1518 et
1330 1487 1499 1517 contumeliis
1509 1486 1662 1516 Catholicos
1673 1483 1860 1513 lacessebant;

1080 1542 1152 1566 velut
1177 1539 1202 1565 in
1222 1545 1270 1570 eo,
1292 1537 1362 1570 quod
1384 1542 1536 1566 narramus,
1565 1532 1688 1564 dissidio,
1707 1529 1861 1558 Catholicos

1081 1584 1248 1621 appellabant
1262 1583 1420 1614 Pelusiotas,
1429 1581 1500 1616 quod
1516 1585 1641 1614 tanquam
1657 1577 1715 1604 luto
1733 1575 1861 1605 immersi,

1080 1635 1107 1658 et
1121 1630 1195 1657 curvi
1211 1629 1237 1656 in
1256 1635 1342 1656 terras
1359 1635 1390 1654 ac
1414 1626 1564 1655 cmlestium
1584 1625 1679 1652 inanes
1694 1626 1808 1653 essent;
1831 1621 1862 1646 ad

1079 1683 1172 1702 vocem
1195 1675 1292 1710 πῆλος,
1308 1679 1335 1700 et
1352 1680 1448 1700 nomen
1468 1671 1577 1702 Pelusii,
1605 1669 1632 1697 in
1650 1667 1860 1704 Origenistarum

1080 1721 1267 1752 Nitrieusium,
1282 1724 1413 1746 eteorum
1435 1718 1481 1752 qui
1502 1718 1528 1744 in
1553 1715 1694 1743 Palaestina
1721 1713 1859 1748 degebant.

1081 1766 1178 1794 vicinia
1193 1766 1250 1799 siti,
1266 1765 1362 1800 frigido
1378 1769 1405 1792 et
1423 1764 1528 1791 scurrili
1544 1763 1605 1797 joco
1622 1760 1783 1788 alludentes.
1802 1758 1862 1784 Hie-

1082 1820 1209 1848 ronymus
1218 1812 1296 1846 epist.
1304 1811 1348 1844 61,
1363 1813 1396 1838 ad
1414 1809 1651 1843 Pammach.,cap.
1663 1807 1697 1834 5:
1715 1815 1724 1831 ‹
1742 1804 1788 1832 Hae
1804 1808 1862 1831 sunt

1080 1859 1197 1893 strophae
1212 1863 1310 1885 vestrm
1330 1862 1410 1892 atque
1422 1855 1572 1890 praestigiae.
1590 1854 1690 1888 quibus
1713 1859 1763 1879 nos
1784 1850 1859 1877 Prlu-

1081 1906 1174 1938 siotas,
1196 1909 1223 1933 et
1241 1904 1377 1938 iumenta,
1402 1908 1429 1930 et
1455 1901 1585 1929 animales
1612 1900 1735 1927 homines
1762 1898 1857 1926 dicitis.

1081 1951 1208 1985 quianon
1224 1949 1367 1984 recipimus
1387 1956 1419 1975 ea
1439 1954 1498 1981 quas
1522 1946 1633 1981 spiritus
1655 1949 1728 1972 sunt.
1744 1953 1753 1969 ι
1780 1941 1860 1969 Baro-

1081 1997 1154 2024 nium
1170 1995 1239 2030 fugit
1254 1994 1316 2021 dicti
1333 1994 1411 2028 hujus
1429 1991 1590 2027 signiﬁcatio
1601 2012 1608 2022 ,
1622 1995 1649 2017 et
1665 1998 1733 2025 pro,
1764 1998 1774 2014 ι
1786 1988 1860 2015 Pelu-

1080 2042 1173 2074 siotas,
1186 2050 1196 2067 ›
1225 2041 1273 2074 legi
1294 2041 1379 2074 jubet.
1410 2038 1584 2068 «Pilosiotas,
1597 2047 1605 2062 ι
1626 2037 1699 2071 quod
1726 2040 1860 2062 uterentur

1081 2086 1239 2121 Origenista‘.
1265 2093 1275 2110 α
1289 2085 1339 2112 hac
1359 2091 1434 2116 voce,
1466 2083 1639 2118 suggillantes
1655 2086 1738 2114 atque
1751 2079 1859 2106 subsan-

1081 2136 1176 2160 nantes
1191 2131 1353 2163 Catltolicos,
1376 2130 1453 2164 quasi
1473 2129 1614 2156 crederent
1637 2132 1761 2154 mortuos
1775 2132 1859 2153 resur-

245 2172 316 2199 diam
336 2179 496 2200 convertunt
515 2174 540 2201 in
561 2174 701 2209 episcopos
713 2174 876 2210 Origenistis
897 2175 1027 2207 infensos,
1046 2175 1067 2202 D
1080 2183 1200 2206 recturo;
1211 2178 1292 2204 etiam
1309 2185 1369 2204 cum
1392 2177 1464 2212 pilis,
1486 2175 1547 2202 dum
1569 2177 1641 2200 recte
1667 2172 1792 2199 dicere"!
1817 2177 1859 2197 ⁸30³

245 2225 313 2252 quos
329 2220 445 2254 propriis
460 2220 643 2247 simultatibus
659 2220 822 2255 Origenismi
834 2229 943 2249 causam
959 2229 1027 2256 pra:-

247 2267 378 2296 texentes,
393 2265 483 2300 inique
503 2267 574 2294 viros
590 2267 710 2295 insontes
725 2275 839 2295 vexasse
853 2269 1026 2302 perlenduut;

247 2309 428 2344 piis-simorum
459 2312 598 2339 hominum
632 2309 788 2349 Hieronymi
819 2319 847 2341 et
885 2313 1027 2348 Epiphanii

247 2356 436 2383 auctoritatem
470 2365 501 2384 ac
532 2359 715 2386 testimonium
742 2360 851 2394 insuper
876 2360 1027 2392 habentes,

246 2400 334 2436 iisque
342 2401 466 2435 Palladii,
478 2404 545 2430 meri
560 2403 733 2439 Origenistaa,
747 2412 762 2432 a
774 2413 827 2440 quo
839 2405 1026 2446 Chrysostomi

246 2447 301 2473 vita
313 2447 464 2482 conscripta
480 2453 533 2482 est,
551 2449 708 2485 suffragium
725 2456 930 2485 anteponentes.
953 2451 1028 2478 Heri-

247 2492 338 2520 bertus
354 2492 535 2528 llosweydus,
549 2495 668 2522 historia:
683 2496 875 2530 ecclesiastica;
893 2501 1029 2524 scrutator

247 2537 371 2572 diligens,
396 2539 444 2566 hos
465 2539 535 2567 inter
555 2541 660 2568 medius
678 2541 790 2574 incedit,
820 2546 848 2569 et
873 2542 946 2569 viros
968 2542 1028 2570 illos

247 2583 293 2618 qui
317 2584 476 2619 (lrigeuismi
503 2586 610 2613 nomine
639 2587 755 2613 traducti
782 2591 844 2614 sunt
862 2607 870 2618 .
901 2587 1027 2622 dogmata

248 2629 362 2664 primunt
371 2630 494 2666 Origenis
507 2632 671 2664 defendisse,
686 2632 782 2660 deinde
794 2640 858 2659 vero
873 2633 1027 2667 repudiasse

248 2674 378 2708 coniectat
391 2683 399 2702 :
413 2677 492 2711 quod.
507 2678 529 2704 si
543 2678 579 2704 ita
593 2683 676 2710 esset,
689 2678 722 2705 ab
737 2677 853 2711 illorum,
868 2678 908 2705 vel
916 2686 1028 2714 sequen-

250 2719 314 2746 tium
330 2725 479 2757 temporum
500 2724 689 2758 scriptoribus,
710 2724 800 2752 omnia
818 2725 947 2752 adversus
966 2723 1025 2752 Ori-

1082 2228 1284 2251 resurrecturos
1306 2229 1365 2249 cum
1391 2221 1501 2256 singulis
1518 2219 1639 2253 corporis
1658 2218 1787 2245 membris
1800 2217 1829 2242 “.
1847 2226 1854 2240 ι

1082 2267 1180 2294 Verum
1213 2265 1390 2301 expositiOnis
1419 2270 1517 2292 nostra:
1550 2263 1734 2297 lidejussorem
1770 2262 1858 2289 damus

1081 2313 1272 2348 Hieronymum
1297 2312 1394 2346 ipsum,
1419 2312 1499 2346 epist.
1524 2309 1568 2342 65,
1597 2310 1630 2336 ad
1647 2308 1808 2336 Pammach.
1832 2312 1856 2334 et

1080 2358 1192 2391 0cean.,
1209 2365 1269 2393 cap.
1283 2358 1311 2386 3.
1330 2356 1510 2387 IPelusiotas,
1523 2355 1622 2390 inquit,
1646 2362 1696 2382 nos
1717 2354 1854 2389 appellant.

1080 2409 1106 2432 et
1120 2404 1218 2436 luteos,
1235 2403 1434 2436 animalesque.
1450 2406 1478 2428 et
1491 2407 1617 2432 carneos,
1634 2401 1707 2434 quod
1729 2407 1781 2426 non
1796 2399 1855 2426 reci-

1080 2451 1184 2485 piamus
1198 2458 1229 2478 ea
1243 2457 1303 2485 quas
1318 2449 1429 2484 spiritus
1443 2453 1524 2479 sunt;
1545 2456 1554 2472 ι
1573 2452 1602 2473 et
1615 2454 1675 2481 eap.
1693 2446 1704 2472 Ι
1720 2454 1727 2472 :
1743 2455 1752 2471 I
1767 2445 1855 2472 Putant

1079 2497 1150 2523 enim
1162 2504 1204 2524 me
1218 2504 1294 2524 suum
1309 2503 1368 2523 esse
1379 2495 1550 2531 ςυμμύστην,
1567 2498 1593 2520 et
1607 2497 1718 2527 propter
1732 2491 1853 2518 animales

1078 2547 1106 2569 et
1119 2543 1204 2570 Iuleos
1221 2543 1290 2570 nolle
1304 2542 1391 2577 palam
1419 2542 1542 2575 dogmata
1565 2539 1700 2566 conliteri.
1716 2547 1726 2564 ›
1751 2538 1852 2564 Manilo-

1080 2589 1148 2616 stius
1164 2589 1244 2616 etiam
1258 2589 1285 2614 in
1294 2587 1391 2614 Jerem.
1412 2594 1489 2619 ms,
1506 2586 1557 2613 li:
1575 2594 1585 2611 ε
1600 2585 1665 2618 Quae
1681 2592 1743 2612 cum
1754 2584 1854 2611 audiunt

1080 2633 1210 2668 discipuli!
1224 2633 1282 2668 ejus
1304 2632 1464 2668 (Origeuis)
1489 2636 1517 2659 et
1540 2630 1705 2658 Grunnianze
1725 2630 1794 2664 (hoc
1817 2633 1850 2655 cst

1081 2679 1190 2715 Ruﬁni)
1208 2679 1317 2706 familia:
1334 2683 1464 2711 stercora,
1490 2682 1585 2713 putant
1607 2684 1637 2704 se
1665 2676 1755 2703 divina
1771 2675 1850 2702 audire

1080 2727 1228 2761 mysteria;
1258 2733 1362 2760 nosque
1395 2725 1440 2760 qui
1466 2724 1518 2752 ista
1541 2723 1760 2756 contemnimus,
1786 2720 1848 2756 quasi

282 2812 304 2828 "
316 2812 420 2845 Lucret.
435 2816 482 2844 lib.
500 2824 538 2852 Iv,
553 2825 623 2847 vers.
639 2818 681 2847 ll.
720 2818 742 2835 "
761 2817 858 2847 Baron.
872 2819 905 2847 ad
920 2827 966 2848 an.
977 2819 1041 2853 393,
1055 2826 1114 2854 cap.
1131 2817 1175 2851 10,
1191 2822 1218 2846 et
1231 2817 1265 2845 ad
1279 2824 1326 2845 an.
1342 2815 1401 2850 400,
1421 2814 1534 2851 cap.86.
