1927 3076
75 87 99 112 1
114 88 170 115 12⁸3
553 91 834 119 οιιιοιῑΝιΑΝοΒυΜ
852 92 864 118 l

914 113 915 117 η
935 91 966 121 ΙΙ,
987 91 1060 119 CAP.
1082 91 1126 123 IV,
1149 91 1245 120 SECT.
1262 93 1282 121 1.
1643 99 1711 129 1126

75 152 148 178 pro
162 146 249 174 brutis
270 148 367 176 habent
385 149 581 182 animantibus.
608 155 636 178 et
658 157 754 178 vocant
778 152 879 188 πηλου-
898 156 917 183 Α
933 150 1066 178 Palladius
1092 151 1118 178 in
1143 151 1290 185 Lausiaeis,
1321 158 1389 181 sect.
1413 154 1447 182 78
1473 159 1501 183 et
1524 158 1710 193 sequentibus,

77 191 212 224 σιὼτας,
228 200 260 220 eo
275 194 344 227 quod
367 194 393 220 in
413 194 469 222 luto
486 194 566 225 istius
589 196 710 229 corporis
730 197 877 228 constituti,
930 199 993 226 item
1008 203 1076 226 sect.
1090 198 1154 230 124,
1168 198 1414 235 Hieronymumque
1433 202 1568 236 suggillat.

77 243 153 263 non
171 237 305 271 possimus
317 239 418 266 sentire
429 239 575 267 cmicstia.»
592 240 732 276 Egyptios
748 241 879 276 praecipue
964 244 1010 272 lx.
1024 245 1062 272 At
1079 244 1211 272 Joannem
1223 245 1479 281 Jerosolymitanum
1497 249 1639 282 praesulem
1651 248 1708 285 jam

77 283 257 315 lxtonachos,
278 285 347 318 apud
357 292 425 319 quos
440 286 555 312 maxime
575 286 659 320 viguit
682 285 877 321 Origenismus,
929 290 1110 318 labesisthaac
1124 291 1301 326 corripuerat.
1329 292 1354 319 Is
1373 298 1436 320 ante
1454 293 1578 328 adeptum
1604 283 1708 330 ορίέεο-

79 326 209 362 ingenio
229 329 285 356 fere
306 329 388 358 fuisse
410 330 529 365 inquieto
552 337 579 358 et
594 332 710 364 turbido,
737 338 764 358 et
789 340 877 359 rerum
928 340 1020 370 patum
1036 336 1195 369 monachus,
1210 336 1320 364 Arianis
1335 341 1362 365 et
1382 326 1581 367 Macedonianis
1604 326 1708 368 accom-

77 380 229 401 novarum
249 376 594 412 studioso,proptereaqne
614 377 639 404 in
655 378 745 405 varias
762 378 878 405 haereses
929 381 1086 408 modaverat
1117 389 1209 413 aures,
1239 381 1326 416 iisque
1352 383 1452 411 relictis
1478 385 1511 411 ad
1541 385 1707 418 poutiﬁeiam

78 417 226 447 incidisse
240 419 337 448 litteris
349 421 483 455 proditqu
496 427 547 449 est.
563 422 627 450 lude
640 423 761 454 Aeriani,
783 423 878 450 Eusta-
927 427 1086 462 dignitatem
1113 433 1223 454 evectus
1247 427 1410 462 Origenistis
1439 437 1498 457 sese
1528 417 1704 466 applicuerat.

80 464 196 496 lliiani,
219 465 514 502 Anthropomorphitaa,
536 467 681 500 Joviniani,
707 467 876 502 Eutychiaui,
927 471 1011 507 Egre
1023 473 1048 499 id
1059 472 1236 500 tulitscilicet
1249 473 1415 508 Epiphanius
1431 464 1594 503 Salaminius
1604 477 1707 511 episco-

80 509 198 544 al'tique
213 511 238 538 id
252 518 337 546 genus
358 513 478 540 sexcenti
496 513 620 547 prodiere
636 523 642 540 :
663 518 690 541 et
707 521 722 540 a
737 515 876 542 vetustiori
927 525 977 551 pus
997 525 1046 551 pro
1058 525 1090 544 eo
1100 525 1131 545 ac
1151 518 1260 551 debuit,
1273 524 1300 545 et
1314 519 1410 547 blande
1426 527 1518 547 coram
1534 509 1627 548 multis
1637 529 1706 556 prte-

79 563 204 591 quoque
218 565 275 584 ωνο
302 557 450 586 Meletianis
464 563 490 586 et
516 559 623 587 Arionis
639 559 789 594 haerentes,
805 561 877 588 anti-
926 570 989 590 sens
1020 568 1181 598 praesentem
1204 564 1306 591 erroris
1333 566 1548 597 commonefecit,
1580 574 1633 601 quo
1662 566 1705 594 ille

80 603 186 628 stitetn
212 610 289 630 suum
321 605 496 632 Athanasium
522 605 628 640 probris
655 606 871 635 ﬁxerunt.Uude

82 647 276 684 Hieronymus
300 651 409 686 Apolog.
434 653 539 679 advers.
566 651 655 686 Ruﬁn.
681 652 741 679 libr.
758 661 798 682 ttt.
815 662 874 689 cap.

82 693 107 719 7
119 703 134 734 ⁸ε
171 705 180 721 t
195 696 325 724 (lontendi
364 697 510 734 (Egyptum
527 717 535 731 ,

926 616 986 635 cum
998 608 1134 643 partiariis
1151 615 1236 642 usque
1257 609 1324 636 adeo
1338 611 1494 643 excanduit,
1516 616 1545 638 ut
1557 611 1706 646 Epiphanio

924 652 1264 687 Anthropomorphitarum
1288 653 1412 680 haeresim
1431 655 1536 688 publice
1558 655 1703 690 obji‘cerel;

573 697 682 725 lustravi
715 700 874 727 monasteria
925 705 1055 732 suamque
1081 701 1155 724 tanta
1184 698 1332 732 pertinacia
1363 698 1497 732 defendit,
1524 704 1554 727 ut
1580 701 1703 728 eumdem

81 727 205 773 Nitriae,
219 746 246 768 et
271 741 341 770 inter
360 727 514 772 sanctorum
527 727 642 778 choros,
662 745 768 779 aspides
792 745 875 774 latere
925 742 1102 778 Ερίριιειηὶυιη
1120 742 1218 770 habitae
1234 750 1294 769 cum
1314 743 1367 770 iiiis
1394 745 1592 773 communionis
1616 746 1704 780 Pwni-

82 787 227 821 perspexi.
244 796 255 814 ι

126 876 196 904 Vlll.
210 878 249 906 Ex
263 880 313 907 hoc
331 888 468 910 nmreseon
491 887 519 910 et
539 883 725 914 haereticorum
754 888 871 915 semina-

80 922 133 950 rio
144 923 304 959 Origenistte
323 927 479 956 heterodoxi
503 931 674 960 exstiterunt.
698 932 793 960 Narrat
809 935 871 969 Epi-

80 969 207 1003 phanius
222 971 286 998 har.
305 972 349 1006 64,
366 981 426 1009 cap.
443 974 470 1007 4,
492 975 518 1002 in
537 975 652 1012 Egypto
674 980 788 1013 primum
809 989 871 1015 pro-

79 1020 217 1050 pagatum
242 1015 440 1051 Origenismum
464 1020 534 1054 apud
559 1020 699 1056 A’igyptios
726 1025 871 1052 monachos

81 1067 141 1088 suo
154 1065 273 1095 tempore
285 1061 422 1090 ﬂoruisse.
446 1063 484 1090 Ac
507 1065 621 1099 prirnum
641 1066 753 1094 Melania
770 1069 868 1102 senior,

82 1106 189 1134 nobilis
214 1106 329 1140 femina,
357 1115 418 1135 cum
445 1109 531 1143 patria
559 1110 650 1138 relicta
675 1110 869 1148 Jerosolymam

80 1153 198 1188 pietatis
211 1161 291 1181 causa
304 1155 474 1188 concederet,
495 1156 566 1184 facta
581 1157 651 1185 inter
666 1157 757 1186 Nitriae
775 1167 869 1187 mona~

79 1199 156 1227 chos
186 1201 318 1227 mensium
348 1201 452 1237 aliquot
479 1211 566 1236 mora,
593 1204 718 1239 aditoque
745 1205 868 1241 Didyme,

82 1245 261 1280 Origeniauis
277 1247 332 1275 illic
344 1249 481 1277 erroribus
502 1257 553 1277 una
568 1258 630 1278 cum
649 1251 744 1279 Ruﬁno
766 1252 869 1281 itineris

80 1291 187 1318 comite
216 1292 312 1320 infecta
340 1298 391 1322 est.
426 1295 547 1330 Contigit
577 1296 640 1323 illud
669 1298 742 1325 circa
768 1305 867 1325 annum

79 1337 187 1364 Christi
214 1338 275 1366 572.
289 1338 347 1372 Quo
359 1344 478 1375 tempore
498 1341 637 1376 epistolam
651 1342 725 1370 dedit
740 1343 774 1370 ad
792 1343 866 1378 Ruﬁ-

80 1391 149 1410 num
167 1382 344 1420 Hieronymus
359 1386 394 1418 ",
408 1395 459 1422 qua
472 1388 505 1415 ad
517 1395 546 1416 se
559 1388 585 1415 in
598 1388 705 1424 Syriam
722 1394 751 1417 ut
766 1390 866 1424 veniat,

79 1425 175 1458 amice
188 1431 294 1460 invitat.
309 1431 452 1467 Postquam
467 1439 555 1461 autent
568 1434 740 1470 Jerosolymaa
752 1436 867 1464 ﬁxerunt

79 1476 190 1510 sedem,
207 1477 328 1506 fovendis
339 1479 507 1515 peregrinis,
521 1484 548 1507 et
557 1480 637 1509 rebus
651 1481 866 1509 Christianorum

76 1521 210 1555 iuvandis
225 1529 290 1557 opes
306 1528 333 1550 et
351 1531 459 1559 operam
481 1530 684 1560 consumentes,
701 1531 866 1562 exceperunt

79 1566 231 1602 Evagrium
267 1567 406 1596 Ponticum
439 1570 675 1606 Constantinopoli
708 1577 798 1599 certas
831 1573 865 1600 ob

79 1620 184 1641 causas
202 1614 395 1648 discedentem,
418 1616 555 1651 ipsiusque
579 1617 669 1645 artiuto
699 1618 799 1653 primos
816 1617 865 1645 Ni-

80 1658 196 1686 triensis
206 1658 367 1694 Origenismi
383 1665 458 1688 satus
470 1666 654 1696 asperserunl.
672 1661 709 1689 Ita
724 1662 865 1690 institutus

79 1703 226 1738 Evagrius,
251 1709 277 1731 et
298 1704 441 1732 aMelania
468 1710 541 1734 veste
566 1707 715 1734 monastica
745 1714 777 1734 ex
802 1712 864 1734 voto

81 1749 204 1781 indutus,
215 1750 241 1777 in
259 1749 403 1786 [Egyplum
421 1752 504 1784 abiit,
521 1756 549 1779 et
571 1756 712 1787 postquam
733 1759 793 1780 cum
816 1753 862 1780 Di-

79 1794 165 1829 dymo
175 1802 335 1830 congressus
348 1802 398 1828 est,
416 1797 442 1824 in
454 1797 548 1824 Nitriae
567 1797 676 1824 tandem
691 1798 863 1825 monasteriis

79 1846 145 1866 sese
168 1840 280 1873 abdidit,
304 1845 331 1869 et
353 1841 423 1869 inter
449 1842 577 1870 florentes
605 1842 662 1870 illic
693 1842 862 1877 Origenistas

80 1892 182 1912 nomen
196 1886 278 1914 dedit.
292 1888 392 1915 Auctor
407 1893 448 1915 est
462 1888 639 1924 Hieronymus
650 1889 676 1916 in
696 1888 813 1923 Epistola
827 1889 860 1916 ad

79 1931 294 1966 Ctesiplmutem,
313 1940 372 1968 cap.
385 1933 413 1966 2,
428 1935 566 1969 scripsisse
583 1934 658 1962 illum
681 1935 713 1962 ad
728 1935 859 1970 virgines,

78 1976 116 2002 ad
133 1976 287 2008 monachos,
303 1982 350 2004 ett
370 1978 403 2005 ad
422 1985 481 2005 eam
503 1978 580 2014 cujus
596 1987 692 2006 nomen
713 1980 860 2015 nigredittis

79 2025 199 2048 testatur
221 2022 338 2056 perﬁdize
365 2025 509 2051 tenebras»
533 2025 693 2060 (Melaniam
724 2027 858 2054 seniorem

79 2065 215 2100 intellige)
230 2071 256 2093 et
268 2067 384 2095 edidisse
397 2069 507 2103 insuper
521 2069 617 2097 librum
631 2070 700 2105 Περὶ
716 2071 859 2105 ἀπαθείας

79 2117 135 2145 quo
145 2111 249 2145 insigne
264 2111 387 2146 Origenis
398 2113 493 2148 dogma
517 2121 597 2149 supra
614 2122 629 2141 a
645 2123 688 2142 me
701 2115 856 2143 ventilatunt

78 2156 284 2190 continebatur;
305 2157 389 2186 libros
406 2166 470 2186 vero
495 2159 578 2194 ipsius
601 2167 616 2187 tt
642 2160 740 2188 Ruﬁno
761 2161 857 2189 Latine

80 2202 271 2237 interpretatos
289 2203 461 2232 Oecideutem
475 2205 620 2234 lectitasse.
637 2207 746 2242 Appulit
762 2209 856 2236 eodem

79 2248 182 2283 aliquot
195 2253 255 2284 post
269 2250 347 2277 annis
366 2250 500 2278 Palladius
519 2251 631 2285 Galata,
651 2258 679 2280 et
697 2253 813 2281 triennio
833 2253 859 2282 in

79 2295 220 2322 asceteriis
253 2299 407 2328 transacto,
434 2296 603 2331 Origeuismo
638 2298 769 2332 imbutus,
798 2306 859 2326 cum

78 2339 232 2367 valetudine
259 2345 416 2374 tentaretur,
439 2341 466 2369 in
489 2342 658 2369 Paltestinam
685 2344 813 2376 secessit,
833 2349 860 2371 et

79 2386 205 2413 haustum
219 2386 244 2412 in
257 2386 372 2422 (Egypto
387 2386 548 2422 Origenismi
566 2388 640 2415 virus
651 2389 751 2423 passim
767 2389 858 2423 profu-

78 2431 130 2458 dit.
145 2430 270 2459 Florebat
284 2437 346 2460 tunc
366 2433 391 2460 in
417 2433 458 2460 his
479 2433 546 2461 locis
564 2434 706 2461 sanctitate
720 2439 747 2461 et
758 2435 857 2462 virtute

78 2479 162 2507 Paula
178 2479 298 2507 Romana
311 2490 318 2508 :
334 2481 402 2508 hanc
416 2481 535 2508 adoritur
548 2480 693 2514 Palladius,
707 2484 735 2507 et
753 2480 779 2507 itt
794 2488 857 2508 sttas

79 2525 257 2560 pertraxisset
283 2530 389 2559 partes,
422 2526 474 2553 nisi
501 2525 625 2562 gliscenti
659 2527 729 2552 maio
754 2530 858 2553 mature

78 2571 243 2600 accurrisset
266 2571 454 2606 Hieronymus,
479 2577 506 2599 et
533 2571 650 2600 hominis
683 2571 856 2606 petulantiam

78 2617 169 2646 habita
183 2624 244 2644 cmn
264 2625 296 2645 eo
312 2618 499 2645 dissertatione
515 2618 691 2645 coercuisset.
709 2617 757 2644 Rei
771 2616 857 2643 histu-

80 2666 145 2692 riatn
161 2665 263 2700 prolixe
280 2665 377 2698 narratl
389 2663 566 2699 Hieronymus
585 2664 611 2691 in
628 2662 767 2698 Epitaphio
784 2661 858 2689 Pau-

78 2712 121 2744 ιω,
136 2719 196 2746 cap.
210 2712 240 2739 ll
254 2716 280 2738 ct
296 2712 339 2745 η,
353 2718 434 2746 quam
449 2710 501 2737 sibi
515 2711 549 2737 ab
561 2717 593 2737 eo
604 2714 723 2744 ereptam
736 2707 859 2743 queritur

113 2802 132 2818 ’⁷
145 2801 253 2830 ll'eron.
277 2801 349 2837 Ενὶςι
370 2801 420 2834 M,
440 2800 474 2827 ad
497 2798 585 2833 litt/in.
624 2794 857 2830 "'Alias,“0,c.
874 2794 898 2822 Ι.

925 792 1002 816 teret.
1019 788 1087 815 Hinc
1107 787 1234 815 eﬁ‘eratus
1257 787 1376 816 Joannes
1394 790 1485 816 animo
1503 790 1606 817 rixandi
1626 791 1704 818 atido

888 824 1018 862 Bcausas
1029 834 1154 861 vindictae
1176 834 1324 869 quaerebat,
1354 841 1415 862 cum
1442 842 1506 863 ecce
1531 837 1702 864 commodum

921 878 1108 906 Paulinianum
1149 878 1303 914 llierouymi
1346 879 1458 907 fratrem
1496 881 1523 908 in
1559 881 1702 910 Palaestina

921 928 998 951 extra
1027 923 1156 951 ditionem
1180 931 1255 951 suain
1280 923 1469 958 Epiphanius,
1495 925 1607 954 invitum
1640 927 1702 955 licet

921 977 953 997 ac
983 969 1160 996 reluctantem
1178 989 1186 1002 ,
1225 969 1258 996 ad
1294 969 1453 998 diaconatus
1485 976 1512 998 et
1543 972 1701 1008 presbyterii

920 1016 1076 1051 dignitatem
1106 1016 1250 1051 promovit.
1286 1016 1366 1043 Multa
1394 1017 1500 1052 publice
1527 1023 1553 1045 et
1576 1017 1701 1054 privatim

921 1065 1082 1095 conquestus
1110 1065 1152 1088 est
1180 1060 1314 1093 Joannes,
1341 1069 1397 1089 rem
1421 1070 1481 1090 sese
1502 1063 1574 1097 apud
1607 1071 1701 1092 omnes

921 1114 968 1141 per
996 1107 1101 1134 litteras
1133 1106 1321 1141 evulgaturum
1354 1107 1499 1139 minitans;
1539 1108 1564 1135 in
1605 1116 1637 1136 eo
1671 1117 1701 1137 se

920 1151 1012 1179 Iasum
1042 1151 1152 1186 insuper
1179 1151 1304 1183 addens,
1338 1152 1409 1186 quod
1443 1159 1503 1179 cum
1535 1153 1588 1179 Deo
1620 1161 1698 1180 sacra

921 1198 1020 1228 faceret
1033 1197 1195 1232 Epiphanius
1206 1197 1296 1224 dicere
1309 1197 1407 1224 soleret
1430 1204 1437 1224 τ
1463 1197 1583 1229 Domine,
1603 1205 1699 1232 praesta

919 1243 1026 1276 Joanui,
1043 1248 1072 1270 ut
1089 1250 1155 1271 recte
1171 1244 1269 1271 credat.
1290 1243 1400 1278 Objecta
1413 1244 1527 1272 crimina
1542 1245 1621 1272 diluit
1635 1245 1699 1280 Epi-

919 1293 1034 1327 phanius
1060 1291 1118 1319 miti
1143 1291 1266 1327 epistola,
1296 1299 1356 1327 quae
1379 1292 1448 1319 inter
1475 1291 1698 1328 Hieronymianas

918 1345 1029 1366 numero
1037 1338 1202 1374 sexagesima
1217 1338 1330 1365 habetur
1343 1339 1392 1370 ¹⁷“;
1409 1339 1435 1365 in
1461 1346 1514 1374 qua
1530 1345 1581 1366 nou
1597 1344 1651 1366 tam
1664 1346 1694 1366 se

918 1385 1064 1420 appetitum
1083 1385 1116 1412 ab
1131 1392 1163 1412 eo
1177 1384 1320 1419 signiﬁcat,
1340 1389 1450 1419 propter
1465 1384 1617 1419 impositum
1629 1383 1698 1410 Pau-

918 1431 1020 1458 liniano
1034 1430 1191 1467 presbyterii
1205 1430 1389 1458 characterem
1411 1434 1488 1457 extra
1512 1438 1588 1457 suam
1617 1431 1697 1457 ditio-

919 1486 990 1511 nem,
1006 1485 1067 1506 cum
1083 1478 1110 1506 id
1125 1478 1150 1505 in
1159 1478 1336 1510 monasterio,
1351 1485 1404 1504 non
1422 1477 1448 1504 iu
1461 1477 1586 1512 parochia
1602 1476 1697 1504 Joanni

917 1524 1035 1559 subjecta
1062 1531 1076 1549 a
1096 1530 1125 1551 se
1139 1523 1238 1550 factum
1259 1528 1343 1555 esset.
1364 1528 1388 1550 et
1408 1528 1514 1558 recepta
1535 1524 1604 1551 inter
1619 1523 1698 1559 Cypri

915 1570 1054 1606 episcopos
1074 1569 1268 1596 consuetudine
1291 1569 1380 1596 facere
1405 1569 1509 1602 liceret,
1527 1576 1606 1604 quant
1627 1571 1697 1604 quod

913 1616 1041 1644 violatam
1057 1614 1227 1649 Origenianis
1243 1615 1411 1650 dogmatibus
1427 1615 1506 1642 ﬁdem
1524 1615 1585 1642 huic
1597 1623 1696 1650 expro-

914 1663 1028 1690 brasset.
1043 1661 1137 1696 Capite
1159 1668 1223 1688 vero
1247 1661 1324 1688 tertio
1343 1662 1400 1687 haec
1419 1661 1512 1688 scribit
1527 1668 1534 1687 :
1551 1669 1561 1686 ι
1577 1660 1659 1688 Doleo
1670 1666 1698 1688 ct

913 1708 990 1735 valde
1003 1707 1091 1740 doleo,
1105 1707 1201 1734 videns
1210 1706 1340 1741 plurimos
1354 1706 1476 1739 fratrum,
1491 1711 1517 1733 et
1531 1713 1622 1733 eorum
1634 1714 1699 1742 prae-

912 1755 989 1788 cipue
1003 1754 1047 1788 qui
1063 1753 1256 1788 professionem
1270 1753 1369 1779 trahent
1385 1760 1437 1779 non
1463 1752 1611 1783 minimam,
1626 1758 1653 1779 et
1670 1753 1696 1780 iu

911 1799 1023 1834 gradum
1043 1806 1150 1834 quoque
1168 1797 1311 1825 sacerdotii
1336 1797 1481 1825 maximum
1504 1801 1695 1831 pervenerunt,

911 1845 968 1880 ejus
982 1843 1125 1879 (Origenis)
1144 1843 1362 1878 persuasionibus
1377 1843 1513 1877 deceptos,
1533 1847 1559 1869 et
1584 1850 1696 1877 perver-

910 1891 1015 1917 sissima
1038 1889 1162 1916 doctrina
1180 1888 1255 1916 cibos
1276 1888 1364 1915 factos
1380 1895 1440 1915 esse
1453 1888 1562 1916 diaboli.
1579 1898 1588 1915 ι
1618 1887 1696 1917 Unde

910 1941 1020 1971 apparet
1035 1943 1114 1969 qualn
1131 1935 1231 1962 multos
1242 1934 1297 1968 jam
1319 1939 1374 1961 tum
1392 1933 1553 1968 Origeuismi
1576 1942 1640 1961 aura
1656 1934 1696 1961 af-

909 1981 1008 2008 ﬁasset.
1022 1981 1131 2008 Domum
1144 1981 1170 2007 in
1185 1981 1242 2008 haec
1254 1980 1335 2007 verba
1348 1979 1487 2007 concludit
1501 1986 1508 2006 :
1524 1988 1532 2005 ι
1549 1979 1695 2006 Palladium

909 2035 972 2055 vero
982 2027 1104 2054 Galatam
1112 2027 1158 2062 qui
1172 2027 1306 2061 quondam
1317 2026 1508 2066 nobischarus
1520 2026 1580 2058 fuit,
1588 2031 1615 2052 et
1625 2033 1696 2053 nunc

911 2073 1099 2100 misericordia
1118 2072 1164 2100 Dei
1182 2073 1293 2107 indiget,
1307 2079 1382 2102 cave,
1396 2071 1456 2106 quia
1477 2071 1599 2105 Origents
1613 2072 1696 2098 hanc.

907 2119 958 2146 sim
970 2120 1099 2154 praedicat
1110 2123 1137 2146 et
1150 2120 1238 2151 docet,
1248 2125 1281 2145 ne
1295 2117 1365 2144 forte
1376 2117 1480 2152 aliquos
1491 2117 1522 2143 de
1538 2116 1634 2152 popqu
1647 2111 1694 2143 tibi

909 2165 1012 2192 credito
1032 2164 1065 2191 ad
1081 2163 1283 2198 perversitatem
1298 2162 1338 2188 sui
1359 2162 1466 2188 inducat
1479 2162 1609 2188 erroris.)
1629 2161 1694 2189 Data

912 2215 954 2237 est
966 2210 1022 2237 haec
1029 2209 1145 2244 epistola
1160 2216 1231 2236 anno
1242 2208 1343 2236 Christt
1356 2207 1419 2238 592,
1435 2208 1550 2234 Arcadio
1563 2206 1695 2234 etltuﬁuo

911 2261 995 2287 coss.,
1009 2262 1062 2289 qua
1076 2254 1222 2289 publicata,
1238 2253 1349 2288 aliisque
1363 2253 1482 2287 ejusdem
1497 2252 1647 2287 argumenti
1660 2252 1693 2279 ad

912 2299 1070 2327 Palaestinos
1084 2299 1223 2334 episcopos
1246 2303 1273 2325 et
1297 2298 1452 2331 monachos,
1467 2303 1495 2324 et
1516 2297 1548 2324 ad
1567 2296 1693 2324 Siricium

913 2353 1006 2381 papam
1022 2345 1055 2372 alt
1075 2353 1108 2373 eo
1127 2345 1207 2378 dalis,
1233 2343 1407 2372 dissensionis
1426 2351 1518 2371 rumor
1540 2343 1693 2370 universum

912 2393 1004 2418 orbem
1028 2391 1153 2417 continuo
1177 2395 1339 2425 pervagatus
1364 2394 1417 2417 est.
1437 2389 1580 2417 Sciendum
1603 2392 1692 2415 autent

910 2437 1101 2472 Hieronyutttm
1123 2443 1231 2470 quoque
1249 2436 1318 2462 inter
1341 2441 1369 2462 et
1394 2435 1534 2467 Joannem,
1568 2433 1691 2468 ejusdem

910 2481 1071 2512 Pauliniaui,
1095 2480 1178 2507 multo
1208 2487 1272 2507 vero
1297 2480 1380 2507 tuaris
1407 2478 1568 2513 Origenismi
1600 2484 1692 2508 causa,

909 2527 1021 2554 dissidia
1036 2525 1239 2559 intercessisse;
1255 2532 1316 2552 nam
1328 2532 1389 2551 cum
1404 2526 1438 2552 ab
1449 2523 1598 2559 Epiphanio
1609 2527 1693 2550 staret

911 2571 1099 2605 Hieronymus,
1113 2575 1140 2597 et
1158 2577 1210 2597 non
1227 2569 1313 2597 solum
1333 2576 1375 2596 res
1395 2568 1420 2595 in
1436 2568 1587 2596 Pauliniani
1609 2574 1691 2603 nego-

911 2616 950 2643 tio
963 2619 1053 2650 gestas
1068 2615 1265 2649 comprobaret,
1283 2613 1331 2641 sed
1354 2613 1477 2648 Origenis
1491 2614 1573 2641 etiam
1584 2619 1691 2640 errores

909 2661 997 2696 palam
1008 2661 1159 2693 damnaret,
1172 2667 1206 2687 eo
1222 2659 1368 2687 iracundiae
1381 2659 1512 2694 processit
1523 2659 1649 2690 Joannes.
1663 2662 1691 2685 ut

910 2708 944 2736 ab
956 2707 1084 2736 Ecclesiae
1101 2706 1290 2736 communione
1307 2705 1502 2742 Hieronymum
1526 2709 1689 2741 segregaret,
