  <div class='ocr_page' id='page_1' title='image "/cluster/home/n/w/nwhite01/storage/ocr_20150623/17/njp.32101010944583/767.png"; bbox 0 0 1927 3076; ppageno 0'>
   <div class='ocr_carea' id='block_1_1' title="bbox 276 112 343 140">
    <p class='ocr_par' dir='ltr' id='par_1_1' title="bbox 276 112 343 140">
     <span class='ocr_line' id='line_1_1' title="bbox 276 112 343 140; baseline -0.03 0"><span class='ocrx_word' id='word_1_1' title='bbox 276 112 343 140; x_wconf 80' lang='lat'><strong>“21</strong></span> 
     </span>
    </p>
   </div>
   <div class='ocr_carea' id='block_1_2' title="bbox 908 108 1246 138">
    <p class='ocr_par' dir='ltr' id='par_1_2' title="bbox 908 108 1246 138">
     <span class='ocr_line' id='line_1_2' title="bbox 908 108 1246 138; baseline 0 -1"><span class='ocrx_word' id='word_1_2' title='bbox 908 110 937 137; x_wconf 81' lang='grc' dir='ltr'><strong>Ρ.</strong></span> <span class='ocrx_word' id='word_1_3' title='bbox 955 108 1111 137; x_wconf 82' lang='lat' dir='ltr'><strong>DANlELlS</strong></span> <span class='ocrx_word' id='word_1_4' title='bbox 1130 109 1246 138; x_wconf 84' lang='lat' dir='ltr'><strong>HUETH</strong></span> 
     </span>
    </p>
   </div>
   <div class='ocr_carea' id='block_1_3' title="bbox 1826 107 1886 136">
    <p class='ocr_par' dir='ltr' id='par_1_3' title="bbox 1826 107 1886 136">
     <span class='ocr_line' id='line_1_3' title="bbox 1826 107 1886 136; baseline 0.017 -1"><span class='ocrx_word' id='word_1_5' title='bbox 1826 107 1886 136; x_wconf 74' lang='lat'><strong>&quot;‘28</strong></span> 
     </span>
    </p>
   </div>
   <div class='ocr_carea' id='block_1_4' title="bbox 276 163 1885 206">
    <p class='ocr_par' dir='ltr' id='par_1_4' title="bbox 276 163 1885 206">
     <span class='ocr_line' id='line_1_4' title="bbox 276 163 1885 206; baseline -0.004 -8"><span class='ocrx_word' id='word_1_6' title='bbox 276 172 499 204; x_wconf 82' lang='lat' dir='ltr'><strong>quemadmodum</strong></span> <span class='ocrx_word' id='word_1_7' title='bbox 519 172 590 206; x_wconf 84' lang='lat' dir='ltr'><strong>apud</strong></span> <span class='ocrx_word' id='word_1_8' title='bbox 602 171 805 198; x_wconf 84' lang='lat' dir='ltr'><strong>Pammachium</strong></span> <span class='ocrx_word' id='word_1_9' title='bbox 826 171 946 205; x_wconf 83' lang='lat' dir='ltr'><strong>queritur</strong></span> <span class='ocrx_word' id='word_1_10' title='bbox 962 170 1055 197; x_wconf 87' lang='lat' dir='ltr'><strong>Iliero-</strong></span> <span class='ocrx_word' id='word_1_11' title='bbox 1071 171 1093 199; x_wconf 75' lang='grc' dir='ltr'>Α</span> <span class='ocrx_word' id='word_1_12' title='bbox 1107 168 1158 195; x_wconf 86' lang='lat' dir='ltr'><strong>sibi</strong></span> <span class='ocrx_word' id='word_1_13' title='bbox 1174 168 1276 196; x_wconf 84' lang='lat' dir='ltr'><strong>litteras</strong></span> <span class='ocrx_word' id='word_1_14' title='bbox 1293 167 1405 195; x_wconf 84' lang='lat' dir='ltr'><strong>reddere</strong></span> <span class='ocrx_word' id='word_1_15' title='bbox 1422 167 1517 194; x_wconf 92' lang='lat' dir='ltr'><strong>noluit.</strong></span> <span class='ocrx_word' id='word_1_16' title='bbox 1535 164 1662 199; x_wconf 85' lang='lat' dir='ltr'><strong>Querenti</strong></span> <span class='ocrx_word' id='word_1_17' title='bbox 1686 169 1782 192; x_wconf 84' lang='lat' dir='ltr'><strong>autem</strong></span> <span class='ocrx_word' id='word_1_18' title='bbox 1798 163 1885 192; x_wconf 82' lang='lat' dir='ltr'><strong>Hiero-</strong></span> 
     </span>
    </p>
   </div>
   <div class='ocr_carea' id='block_1_5' title="bbox 277 216 1053 252">
    <p class='ocr_par' dir='ltr' id='par_1_5' title="bbox 277 216 1053 252">
     <span class='ocr_line' id='line_1_5' title="bbox 277 216 1053 252; baseline -0.001 -8"><span class='ocrx_word' id='word_1_19' title='bbox 277 225 373 252; x_wconf 86' lang='lat' dir='ltr'><strong>nymus</strong></span> <span class='ocrx_word' id='word_1_20' title='bbox 398 218 479 252; x_wconf 87' lang='lat' dir='ltr'><strong>epist.</strong></span> <span class='ocrx_word' id='word_1_21' title='bbox 495 218 544 250; x_wconf 86' lang='grc'><strong>61,</strong></span> <span class='ocrx_word' id='word_1_22' title='bbox 572 217 690 251; x_wconf 71' lang='lat' dir='ltr'><strong>cap.15.</strong></span> <span class='ocrx_word' id='word_1_23' title='bbox 710 226 718 242; x_wconf 79' lang='grc' dir='ltr'>ι</span> <span class='ocrx_word' id='word_1_24' title='bbox 738 217 792 252; x_wconf 74' lang='lat' dir='ltr'><strong>Ego</strong></span> <span class='ocrx_word' id='word_1_25' title='bbox 813 216 944 248; x_wconf 85' lang='lat' dir='ltr'><strong>misellus,</strong></span> <span class='ocrx_word' id='word_1_26' title='bbox 959 216 1053 250; x_wconf 91' lang='lat' dir='ltr'><strong>inquit,</strong></span> 
     </span>
    </p>
   </div>
   <div class='ocr_carea' id='block_1_6' title="bbox 275 262 1055 298">
    <p class='ocr_par' dir='ltr' id='par_1_6' title="bbox 275 262 1055 298">
     <span class='ocr_line' id='line_1_6' title="bbox 275 262 1055 298; baseline -0.001 -8"><span class='ocrx_word' id='word_1_27' title='bbox 275 263 338 290; x_wconf 90' lang='lat' dir='ltr'><strong>dum</strong></span> <span class='ocrx_word' id='word_1_28' title='bbox 349 263 376 289; x_wconf 92' lang='lat' dir='ltr'><strong>in</strong></span> <span class='ocrx_word' id='word_1_29' title='bbox 393 263 537 290; x_wconf 71' lang='lat' dir='ltr'><strong>solitudine</strong></span> <span class='ocrx_word' id='word_1_30' title='bbox 550 263 690 296; x_wconf 87' lang='lat' dir='ltr'><strong>delitesco,</strong></span> <span class='ocrx_word' id='word_1_31' title='bbox 704 271 719 290; x_wconf 88' lang='lat' dir='ltr'><strong>a</strong></span> <span class='ocrx_word' id='word_1_32' title='bbox 733 268 807 289; x_wconf 89' lang='lat' dir='ltr'><strong>tanto</strong></span> <span class='ocrx_word' id='word_1_33' title='bbox 822 262 946 298; x_wconf 77' lang='lat' dir='ltr'><strong>pontifice</strong></span> <span class='ocrx_word' id='word_1_34' title='bbox 957 269 1055 296; x_wconf 87' lang='lat' dir='ltr'><strong>repen-</strong></span> 
     </span>
    </p>
   </div>
   <div class='ocr_carea' id='block_1_7' title="bbox 275 307 1056 344">
    <p class='ocr_par' dir='ltr' id='par_1_7' title="bbox 275 307 1056 344">
     <span class='ocr_line' id='line_1_7' title="bbox 275 307 1056 344; baseline -0.001 -9"><span class='ocrx_word' id='word_1_35' title='bbox 275 312 302 335; x_wconf 89' lang='lat' dir='ltr'><strong>te</strong></span> <span class='ocrx_word' id='word_1_36' title='bbox 318 313 457 335; x_wconf 84' lang='lat' dir='ltr'><strong>tInncatus</strong></span> <span class='ocrx_word' id='word_1_37' title='bbox 469 309 617 344; x_wconf 76' lang='lat' dir='ltr'><strong>presbyteri</strong></span> <span class='ocrx_word' id='word_1_38' title='bbox 635 315 731 336; x_wconf 85' lang='lat' dir='ltr'><strong>nomen</strong></span> <span class='ocrx_word' id='word_1_39' title='bbox 751 308 837 336; x_wconf 86' lang='lat' dir='ltr'><strong>amisi.</strong></span> <span class='ocrx_word' id='word_1_40' title='bbox 856 316 866 334; x_wconf 71' lang='grc' dir='ltr'><strong><em>ι</em></strong></span> <span class='ocrx_word' id='word_1_41' title='bbox 883 307 938 335; x_wconf 84' lang='lat' dir='ltr'><strong>Nec</strong></span> <span class='ocrx_word' id='word_1_42' title='bbox 955 308 1056 335; x_wconf 89' lang='lat' dir='ltr'><strong>idcirco</strong></span> 
     </span>
    </p>
   </div>
   <div class='ocr_carea' id='block_1_8' title="bbox 275 354 1055 389">
    <p class='ocr_par' dir='ltr' id='par_1_8' title="bbox 275 354 1055 389">
     <span class='ocr_line' id='line_1_8' title="bbox 275 354 1055 389; baseline 0.001 -9"><span class='ocrx_word' id='word_1_43' title='bbox 275 358 362 380; x_wconf 90' lang='lat' dir='ltr'><strong>tamen</strong></span> <span class='ocrx_word' id='word_1_44' title='bbox 381 354 501 381; x_wconf 63' lang='lat' dir='ltr'><strong>ecclesiae</strong></span> <span class='ocrx_word' id='word_1_45' title='bbox 519 354 650 389; x_wconf 80' lang='lat' dir='ltr'><strong>ingressu,</strong></span> <span class='ocrx_word' id='word_1_46' title='bbox 672 354 714 381; x_wconf 87' lang='lat' dir='ltr'><strong>vel</strong></span> <span class='ocrx_word' id='word_1_47' title='bbox 737 354 922 389; x_wconf 87' lang='lat' dir='ltr'><strong>episcoporum</strong></span> <span class='ocrx_word' id='word_1_48' title='bbox 936 361 967 381; x_wconf 86' lang='lat' dir='ltr'><strong>ac</strong></span> <span class='ocrx_word' id='word_1_49' title='bbox 977 354 1055 381; x_wconf 82' lang='lat' dir='ltr'><strong>Citri-</strong></span> 
     </span>
    </p>
   </div>
   <div class='ocr_carea' id='block_1_9' title="bbox 275 400 1056 435">
    <p class='ocr_par' dir='ltr' id='par_1_9' title="bbox 275 400 1056 435">
     <span class='ocr_line' id='line_1_9' title="bbox 275 400 1056 435; baseline 0.001 -9"><span class='ocrx_word' id='word_1_50' title='bbox 275 400 424 426; x_wconf 88' lang='lat' dir='ltr'><strong>stianorum</strong></span> <span class='ocrx_word' id='word_1_51' title='bbox 440 401 570 427; x_wconf 79' lang='lat' dir='ltr'><strong>societate</strong></span> <span class='ocrx_word' id='word_1_52' title='bbox 584 407 614 427; x_wconf 86' lang='lat' dir='ltr'><strong>se</strong></span> <span class='ocrx_word' id='word_1_53' title='bbox 628 400 792 435; x_wconf 90' lang='lat' dir='ltr'><strong>prohibitum</strong></span> <span class='ocrx_word' id='word_1_54' title='bbox 811 400 861 427; x_wconf 86' lang='lat' dir='ltr'><strong>isto</strong></span> <span class='ocrx_word' id='word_1_55' title='bbox 875 400 962 434; x_wconf 87' lang='lat' dir='ltr'><strong>capite</strong></span> <span class='ocrx_word' id='word_1_56' title='bbox 974 407 1001 428; x_wconf 90' lang='lat' dir='ltr'><strong>et</strong></span> <span class='ocrx_word' id='word_1_57' title='bbox 1015 408 1056 428; x_wconf 89' lang='lat' dir='ltr'><strong>se-</strong></span> 
     </span>
    </p>
   </div>
   <div class='ocr_carea' id='block_1_10' title="bbox 274 444 1056 480">
    <p class='ocr_par' dir='ltr' id='par_1_10' title="bbox 274 444 1056 480">
     <span class='ocr_line' id='line_1_10' title="bbox 274 444 1056 480; baseline 0.004 -9"><span class='ocrx_word' id='word_1_58' title='bbox 274 445 367 479; x_wconf 90' lang='lat' dir='ltr'><strong>quenti</strong></span> <span class='ocrx_word' id='word_1_59' title='bbox 384 449 508 474; x_wconf 77' lang='lat' dir='ltr'><strong>testatur.</strong></span> <span class='ocrx_word' id='word_1_60' title='bbox 521 445 601 472; x_wconf 83' lang='lat' dir='ltr'><strong>Addit</strong></span> <span class='ocrx_word' id='word_1_61' title='bbox 615 446 726 480; x_wconf 90' lang='lat' dir='ltr'><strong>epistola</strong></span> <span class='ocrx_word' id='word_1_62' title='bbox 738 444 782 476; x_wconf 73' lang='lat'><strong>62.</strong></span> <span class='ocrx_word' id='word_1_63' title='bbox 795 453 853 480; x_wconf 76' lang='lat' dir='ltr'><strong>quae</strong></span> <span class='ocrx_word' id='word_1_64' title='bbox 867 451 907 472; x_wconf 88' lang='lat' dir='ltr'><strong>est</strong></span> <span class='ocrx_word' id='word_1_65' title='bbox 920 446 953 473; x_wconf 89' lang='lat' dir='ltr'><strong>ad</strong></span> <span class='ocrx_word' id='word_1_66' title='bbox 968 445 1056 474; x_wconf 79' lang='lat' dir='ltr'><strong>Theo-</strong></span> 
     </span>
    </p>
   </div>
   <div class='ocr_carea' id='block_1_11' title="bbox 273 490 1055 526">
    <p class='ocr_par' dir='ltr' id='par_1_11' title="bbox 273 490 1055 526">
     <span class='ocr_line' id='line_1_11' title="bbox 273 490 1055 526; baseline 0.001 -9"><span class='ocrx_word' id='word_1_67' title='bbox 273 490 389 524; x_wconf 86' lang='lat' dir='ltr'><strong>philum,</strong></span> <span class='ocrx_word' id='word_1_68' title='bbox 412 499 471 526; x_wconf 85' lang='lat' dir='ltr'><strong>cap.</strong></span> <span class='ocrx_word' id='word_1_69' title='bbox 486 491 512 524; x_wconf 76' lang='grc'><strong>4,</strong></span> <span class='ocrx_word' id='word_1_70' title='bbox 532 492 659 520; x_wconf 86' lang='lat' dir='ltr'><strong>exsilium</strong></span> <span class='ocrx_word' id='word_1_71' title='bbox 674 492 723 518; x_wconf 86' lang='lat' dir='ltr'><strong>sibi</strong></span> <span class='ocrx_word' id='word_1_72' title='bbox 744 498 759 518; x_wconf 93' lang='lat' dir='ltr'><strong>a</strong></span> <span class='ocrx_word' id='word_1_73' title='bbox 776 490 879 519; x_wconf 81' lang='lat' dir='ltr'><strong>Joanne</strong></span> <span class='ocrx_word' id='word_1_74' title='bbox 895 492 1055 526; x_wconf 85' lang='lat' dir='ltr'><strong>postulatum</strong></span> 
     </span>
    </p>
   </div>
   <div class='ocr_carea' id='block_1_12' title="bbox 273 535 1055 572">
    <p class='ocr_par' dir='ltr' id='par_1_12' title="bbox 273 535 1055 572">
     <span class='ocr_line' id='line_1_12' title="bbox 273 535 1055 572; baseline 0.001 -8"><span class='ocrx_word' id='word_1_75' title='bbox 273 535 358 564; x_wconf 81' lang='lat' dir='ltr'><strong>fuisse</strong></span> <span class='ocrx_word' id='word_1_76' title='bbox 375 541 402 564; x_wconf 92' lang='lat' dir='ltr'><strong>et</strong></span> <span class='ocrx_word' id='word_1_77' title='bbox 421 537 610 572; x_wconf 85' lang='lat' dir='ltr'><strong>impetratum;</strong></span> <span class='ocrx_word' id='word_1_78' title='bbox 626 537 737 564; x_wconf 90' lang='lat' dir='ltr'><strong>minime</strong></span> <span class='ocrx_word' id='word_1_79' title='bbox 752 542 840 565; x_wconf 89' lang='lat' dir='ltr'><strong>tamen</strong></span> <span class='ocrx_word' id='word_1_80' title='bbox 852 545 881 565; x_wconf 90' lang='lat' dir='ltr'><strong>se</strong></span> <span class='ocrx_word' id='word_1_81' title='bbox 895 537 922 565; x_wconf 93' lang='lat' dir='ltr'><strong>in</strong></span> <span class='ocrx_word' id='word_1_82' title='bbox 932 537 1055 565; x_wconf 82' lang='lat' dir='ltr'><strong>exsilium</strong></span> 
     </span>
    </p>
   </div>
   <div class='ocr_carea' id='block_1_13' title="bbox 274 582 527 616">
    <p class='ocr_par' dir='ltr' id='par_1_13' title="bbox 274 582 527 616">
     <span class='ocr_line' id='line_1_13' title="bbox 274 582 527 616; baseline 0.004 -7"><span class='ocrx_word' id='word_1_83' title='bbox 274 582 358 610; x_wconf 88' lang='lat' dir='ltr'><strong>fuisse</strong></span> <span class='ocrx_word' id='word_1_84' title='bbox 374 582 527 616; x_wconf 83' lang='lat' dir='ltr'><strong>depulsum.</strong></span> 
     </span>
    </p>
   </div>
   <div class='ocr_carea' id='block_1_14' title="bbox 310 627 1057 663">
    <p class='ocr_par' dir='ltr' id='par_1_14' title="bbox 310 627 1057 663">
     <span class='ocr_line' id='line_1_14' title="bbox 310 627 1057 663; baseline 0 -8"><span class='ocrx_word' id='word_1_85' title='bbox 310 627 345 655; x_wconf 78' lang='grc' dir='ltr'><strong>Χ.</strong></span> <span class='ocrx_word' id='word_1_86' title='bbox 359 627 486 655; x_wconf 76' lang='lat' dir='ltr'><strong>Ruﬁnum</strong></span> <span class='ocrx_word' id='word_1_87' title='bbox 497 628 598 655; x_wconf 75' lang='lat' dir='ltr'><strong>interea</strong></span> <span class='ocrx_word' id='word_1_88' title='bbox 615 627 673 656; x_wconf 74' lang='lat' dir='ltr'><strong>haec</strong></span> <span class='ocrx_word' id='word_1_89' title='bbox 687 636 793 663; x_wconf 87' lang='lat' dir='ltr'><strong>quoque</strong></span> <span class='ocrx_word' id='word_1_90' title='bbox 807 628 949 655; x_wconf 73' lang='lat' dir='ltr'><strong>discurdire</strong></span> <span class='ocrx_word' id='word_1_91' title='bbox 964 634 1057 655; x_wconf 84' lang='lat' dir='ltr'><strong>conta-</strong></span> 
     </span>
    </p>
   </div>
   <div class='ocr_carea' id='block_1_15' title="bbox 276 674 1056 711">
    <p class='ocr_par' dir='ltr' id='par_1_15' title="bbox 276 674 1056 711">
     <span class='ocr_line' id='line_1_15' title="bbox 276 674 1056 711; baseline 0.003 -11"><span class='ocrx_word' id='word_1_92' title='bbox 276 674 320 708; x_wconf 74' lang='lat' dir='ltr'><strong>gio</strong></span> <span class='ocrx_word' id='word_1_93' title='bbox 334 674 442 707; x_wconf 81' lang='lat' dir='ltr'><strong>infecit;</strong></span> <span class='ocrx_word' id='word_1_94' title='bbox 465 681 526 701; x_wconf 88' lang='lat' dir='ltr'><strong>nam</strong></span> <span class='ocrx_word' id='word_1_95' title='bbox 549 681 610 701; x_wconf 90' lang='lat' dir='ltr'><strong>cum</strong></span> <span class='ocrx_word' id='word_1_96' title='bbox 628 675 709 702; x_wconf 86' lang='lat' dir='ltr'><strong>semel</strong></span> <span class='ocrx_word' id='word_1_97' title='bbox 722 675 842 702; x_wconf 87' lang='lat' dir='ltr'><strong>haustam</strong></span> <span class='ocrx_word' id='word_1_98' title='bbox 864 674 990 711; x_wconf 75' lang='lat' dir='ltr'><strong>Origenis</strong></span> <span class='ocrx_word' id='word_1_99' title='bbox 1008 677 1056 702; x_wconf 85' lang='lat' dir='ltr'><strong>do-</strong></span> 
     </span>
    </p>
   </div>
   <div class='ocr_carea' id='block_1_16' title="bbox 275 717 1056 752">
    <p class='ocr_par' dir='ltr' id='par_1_16' title="bbox 275 717 1056 752">
     <span class='ocr_line' id='line_1_16' title="bbox 275 717 1056 752; baseline 0.001 -7"><span class='ocrx_word' id='word_1_100' title='bbox 275 719 388 745; x_wconf 84' lang='lat' dir='ltr'><strong>clrinam</strong></span> <span class='ocrx_word' id='word_1_101' title='bbox 401 719 427 744; x_wconf 94' lang='lat' dir='ltr'><strong>in</strong></span> <span class='ocrx_word' id='word_1_102' title='bbox 441 718 500 745; x_wconf 85' lang='lat' dir='ltr'><strong>sinu</strong></span> <span class='ocrx_word' id='word_1_103' title='bbox 512 717 623 752; x_wconf 87' lang='lat' dir='ltr'><strong>foveret,</strong></span> <span class='ocrx_word' id='word_1_104' title='bbox 640 720 760 746; x_wconf 80' lang='lat' dir='ltr'><strong>eamdem</strong></span> <span class='ocrx_word' id='word_1_105' title='bbox 782 720 807 746; x_wconf 92' lang='lat' dir='ltr'><strong>in</strong></span> <span class='ocrx_word' id='word_1_106' title='bbox 824 719 928 748; x_wconf 86' lang='lat' dir='ltr'><strong>Joanne</strong></span> <span class='ocrx_word' id='word_1_107' title='bbox 954 726 981 748; x_wconf 89' lang='lat' dir='ltr'><strong>et</strong></span> <span class='ocrx_word' id='word_1_108' title='bbox 995 720 1056 748; x_wconf 81' lang='lat' dir='ltr'><strong>Pal—</strong></span> 
     </span>
    </p>
   </div>
   <div class='ocr_carea' id='block_1_17' title="bbox 276 763 1056 800">
    <p class='ocr_par' dir='ltr' id='par_1_17' title="bbox 276 763 1056 800">
     <span class='ocr_line' id='line_1_17' title="bbox 276 763 1056 800; baseline 0.005 -10"><span class='ocrx_word' id='word_1_109' title='bbox 276 763 358 795; x_wconf 79' lang='lat' dir='ltr'><strong>latlio,</strong></span> <span class='ocrx_word' id='word_1_110' title='bbox 375 764 489 798; x_wconf 77' lang='lat' dir='ltr'><strong>aliisque</strong></span> <span class='ocrx_word' id='word_1_111' title='bbox 503 769 681 800; x_wconf 73' lang='lat' dir='ltr'><strong>oppugnatam</strong></span> <span class='ocrx_word' id='word_1_112' title='bbox 696 765 824 793; x_wconf 90' lang='lat' dir='ltr'><strong>defendit.</strong></span> <span class='ocrx_word' id='word_1_113' title='bbox 843 765 911 793; x_wconf 91' lang='lat' dir='ltr'><strong>Hinc</strong></span> <span class='ocrx_word' id='word_1_114' title='bbox 937 766 1000 794; x_wconf 92' lang='lat' dir='ltr'><strong>illud</strong></span> <span class='ocrx_word' id='word_1_115' title='bbox 1014 771 1056 794; x_wconf 83' lang='lat' dir='ltr'><strong>est</strong></span> 
     </span>
    </p>
   </div>
   <div class='ocr_carea' id='block_1_18' title="bbox 275 808 1054 846">
    <p class='ocr_par' dir='ltr' id='par_1_18' title="bbox 275 808 1054 846">
     <span class='ocr_line' id='line_1_18' title="bbox 275 808 1054 846; baseline 0.004 -10"><span class='ocrx_word' id='word_1_116' title='bbox 275 808 416 843; x_wconf 85' lang='lat' dir='ltr'><strong>Epiphanii</strong></span> <span class='ocrx_word' id='word_1_117' title='bbox 432 809 457 836; x_wconf 93' lang='lat' dir='ltr'><strong>in</strong></span> <span class='ocrx_word' id='word_1_118' title='bbox 471 810 584 844; x_wconf 89' lang='lat' dir='ltr'><strong>cpistola</strong></span> <span class='ocrx_word' id='word_1_119' title='bbox 598 810 631 838; x_wconf 89' lang='lat' dir='ltr'><strong>ad</strong></span> <span class='ocrx_word' id='word_1_120' title='bbox 648 810 775 838; x_wconf 85' lang='lat' dir='ltr'><strong>Joannem</strong></span> <span class='ocrx_word' id='word_1_121' title='bbox 787 810 915 844; x_wconf 85' lang='lat' dir='ltr'><strong>Jerosol.,</strong></span> <span class='ocrx_word' id='word_1_122' title='bbox 931 819 991 846; x_wconf 90' lang='lat' dir='ltr'><strong>cap.</strong></span> <span class='ocrx_word' id='word_1_123' title='bbox 1007 811 1024 838; x_wconf 71' lang='grc'><strong>4</strong></span> <span class='ocrx_word' id='word_1_124' title='bbox 1047 821 1054 840; x_wconf 85' lang='lat'><strong>:</strong></span> 
     </span>
    </p>
   </div>
   <div class='ocr_carea' id='block_1_19' title="bbox 1106 210 1887 248">
    <p class='ocr_par' dir='ltr' id='par_1_19' title="bbox 1106 210 1887 248">
     <span class='ocr_line' id='line_1_19' title="bbox 1106 210 1887 248; baseline -0.003 -8"><span class='ocrx_word' id='word_1_125' title='bbox 1106 220 1187 248; x_wconf 89' lang='lat' dir='ltr'><strong>nymo</strong></span> <span class='ocrx_word' id='word_1_126' title='bbox 1204 221 1236 240; x_wconf 88' lang='lat' dir='ltr'><strong>ac</strong></span> <span class='ocrx_word' id='word_1_127' title='bbox 1248 213 1345 241; x_wconf 89' lang='lat' dir='ltr'><strong>dicenti</strong></span> <span class='ocrx_word' id='word_1_128' title='bbox 1363 222 1369 240; x_wconf 87' lang='lat'>:</span> <span class='ocrx_word' id='word_1_129' title='bbox 1391 222 1400 239; x_wconf 84' lang='grc' dir='ltr'>ι</span> <span class='ocrx_word' id='word_1_130' title='bbox 1418 213 1446 240; x_wconf 87' lang='lat' dir='ltr'><strong>Si</strong></span> <span class='ocrx_word' id='word_1_131' title='bbox 1469 213 1570 247; x_wconf 74' lang='lat' dir='ltr'><strong>legatus</strong></span> <span class='ocrx_word' id='word_1_132' title='bbox 1584 219 1622 244; x_wconf 86' lang='lat' dir='ltr'><strong>es,</strong></span> <span class='ocrx_word' id='word_1_133' title='bbox 1642 211 1726 238; x_wconf 87' lang='lat' dir='ltr'><strong>redde</strong></span> <span class='ocrx_word' id='word_1_134' title='bbox 1751 210 1887 245; x_wconf 72' lang='lat' dir='ltr'><strong>legationis</strong></span> 
     </span>
    </p>
   </div>
   <div class='ocr_carea' id='block_1_20' title="bbox 1105 256 1888 294">
    <p class='ocr_par' dir='ltr' id='par_1_20' title="bbox 1105 256 1888 294">
     <span class='ocr_line' id='line_1_20' title="bbox 1105 256 1888 294; baseline -0.003 -7"><span class='ocrx_word' id='word_1_135' title='bbox 1105 259 1233 294; x_wconf 81' lang='lat' dir='ltr'><strong>epistolas</strong></span> <span class='ocrx_word' id='word_1_136' title='bbox 1244 267 1250 292; x_wconf 93' lang='lat'><strong>;</strong></span> <span class='ocrx_word' id='word_1_137' title='bbox 1263 259 1285 287; x_wconf 91' lang='lat' dir='ltr'><strong>si</strong></span> <span class='ocrx_word' id='word_1_138' title='bbox 1299 259 1426 294; x_wconf 82' lang='lat' dir='ltr'><strong>epistolas</strong></span> <span class='ocrx_word' id='word_1_139' title='bbox 1439 267 1490 286; x_wconf 91' lang='lat' dir='ltr'><strong>non</strong></span> <span class='ocrx_word' id='word_1_140' title='bbox 1505 259 1598 291; x_wconf 87' lang='lat' dir='ltr'><strong>habes,</strong></span> <span class='ocrx_word' id='word_1_141' title='bbox 1611 257 1754 292; x_wconf 87' lang='lat' dir='ltr'><strong>quomodo</strong></span> <span class='ocrx_word' id='word_1_142' title='bbox 1777 256 1888 292; x_wconf 71' lang='lat' dir='ltr'><strong>legatum</strong></span> 
     </span>
    </p>
   </div>
   <div class='ocr_carea' id='block_1_21' title="bbox 1107 303 1890 340">
    <p class='ocr_par' dir='ltr' id='par_1_21' title="bbox 1107 303 1890 340">
     <span class='ocr_line' id='line_1_21' title="bbox 1107 303 1890 340; baseline -0.001 -8"><span class='ocrx_word' id='word_1_143' title='bbox 1107 309 1133 332; x_wconf 90' lang='lat' dir='ltr'><strong>te</strong></span> <span class='ocrx_word' id='word_1_144' title='bbox 1157 305 1300 338; x_wconf 83' lang='lat' dir='ltr'><strong>probabis?</strong></span> <span class='ocrx_word' id='word_1_145' title='bbox 1319 313 1329 331; x_wconf 73' lang='grc' dir='ltr'><strong><em>ι</em></strong></span> <span class='ocrx_word' id='word_1_146' title='bbox 1347 305 1448 332; x_wconf 84' lang='lat' dir='ltr'><strong>litteras</strong></span> <span class='ocrx_word' id='word_1_147' title='bbox 1464 305 1570 340; x_wconf 86' lang='lat' dir='ltr'><strong>quidem</strong></span> <span class='ocrx_word' id='word_1_148' title='bbox 1594 305 1627 331; x_wconf 90' lang='lat' dir='ltr'><strong>ad</strong></span> <span class='ocrx_word' id='word_1_149' title='bbox 1649 311 1713 331; x_wconf 87' lang='lat' dir='ltr'><strong>eum</strong></span> <span class='ocrx_word' id='word_1_150' title='bbox 1738 303 1846 331; x_wconf 85' lang='lat' dir='ltr'><strong>habere</strong></span> <span class='ocrx_word' id='word_1_151' title='bbox 1864 311 1890 331; x_wconf 77' lang='lat' dir='ltr'><strong>se</strong></span> 
     </span>
    </p>
   </div>
   <div class='ocr_carea' id='block_1_22' title="bbox 1107 348 1889 384">
    <p class='ocr_par' dir='ltr' id='par_1_22' title="bbox 1107 348 1889 384">
     <span class='ocr_line' id='line_1_22' title="bbox 1107 348 1889 384; baseline -0.001 -8"><span class='ocrx_word' id='word_1_152' title='bbox 1107 349 1256 384; x_wconf 85' lang='lat' dir='ltr'><strong>respondit,</strong></span> <span class='ocrx_word' id='word_1_153' title='bbox 1272 354 1393 384; x_wconf 81' lang='lat' dir='ltr'><strong>rogatum</strong></span> <span class='ocrx_word' id='word_1_154' title='bbox 1410 357 1440 377; x_wconf 89' lang='lat' dir='ltr'><strong>se</strong></span> <span class='ocrx_word' id='word_1_155' title='bbox 1453 355 1540 377; x_wconf 88' lang='lat' dir='ltr'><strong>tamen</strong></span> <span class='ocrx_word' id='word_1_156' title='bbox 1553 356 1567 376; x_wconf 93' lang='lat' dir='ltr'><strong>a</strong></span> <span class='ocrx_word' id='word_1_157' title='bbox 1582 348 1686 376; x_wconf 84' lang='lat' dir='ltr'><strong>Joanne</strong></span> <span class='ocrx_word' id='word_1_158' title='bbox 1705 356 1742 376; x_wconf 87' lang='lat' dir='ltr'><strong>ne</strong></span> <span class='ocrx_word' id='word_1_159' title='bbox 1758 348 1889 376; x_wconf 82' lang='lat' dir='ltr'><strong>redderet.</strong></span> 
     </span>
    </p>
   </div>
   <div class='ocr_carea' id='block_1_23' title="bbox 1106 394 1889 430">
    <p class='ocr_par' dir='ltr' id='par_1_23' title="bbox 1106 394 1889 430">
     <span class='ocr_line' id='line_1_23' title="bbox 1106 394 1889 430; baseline -0.003 -7"><span class='ocrx_word' id='word_1_160' title='bbox 1106 395 1144 423; x_wconf 88' lang='lat' dir='ltr'><strong>lla</strong></span> <span class='ocrx_word' id='word_1_161' title='bbox 1167 395 1268 423; x_wconf 75' lang='lat' dir='ltr'><strong>favoris</strong></span> <span class='ocrx_word' id='word_1_162' title='bbox 1294 395 1321 423; x_wconf 89' lang='lat' dir='ltr'><strong>in</strong></span> <span class='ocrx_word' id='word_1_163' title='bbox 1335 395 1445 424; x_wconf 83' lang='lat' dir='ltr'><strong>alteram</strong></span> <span class='ocrx_word' id='word_1_164' title='bbox 1470 400 1572 430; x_wconf 87' lang='lat' dir='ltr'><strong>partem</strong></span> <span class='ocrx_word' id='word_1_165' title='bbox 1596 395 1755 430; x_wconf 85' lang='lat' dir='ltr'><strong>suspicione</strong></span> <span class='ocrx_word' id='word_1_166' title='bbox 1784 394 1889 428; x_wconf 83' lang='lat' dir='ltr'><strong>injecta,</strong></span> 
     </span>
    </p>
   </div>
   <div class='ocr_carea' id='block_1_24' title="bbox 1106 439 1890 476">
    <p class='ocr_par' dir='ltr' id='par_1_24' title="bbox 1106 439 1890 476">
     <span class='ocr_line' id='line_1_24' title="bbox 1106 439 1890 476; baseline -0.004 -7"><span class='ocrx_word' id='word_1_167' title='bbox 1106 448 1180 476; x_wconf 84' lang='lat' dir='ltr'><strong>spem</strong></span> <span class='ocrx_word' id='word_1_168' title='bbox 1198 441 1273 476; x_wconf 84' lang='lat' dir='ltr'><strong>pacis</strong></span> <span class='ocrx_word' id='word_1_169' title='bbox 1286 441 1408 476; x_wconf 88' lang='lat' dir='ltr'><strong>peremit,</strong></span> <span class='ocrx_word' id='word_1_170' title='bbox 1425 448 1506 476; x_wconf 88' lang='lat' dir='ltr'><strong>reque</strong></span> <span class='ocrx_word' id='word_1_171' title='bbox 1524 441 1619 468; x_wconf 87' lang='lat' dir='ltr'><strong>infecta</strong></span> <span class='ocrx_word' id='word_1_172' title='bbox 1642 440 1786 468; x_wconf 86' lang='lat' dir='ltr'><strong>discessit.</strong></span> <span class='ocrx_word' id='word_1_173' title='bbox 1807 439 1890 467; x_wconf 56' lang='lat' dir='ltr'><strong>Diste-</strong></span> 
     </span>
    </p>
   </div>
   <div class='ocr_carea' id='block_1_25' title="bbox 1106 487 1889 522">
    <p class='ocr_par' dir='ltr' id='par_1_25' title="bbox 1106 487 1889 522">
     <span class='ocr_line' id='line_1_25' title="bbox 1106 487 1889 522; baseline -0.001 -8"><span class='ocrx_word' id='word_1_174' title='bbox 1106 487 1178 514; x_wconf 92' lang='lat' dir='ltr'><strong>denti</strong></span> <span class='ocrx_word' id='word_1_175' title='bbox 1190 487 1346 522; x_wconf 77' lang='lat' dir='ltr'><strong>Apologiam</strong></span> <span class='ocrx_word' id='word_1_176' title='bbox 1360 495 1408 522; x_wconf 91' lang='lat' dir='ltr'><strong>pro</strong></span> <span class='ocrx_word' id='word_1_177' title='bbox 1424 495 1471 514; x_wconf 87' lang='lat' dir='ltr'><strong>sua</strong></span> <span class='ocrx_word' id='word_1_178' title='bbox 1486 495 1567 515; x_wconf 87' lang='lat' dir='ltr'><strong>causa</strong></span> <span class='ocrx_word' id='word_1_179' title='bbox 1583 489 1616 515; x_wconf 88' lang='lat' dir='ltr'><strong>ad</strong></span> <span class='ocrx_word' id='word_1_180' title='bbox 1630 487 1818 521; x_wconf 76' lang='lat' dir='ltr'><strong>TheOphilurn</strong></span> <span class='ocrx_word' id='word_1_181' title='bbox 1839 493 1889 514; x_wconf 83' lang='lat' dir='ltr'><strong>tra-</strong></span> 
     </span>
    </p>
   </div>
   <div class='ocr_carea' id='block_1_26' title="bbox 1107 532 1889 567">
    <p class='ocr_par' dir='ltr' id='par_1_26' title="bbox 1107 532 1889 567">
     <span class='ocr_line' id='line_1_26' title="bbox 1107 532 1889 567; baseline 0.001 -7"><span class='ocrx_word' id='word_1_182' title='bbox 1107 533 1315 565; x_wconf 84' lang='lat' dir='ltr'><strong>diditJoannes,</strong></span> <span class='ocrx_word' id='word_1_183' title='bbox 1335 532 1410 567; x_wconf 81' lang='lat' dir='ltr'><strong>cujus</strong></span> <span class='ocrx_word' id='word_1_184' title='bbox 1424 533 1601 561; x_wconf 84' lang='lat' dir='ltr'><strong>lucubrationi</strong></span> <span class='ocrx_word' id='word_1_185' title='bbox 1621 533 1790 561; x_wconf 82' lang='lat' dir='ltr'><strong>interfuerat</strong></span> <span class='ocrx_word' id='word_1_186' title='bbox 1813 533 1889 561; x_wconf 84' lang='lat' dir='ltr'><strong>Isido-</strong></span> 
     </span>
    </p>
   </div>
   <div class='ocr_carea' id='block_1_27' title="bbox 1106 578 1887 613">
    <p class='ocr_par' dir='ltr' id='par_1_27' title="bbox 1106 578 1887 613">
     <span class='ocr_line' id='line_1_27' title="bbox 1106 578 1887 613; baseline 0 -7"><span class='ocrx_word' id='word_1_187' title='bbox 1106 586 1162 611; x_wconf 86' lang='lat' dir='ltr'><strong>rus,</strong></span> <span class='ocrx_word' id='word_1_188' title='bbox 1183 583 1209 605; x_wconf 87' lang='lat' dir='ltr'><strong>et</strong></span> <span class='ocrx_word' id='word_1_189' title='bbox 1221 586 1329 613; x_wconf 86' lang='lat' dir='ltr'><strong>operam</strong></span> <span class='ocrx_word' id='word_1_190' title='bbox 1348 586 1423 606; x_wconf 86' lang='lat' dir='ltr'><strong>suam</strong></span> <span class='ocrx_word' id='word_1_191' title='bbox 1440 578 1603 612; x_wconf 80' lang='lat' dir='ltr'><strong>contulerat;</strong></span> <span class='ocrx_word' id='word_1_192' title='bbox 1617 588 1626 604; x_wconf 77' lang='grc' dir='ltr'>ι</span> <span class='ocrx_word' id='word_1_193' title='bbox 1645 584 1674 606; x_wconf 93' lang='lat' dir='ltr'><strong>ut</strong></span> <span class='ocrx_word' id='word_1_194' title='bbox 1694 579 1772 607; x_wconf 90' lang='lat' dir='ltr'><strong>idem</strong></span> <span class='ocrx_word' id='word_1_195' title='bbox 1784 585 1864 611; x_wconf 80' lang='lat' dir='ltr'><strong>esset,</strong></span> <span class='ocrx_word' id='word_1_196' title='bbox 1879 590 1887 606; x_wconf 78' lang='grc' dir='ltr'><strong><em>ι</em></strong></span> 
     </span>
    </p>
   </div>
   <div class='ocr_carea' id='block_1_28' title="bbox 1106 624 1890 660">
    <p class='ocr_par' dir='ltr' id='par_1_28' title="bbox 1106 624 1890 660">
     <span class='ocr_line' id='line_1_28' title="bbox 1106 624 1890 660; baseline 0.001 -8"><span class='ocrx_word' id='word_1_197' title='bbox 1106 625 1143 652; x_wconf 84' lang='lat' dir='ltr'><strong>ait</strong></span> <span class='ocrx_word' id='word_1_198' title='bbox 1163 624 1350 660; x_wconf 83' lang='lat' dir='ltr'><strong>Hieronymus,</strong></span> <span class='ocrx_word' id='word_1_199' title='bbox 1368 625 1447 660; x_wconf 85' lang='lat' dir='ltr'><strong>epist.</strong></span> <span class='ocrx_word' id='word_1_200' title='bbox 1462 625 1506 659; x_wconf 76' lang='grc'><strong>61,</strong></span> <span class='ocrx_word' id='word_1_201' title='bbox 1522 633 1582 660; x_wconf 85' lang='lat' dir='ltr'><strong>cap.</strong></span> <span class='ocrx_word' id='word_1_202' title='bbox 1596 625 1613 652; x_wconf 73' lang='lat'><strong>2</strong></span> <span class='ocrx_word' id='word_1_203' title='bbox 1624 630 1652 653; x_wconf 90' lang='lat' dir='ltr'><strong>et</strong></span> <span class='ocrx_word' id='word_1_204' title='bbox 1670 625 1718 658; x_wconf 89' lang='grc'><strong>15,</strong></span> <span class='ocrx_word' id='word_1_205' title='bbox 1737 635 1748 651; x_wconf 76' lang='grc' dir='ltr'>ι</span> <span class='ocrx_word' id='word_1_206' title='bbox 1766 630 1795 652; x_wconf 90' lang='lat' dir='ltr'><strong>et</strong></span> <span class='ocrx_word' id='word_1_207' title='bbox 1813 626 1890 653; x_wconf 76' lang='lat' dir='ltr'><strong>dicta-</strong></span> 
     </span>
    </p>
   </div>
   <div class='ocr_carea' id='block_1_29' title="bbox 1108 670 1888 703">
    <p class='ocr_par' dir='ltr' id='par_1_29' title="bbox 1108 670 1888 703">
     <span class='ocr_line' id='line_1_29' title="bbox 1108 670 1888 703; baseline 0.001 -6"><span class='ocrx_word' id='word_1_208' title='bbox 1108 674 1150 697; x_wconf 84' lang='lat' dir='ltr'><strong>tor</strong></span> <span class='ocrx_word' id='word_1_209' title='bbox 1163 675 1191 697; x_wconf 90' lang='lat' dir='ltr'><strong>et</strong></span> <span class='ocrx_word' id='word_1_210' title='bbox 1208 670 1312 703; x_wconf 85' lang='lat' dir='ltr'><strong>baiulus</strong></span> <span class='ocrx_word' id='word_1_211' title='bbox 1329 670 1489 698; x_wconf 90' lang='lat' dir='ltr'><strong>litterarum.</strong></span> <span class='ocrx_word' id='word_1_212' title='bbox 1503 680 1514 697; x_wconf 72' lang='grc' dir='ltr'><strong><em>ι</em></strong></span> <span class='ocrx_word' id='word_1_213' title='bbox 1532 670 1675 698; x_wconf 76' lang='lat' dir='ltr'><strong>Maximam</strong></span> <span class='ocrx_word' id='word_1_214' title='bbox 1707 671 1823 698; x_wconf 82' lang='lat' dir='ltr'><strong>interim</strong></span> <span class='ocrx_word' id='word_1_215' title='bbox 1842 672 1888 698; x_wconf 85' lang='lat' dir='ltr'><strong>fra-</strong></span> 
     </span>
    </p>
   </div>
   <div class='ocr_carea' id='block_1_30' title="bbox 1107 716 1889 749">
    <p class='ocr_par' dir='ltr' id='par_1_30' title="bbox 1107 716 1889 749">
     <span class='ocr_line' id='line_1_30' title="bbox 1107 716 1889 749; baseline 0.003 -7"><span class='ocrx_word' id='word_1_216' title='bbox 1107 719 1177 742; x_wconf 91' lang='lat' dir='ltr'><strong>trum</strong></span> <span class='ocrx_word' id='word_1_217' title='bbox 1198 716 1405 749; x_wconf 89' lang='lat' dir='ltr'><strong>multitudinem,</strong></span> <span class='ocrx_word' id='word_1_218' title='bbox 1424 721 1451 744; x_wconf 88' lang='lat' dir='ltr'><strong>et</strong></span> <span class='ocrx_word' id='word_1_219' title='bbox 1466 717 1656 745; x_wconf 80' lang='lat' dir='ltr'><strong>monachorum</strong></span> <span class='ocrx_word' id='word_1_220' title='bbox 1674 717 1782 745; x_wconf 84' lang='lat' dir='ltr'><strong>choros</strong></span> <span class='ocrx_word' id='word_1_221' title='bbox 1800 718 1827 744; x_wconf 89' lang='lat' dir='ltr'><strong>in</strong></span> <span class='ocrx_word' id='word_1_222' title='bbox 1846 717 1889 744; x_wconf 74' lang='lat' dir='ltr'><strong>Pa-</strong></span> 
     </span>
    </p>
   </div>
   <div class='ocr_carea' id='block_1_31' title="bbox 1106 759 1888 790">
    <p class='ocr_par' dir='ltr' id='par_1_31' title="bbox 1106 759 1888 790">
     <span class='ocr_line' id='line_1_31' title="bbox 1106 759 1888 790; baseline 0 -1"><span class='ocrx_word' id='word_1_223' title='bbox 1106 761 1209 789; x_wconf 64' lang='lat' dir='ltr'><strong>laestina</strong></span> <span class='ocrx_word' id='word_1_224' title='bbox 1223 761 1273 788; x_wconf 88' lang='lat' dir='ltr'><strong>sibi</strong></span> <span class='ocrx_word' id='word_1_225' title='bbox 1291 769 1343 788; x_wconf 92' lang='lat' dir='ltr'><strong>non</strong></span> <span class='ocrx_word' id='word_1_226' title='bbox 1357 762 1585 790; x_wconf 84' lang='lat' dir='ltr'><strong>communicantes</strong></span> <span class='ocrx_word' id='word_1_227' title='bbox 1608 762 1704 790; x_wconf 81' lang='lat' dir='ltr'><strong>(verba</strong></span> <span class='ocrx_word' id='word_1_228' title='bbox 1719 767 1788 789; x_wconf 91' lang='lat' dir='ltr'><strong>sunt</strong></span> <span class='ocrx_word' id='word_1_229' title='bbox 1803 759 1888 789; x_wconf 79' lang='lat' dir='ltr'><strong>ﬂiéro-</strong></span> 
     </span>
    </p>
   </div>
   <div class='ocr_carea' id='block_1_32' title="bbox 1107 805 1889 842">
    <p class='ocr_par' dir='ltr' id='par_1_32' title="bbox 1107 805 1889 842">
     <span class='ocr_line' id='line_1_32' title="bbox 1107 805 1889 842; baseline 0.001 -9"><span class='ocrx_word' id='word_1_230' title='bbox 1107 806 1191 842; x_wconf 87' lang='lat' dir='ltr'><strong>nymi)</strong></span> <span class='ocrx_word' id='word_1_231' title='bbox 1206 805 1281 842; x_wconf 91' lang='lat' dir='ltr'><strong>quasi</strong></span> <span class='ocrx_word' id='word_1_232' title='bbox 1293 807 1384 834; x_wconf 88' lang='lat' dir='ltr'><strong>hostes</strong></span> <span class='ocrx_word' id='word_1_233' title='bbox 1397 806 1518 842; x_wconf 89' lang='lat' dir='ltr'><strong>publicos</strong></span> <span class='ocrx_word' id='word_1_234' title='bbox 1528 806 1670 834; x_wconf 59' lang='lat' dir='ltr'><strong>aestimavit</strong></span> <span class='ocrx_word' id='word_1_235' title='bbox 1684 805 1826 840; x_wconf 86' lang='lat' dir='ltr'><strong>Joannes;</strong></span> <span class='ocrx_word' id='word_1_236' title='bbox 1838 815 1889 834; x_wconf 77' lang='lat' dir='ltr'><strong>cum</strong></span> 
     </span>
    </p>
   </div>
   <div class='ocr_carea' id='block_1_33' title="bbox 278 843 1889 891">
    <p class='ocr_par' dir='ltr' id='par_1_33' title="bbox 278 843 1889 891">
     <span class='ocr_line' id='line_1_33' title="bbox 278 843 1889 891; baseline 0 -11"><span class='ocrx_word' id='word_1_237' title='bbox 278 863 288 880; x_wconf 78' lang='grc' dir='ltr'>ι</span> <span class='ocrx_word' id='word_1_238' title='bbox 304 853 342 881; x_wconf 88' lang='lat' dir='ltr'><strong>Te</strong></span> <span class='ocrx_word' id='word_1_239' title='bbox 358 858 457 887; x_wconf 83' lang='lat' dir='ltr'><strong>autem,</strong></span> <span class='ocrx_word' id='word_1_240' title='bbox 472 843 566 888; x_wconf 76' lang='lat' dir='ltr'><strong>frater,</strong></span> <span class='ocrx_word' id='word_1_241' title='bbox 577 854 673 882; x_wconf 84' lang='lat' dir='ltr'><strong>liberet</strong></span> <span class='ocrx_word' id='word_1_242' title='bbox 689 856 767 888; x_wconf 73' lang='lat' dir='ltr'><strong>Deus,</strong></span> <span class='ocrx_word' id='word_1_243' title='bbox 783 861 810 884; x_wconf 87' lang='lat' dir='ltr'><strong>et</strong></span> <span class='ocrx_word' id='word_1_244' title='bbox 826 861 947 884; x_wconf 83' lang='lat' dir='ltr'><strong>sanctum</strong></span> <span class='ocrx_word' id='word_1_245' title='bbox 966 843 1056 891; x_wconf 56' lang='grc' dir='ltr'><strong>’ρορυ-</strong></span> <span class='ocrx_word' id='word_1_246' title='bbox 1071 850 1092 877; x_wconf 90' lang='grc' dir='ltr'><strong>Β</strong></span> <span class='ocrx_word' id='word_1_247' title='bbox 1107 853 1139 880; x_wconf 91' lang='lat' dir='ltr'><strong>ad</strong></span> <span class='ocrx_word' id='word_1_248' title='bbox 1156 851 1214 887; x_wconf 85' lang='lat' dir='ltr'><strong>ejus</strong></span> <span class='ocrx_word' id='word_1_249' title='bbox 1230 852 1414 888; x_wconf 82' lang='lat' dir='ltr'><strong>refugiendam</strong></span> <span class='ocrx_word' id='word_1_250' title='bbox 1430 853 1644 880; x_wconf 86' lang='lat' dir='ltr'><strong>communionem</strong></span> <span class='ocrx_word' id='word_1_251' title='bbox 1674 843 1825 887; x_wconf 79' lang='lat' dir='ltr'><strong>Epiphauii</strong></span> <span class='ocrx_word' id='word_1_252' title='bbox 1841 861 1889 880; x_wconf 81' lang='lat' dir='ltr'><strong>Ino-</strong></span> 
     </span>
    </p>
   </div>
   <div class='ocr_carea' id='block_1_34' title="bbox 274 899 1056 934">
    <p class='ocr_par' dir='ltr' id='par_1_34' title="bbox 274 899 1056 934">
     <span class='ocr_line' id='line_1_34' title="bbox 274 899 1056 934; baseline 0.005 -8"><span class='ocrx_word' id='word_1_253' title='bbox 274 899 329 926; x_wconf 93' lang='lat' dir='ltr'><strong>lum</strong></span> <span class='ocrx_word' id='word_1_254' title='bbox 352 900 452 927; x_wconf 85' lang='lat' dir='ltr'><strong>Christi</strong></span> <span class='ocrx_word' id='word_1_255' title='bbox 465 901 511 934; x_wconf 88' lang='lat' dir='ltr'><strong>qui</strong></span> <span class='ocrx_word' id='word_1_256' title='bbox 528 900 576 928; x_wconf 90' lang='lat' dir='ltr'><strong>tibi</strong></span> <span class='ocrx_word' id='word_1_257' title='bbox 591 901 710 928; x_wconf 88' lang='lat' dir='ltr'><strong>creditus</strong></span> <span class='ocrx_word' id='word_1_258' title='bbox 729 905 829 933; x_wconf 87' lang='lat' dir='ltr'><strong>est,-ct</strong></span> <span class='ocrx_word' id='word_1_259' title='bbox 847 909 940 929; x_wconf 86' lang='lat' dir='ltr'><strong>omnes</strong></span> <span class='ocrx_word' id='word_1_260' title='bbox 960 903 1056 931; x_wconf 85' lang='lat' dir='ltr'><strong>fratres</strong></span> 
     </span>
    </p>
   </div>
   <div class='ocr_carea' id='block_1_35' title="bbox 275 945 1057 983">
    <p class='ocr_par' dir='ltr' id='par_1_35' title="bbox 275 945 1057 983">
     <span class='ocr_line' id='line_1_35' title="bbox 275 945 1057 983; baseline 0.005 -11"><span class='ocrx_word' id='word_1_261' title='bbox 275 945 319 980; x_wconf 89' lang='lat' dir='ltr'><strong>qui</strong></span> <span class='ocrx_word' id='word_1_262' title='bbox 334 951 420 974; x_wconf 88' lang='lat' dir='ltr'><strong>tecum</strong></span> <span class='ocrx_word' id='word_1_263' title='bbox 431 951 503 978; x_wconf 84' lang='lat' dir='ltr'><strong>sunt,</strong></span> <span class='ocrx_word' id='word_1_264' title='bbox 516 950 544 973; x_wconf 90' lang='lat' dir='ltr'><strong>et</strong></span> <span class='ocrx_word' id='word_1_265' title='bbox 555 946 670 973; x_wconf 82' lang='lat' dir='ltr'><strong>maxime</strong></span> <span class='ocrx_word' id='word_1_266' title='bbox 684 946 808 973; x_wconf 79' lang='lat' dir='ltr'><strong>Rufinum</strong></span> <span class='ocrx_word' id='word_1_267' title='bbox 822 948 1006 983; x_wconf 88' lang='lat' dir='ltr'><strong>presbyterum</strong></span> <span class='ocrx_word' id='word_1_268' title='bbox 1023 950 1057 976; x_wconf 90' lang='lat' dir='ltr'><strong>ab</strong></span> 
     </span>
    </p>
   </div>
   <div class='ocr_carea' id='block_1_36' title="bbox 276 990 1058 1028">
    <p class='ocr_par' dir='ltr' id='par_1_36' title="bbox 276 990 1058 1028">
     <span class='ocr_line' id='line_1_36' title="bbox 276 990 1058 1028; baseline 0.004 -10"><span class='ocrx_word' id='word_1_269' title='bbox 276 990 371 1018; x_wconf 67' lang='lat' dir='ltr'><strong>harresi</strong></span> <span class='ocrx_word' id='word_1_270' title='bbox 382 991 516 1025; x_wconf 74' lang='lat' dir='ltr'><strong>Origenis,</strong></span> <span class='ocrx_word' id='word_1_271' title='bbox 528 996 555 1020; x_wconf 86' lang='lat' dir='ltr'><strong>et</strong></span> <span class='ocrx_word' id='word_1_272' title='bbox 572 991 606 1018; x_wconf 89' lang='lat' dir='ltr'><strong>ab</strong></span> <span class='ocrx_word' id='word_1_273' title='bbox 619 991 680 1019; x_wconf 89' lang='lat' dir='ltr'><strong>aliis</strong></span> <span class='ocrx_word' id='word_1_274' title='bbox 694 992 841 1020; x_wconf 73' lang='lat' dir='ltr'><strong>Itazresibus</strong></span> <span class='ocrx_word' id='word_1_275' title='bbox 868 999 895 1021; x_wconf 92' lang='lat' dir='ltr'><strong>et</strong></span> <span class='ocrx_word' id='word_1_276' title='bbox 908 994 1058 1028; x_wconf 83' lang='lat' dir='ltr'><strong>perditione</strong></span> 
     </span>
    </p>
   </div>
   <div class='ocr_carea' id='block_1_37' title="bbox 274 1037 1056 1074">
    <p class='ocr_par' dir='ltr' id='par_1_37' title="bbox 274 1037 1056 1074">
     <span class='ocr_line' id='line_1_37' title="bbox 274 1037 1056 1074; baseline 0.006 -11"><span class='ocrx_word' id='word_1_277' title='bbox 274 1043 378 1064; x_wconf 83' lang='lat' dir='ltr'><strong>earum.</strong></span> <span class='ocrx_word' id='word_1_278' title='bbox 398 1046 408 1063; x_wconf 72' lang='grc' dir='ltr'><strong><em>ι</em></strong></span> <span class='ocrx_word' id='word_1_279' title='bbox 427 1037 480 1064; x_wconf 87' lang='lat' dir='ltr'><strong>Nec</strong></span> <span class='ocrx_word' id='word_1_280' title='bbox 496 1038 574 1065; x_wconf 90' lang='lat' dir='ltr'><strong>aliam</strong></span> <span class='ocrx_word' id='word_1_281' title='bbox 590 1038 625 1065; x_wconf 94' lang='lat' dir='ltr'><strong>ob</strong></span> <span class='ocrx_word' id='word_1_282' title='bbox 640 1046 748 1065; x_wconf 84' lang='lat' dir='ltr'><strong>causam</strong></span> <span class='ocrx_word' id='word_1_283' title='bbox 762 1046 775 1065; x_wconf 88' lang='lat' dir='ltr'><strong>a</strong></span> <span class='ocrx_word' id='word_1_284' title='bbox 792 1039 906 1066; x_wconf 78' lang='lat' dir='ltr'><strong>conﬂata</strong></span> <span class='ocrx_word' id='word_1_285' title='bbox 920 1040 976 1074; x_wconf 84' lang='lat' dir='ltr'><strong>jam</strong></span> <span class='ocrx_word' id='word_1_286' title='bbox 995 1041 1056 1069; x_wconf 88' lang='lat' dir='ltr'><strong>imle</strong></span> 
     </span>
    </p>
   </div>
   <div class='ocr_carea' id='block_1_38' title="bbox 275 1081 1057 1118">
    <p class='ocr_par' dir='ltr' id='par_1_38' title="bbox 275 1081 1057 1118">
     <span class='ocr_line' id='line_1_38' title="bbox 275 1081 1057 1118; baseline 0.008 -11"><span class='ocrx_word' id='word_1_287' title='bbox 275 1087 290 1107; x_wconf 91' lang='lat' dir='ltr'><strong>a</strong></span> <span class='ocrx_word' id='word_1_288' title='bbox 311 1081 402 1108; x_wconf 90' lang='lat' dir='ltr'><strong>multis</strong></span> <span class='ocrx_word' id='word_1_289' title='bbox 414 1082 492 1110; x_wconf 88' lang='lat' dir='ltr'><strong>annis</strong></span> <span class='ocrx_word' id='word_1_290' title='bbox 513 1089 574 1110; x_wconf 92' lang='lat' dir='ltr'><strong>cum</strong></span> <span class='ocrx_word' id='word_1_291' title='bbox 591 1081 752 1118; x_wconf 88' lang='lat' dir='ltr'><strong>Hieronymo</strong></span> <span class='ocrx_word' id='word_1_292' title='bbox 769 1085 967 1113; x_wconf 85' lang='lat' dir='ltr'><strong>necessitudine</strong></span> <span class='ocrx_word' id='word_1_293' title='bbox 982 1085 1057 1113; x_wconf 80' lang='lat' dir='ltr'><strong>Rull-</strong></span> 
     </span>
    </p>
   </div>
   <div class='ocr_carea' id='block_1_39' title="bbox 277 1126 452 1155">
    <p class='ocr_par' dir='ltr' id='par_1_39' title="bbox 277 1126 452 1155">
     <span class='ocr_line' id='line_1_39' title="bbox 277 1126 452 1155; baseline 0.006 -1"><span class='ocrx_word' id='word_1_294' title='bbox 277 1133 329 1154; x_wconf 85' lang='lat' dir='ltr'><strong>nus</strong></span> <span class='ocrx_word' id='word_1_295' title='bbox 345 1126 452 1155; x_wconf 87' lang='lat' dir='ltr'><strong>defecit.</strong></span> 
     </span>
    </p>
   </div>
   <div class='ocr_carea' id='block_1_40' title="bbox 309 1172 1058 1213">
    <p class='ocr_par' dir='ltr' id='par_1_40' title="bbox 309 1172 1058 1213">
     <span class='ocr_line' id='line_1_40' title="bbox 309 1172 1058 1213; baseline 0.007 -14"><span class='ocrx_word' id='word_1_296' title='bbox 309 1172 356 1200; x_wconf 79' lang='lat' dir='ltr'><strong>XI.</strong></span> <span class='ocrx_word' id='word_1_297' title='bbox 369 1172 620 1208; x_wconf 76' lang='lat' dir='ltr'><strong>lngravescentibus</strong></span> <span class='ocrx_word' id='word_1_298' title='bbox 645 1173 670 1201; x_wconf 90' lang='lat' dir='ltr'><strong>in</strong></span> <span class='ocrx_word' id='word_1_299' title='bbox 686 1173 743 1202; x_wconf 84' lang='lat' dir='ltr'><strong>dies</strong></span> <span class='ocrx_word' id='word_1_300' title='bbox 772 1173 901 1203; x_wconf 88' lang='lat' dir='ltr'><strong>Joannem</strong></span> <span class='ocrx_word' id='word_1_301' title='bbox 921 1175 1058 1213; x_wconf 85' lang='lat' dir='ltr'><strong>Jerosoly-</strong></span> 
     </span>
    </p>
   </div>
   <div class='ocr_carea' id='block_1_41' title="bbox 276 1219 1057 1255">
    <p class='ocr_par' dir='ltr' id='par_1_41' title="bbox 276 1219 1057 1255">
     <span class='ocr_line' id='line_1_41' title="bbox 276 1219 1057 1255; baseline 0.005 -10"><span class='ocrx_word' id='word_1_302' title='bbox 276 1219 405 1246; x_wconf 84' lang='lat' dir='ltr'><strong>Initanum</strong></span> <span class='ocrx_word' id='word_1_303' title='bbox 419 1219 489 1246; x_wconf 88' lang='lat' dir='ltr'><strong>inter</strong></span> <span class='ocrx_word' id='word_1_304' title='bbox 500 1224 527 1246; x_wconf 89' lang='lat' dir='ltr'><strong>et</strong></span> <span class='ocrx_word' id='word_1_305' title='bbox 537 1219 713 1254; x_wconf 84' lang='lat' dir='ltr'><strong>Epiphanium</strong></span> <span class='ocrx_word' id='word_1_306' title='bbox 723 1220 802 1255; x_wconf 90' lang='lat' dir='ltr'><strong>odiis,</strong></span> <span class='ocrx_word' id='word_1_307' title='bbox 811 1225 898 1249; x_wconf 87' lang='lat' dir='ltr'><strong>tantos</strong></span> <span class='ocrx_word' id='word_1_308' title='bbox 911 1223 1057 1249; x_wconf 85' lang='lat' dir='ltr'><strong>amicorum</strong></span> 
     </span>
    </p>
   </div>
   <div class='ocr_carea' id='block_1_42' title="bbox 277 1265 1059 1299">
    <p class='ocr_par' dir='ltr' id='par_1_42' title="bbox 277 1265 1059 1299">
     <span class='ocr_line' id='line_1_42' title="bbox 277 1265 1059 1299; baseline 0.005 -9"><span class='ocrx_word' id='word_1_309' title='bbox 277 1268 366 1291; x_wconf 89' lang='lat' dir='ltr'><strong>motus</strong></span> <span class='ocrx_word' id='word_1_310' title='bbox 378 1271 548 1299; x_wconf 82' lang='lat' dir='ltr'><strong>compescere</strong></span> <span class='ocrx_word' id='word_1_311' title='bbox 563 1265 663 1292; x_wconf 85' lang='lat' dir='ltr'><strong>studuit</strong></span> <span class='ocrx_word' id='word_1_312' title='bbox 677 1266 826 1294; x_wconf 80' lang='lat' dir='ltr'><strong>Archelaus</strong></span> <span class='ocrx_word' id='word_1_313' title='bbox 846 1273 947 1299; x_wconf 88' lang='lat' dir='ltr'><strong>comes,</strong></span> <span class='ocrx_word' id='word_1_314' title='bbox 961 1267 1013 1299; x_wconf 88' lang='lat' dir='ltr'><strong>vir,</strong></span> <span class='ocrx_word' id='word_1_315' title='bbox 1031 1272 1059 1294; x_wconf 91' lang='lat' dir='ltr'><strong>ut</strong></span> 
     </span>
    </p>
   </div>
   <div class='ocr_carea' id='block_1_43' title="bbox 276 1309 1057 1345">
    <p class='ocr_par' dir='ltr' id='par_1_43' title="bbox 276 1309 1057 1345">
     <span class='ocr_line' id='line_1_43' title="bbox 276 1309 1057 1345; baseline 0.005 -9"><span class='ocrx_word' id='word_1_316' title='bbox 276 1309 314 1336; x_wconf 93' lang='lat' dir='ltr'><strong>ait</strong></span> <span class='ocrx_word' id='word_1_317' title='bbox 339 1309 528 1345; x_wconf 83' lang='lat' dir='ltr'><strong>Hieronymus,</strong></span> <span class='ocrx_word' id='word_1_318' title='bbox 557 1319 568 1336; x_wconf 87' lang='grc'><strong>‹</strong></span> <span class='ocrx_word' id='word_1_319' title='bbox 590 1311 784 1340; x_wconf 75' lang='lat' dir='ltr'><strong>disertissimus</strong></span> <span class='ocrx_word' id='word_1_320' title='bbox 813 1317 840 1339; x_wconf 91' lang='lat' dir='ltr'><strong>et</strong></span> <span class='ocrx_word' id='word_1_321' title='bbox 866 1313 1057 1340; x_wconf 84' lang='lat' dir='ltr'><strong>christianissi-</strong></span> 
     </span>
    </p>
   </div>
   <div class='ocr_carea' id='block_1_44' title="bbox 278 1354 1058 1392">
    <p class='ocr_par' dir='ltr' id='par_1_44' title="bbox 278 1354 1058 1392">
     <span class='ocr_line' id='line_1_44' title="bbox 278 1354 1058 1392; baseline 0.008 -12"><span class='ocrx_word' id='word_1_322' title='bbox 278 1361 348 1382; x_wconf 87' lang='lat' dir='ltr'><strong>mus.</strong></span> <span class='ocrx_word' id='word_1_323' title='bbox 373 1363 383 1380; x_wconf 86' lang='grc'><strong>›</strong></span> <span class='ocrx_word' id='word_1_324' title='bbox 400 1354 502 1383; x_wconf 85' lang='lat' dir='ltr'><strong>Placuit</strong></span> <span class='ocrx_word' id='word_1_325' title='bbox 521 1355 547 1383; x_wconf 90' lang='lat' dir='ltr'><strong>in</strong></span> <span class='ocrx_word' id='word_1_326' title='bbox 567 1357 672 1391; x_wconf 87' lang='lat' dir='ltr'><strong>primis,</strong></span> <span class='ocrx_word' id='word_1_327' title='bbox 688 1363 717 1385; x_wconf 93' lang='lat' dir='ltr'><strong>ut</strong></span> <span class='ocrx_word' id='word_1_328' title='bbox 734 1357 859 1392; x_wconf 90' lang='lat' dir='ltr'><strong>quoniam</strong></span> <span class='ocrx_word' id='word_1_329' title='bbox 882 1358 985 1386; x_wconf 66' lang='lat' dir='ltr'><strong>violata;</strong></span> <span class='ocrx_word' id='word_1_330' title='bbox 999 1358 1058 1386; x_wconf 82' lang='lat' dir='ltr'><strong>fidei</strong></span> 
     </span>
    </p>
   </div>
   <div class='ocr_carea' id='block_1_45' title="bbox 275 1400 1059 1439">
    <p class='ocr_par' dir='ltr' id='par_1_45' title="bbox 275 1400 1059 1439">
     <span class='ocr_line' id='line_1_45' title="bbox 275 1400 1059 1439; baseline 0.006 -13"><span class='ocrx_word' id='word_1_331' title='bbox 275 1400 395 1434; x_wconf 87' lang='lat' dir='ltr'><strong>suspicio</strong></span> <span class='ocrx_word' id='word_1_332' title='bbox 421 1401 569 1435; x_wconf 81' lang='lat' dir='ltr'><strong>peperisset</strong></span> <span class='ocrx_word' id='word_1_333' title='bbox 593 1402 765 1436; x_wconf 87' lang='lat' dir='ltr'><strong>discordiam,</strong></span> <span class='ocrx_word' id='word_1_334' title='bbox 791 1403 910 1438; x_wconf 84' lang='lat' dir='ltr'><strong>ejusdem</strong></span> <span class='ocrx_word' id='word_1_335' title='bbox 929 1403 1059 1439; x_wconf 82' lang='lat' dir='ltr'><strong>professio</strong></span> 
     </span>
    </p>
   </div>
   <div class='ocr_carea' id='block_1_46' title="bbox 276 1445 1058 1481">
    <p class='ocr_par' dir='ltr' id='par_1_46' title="bbox 276 1445 1058 1481">
     <span class='ocr_line' id='line_1_46' title="bbox 276 1445 1058 1481; baseline 0.006 -9"><span class='ocrx_word' id='word_1_336' title='bbox 276 1445 348 1472; x_wconf 89' lang='lat' dir='ltr'><strong>viam</strong></span> <span class='ocrx_word' id='word_1_337' title='bbox 365 1446 398 1473; x_wconf 89' lang='lat' dir='ltr'><strong>ad</strong></span> <span class='ocrx_word' id='word_1_338' title='bbox 414 1447 585 1474; x_wconf 88' lang='lat' dir='ltr'><strong>concordiam</strong></span> <span class='ocrx_word' id='word_1_339' title='bbox 600 1448 727 1475; x_wconf 87' lang='lat' dir='ltr'><strong>muniret.</strong></span> <span class='ocrx_word' id='word_1_340' title='bbox 740 1448 872 1476; x_wconf 85' lang='lat' dir='ltr'><strong>Condicto</strong></span> <span class='ocrx_word' id='word_1_341' title='bbox 896 1449 1006 1481; x_wconf 72' lang='lat' dir='ltr'><strong>findet-is</strong></span> <span class='ocrx_word' id='word_1_342' title='bbox 1018 1449 1058 1476; x_wconf 87' lang='lat' dir='ltr'><strong>lo-</strong></span> 
     </span>
    </p>
   </div>
   <div class='ocr_carea' id='block_1_47' title="bbox 277 1490 1058 1530">
    <p class='ocr_par' dir='ltr' id='par_1_47' title="bbox 277 1490 1058 1530">
     <span class='ocr_line' id='line_1_47' title="bbox 277 1490 1058 1530; baseline 0.006 -12"><span class='ocrx_word' id='word_1_343' title='bbox 277 1498 320 1524; x_wconf 87' lang='lat' dir='ltr'><strong>co,</strong></span> <span class='ocrx_word' id='word_1_344' title='bbox 334 1495 360 1519; x_wconf 81' lang='lat' dir='ltr'><strong>et</strong></span> <span class='ocrx_word' id='word_1_345' title='bbox 371 1490 426 1525; x_wconf 86' lang='lat' dir='ltr'><strong>jam</strong></span> <span class='ocrx_word' id='word_1_346' title='bbox 440 1496 534 1519; x_wconf 87' lang='lat' dir='ltr'><strong>coacto</strong></span> <span class='ocrx_word' id='word_1_347' title='bbox 545 1493 747 1526; x_wconf 85' lang='lat' dir='ltr'><strong>monachorum,</strong></span> <span class='ocrx_word' id='word_1_348' title='bbox 760 1494 927 1529; x_wconf 85' lang='lat' dir='ltr'><strong>aliorumque</strong></span> <span class='ocrx_word' id='word_1_349' title='bbox 937 1495 1058 1530; x_wconf 81' lang='lat' dir='ltr'><strong>complu-</strong></span> 
     </span>
    </p>
   </div>
   <div class='ocr_carea' id='block_1_48' title="bbox 278 1536 1058 1572">
    <p class='ocr_par' dir='ltr' id='par_1_48' title="bbox 278 1536 1058 1572">
     <span class='ocr_line' id='line_1_48' title="bbox 278 1536 1058 1572; baseline 0.006 -10"><span class='ocrx_word' id='word_1_350' title='bbox 278 1536 346 1563; x_wconf 92' lang='lat' dir='ltr'><strong>rium</strong></span> <span class='ocrx_word' id='word_1_351' title='bbox 358 1540 441 1568; x_wconf 71' lang='lat' dir='ltr'><strong>cmlu,</strong></span> <span class='ocrx_word' id='word_1_352' title='bbox 457 1544 526 1563; x_wconf 90' lang='lat' dir='ltr'><strong>unus</strong></span> <span class='ocrx_word' id='word_1_353' title='bbox 553 1537 759 1572; x_wconf 71' lang='lat' dir='ltr'><strong>exspectabatur</strong></span> <span class='ocrx_word' id='word_1_354' title='bbox 784 1538 918 1571; x_wconf 88' lang='lat' dir='ltr'><strong>Joannes,</strong></span> <span class='ocrx_word' id='word_1_355' title='bbox 940 1547 999 1567; x_wconf 83' lang='lat' dir='ltr'><strong>cum</strong></span> <span class='ocrx_word' id='word_1_356' title='bbox 1015 1540 1058 1568; x_wconf 89' lang='lat' dir='ltr'><strong>ille</strong></span> 
     </span>
    </p>
   </div>
   <div class='ocr_carea' id='block_1_49' title="bbox 277 1581 1058 1618">
    <p class='ocr_par' dir='ltr' id='par_1_49' title="bbox 277 1581 1058 1618">
     <span class='ocr_line' id='line_1_49' title="bbox 277 1581 1058 1618; baseline 0.006 -10"><span class='ocrx_word' id='word_1_357' title='bbox 277 1581 440 1609; x_wconf 65' lang='lat' dir='ltr'><strong>mulierculae</strong></span> <span class='ocrx_word' id='word_1_358' title='bbox 464 1582 553 1609; x_wconf 87' lang='lat' dir='ltr'><strong>nescio</strong></span> <span class='ocrx_word' id='word_1_359' title='bbox 573 1581 650 1616; x_wconf 87' lang='lat' dir='ltr'><strong>cujus</strong></span> <span class='ocrx_word' id='word_1_360' title='bbox 664 1584 786 1610; x_wconf 81' lang='lat' dir='ltr'><strong>morbum</strong></span> <span class='ocrx_word' id='word_1_361' title='bbox 800 1590 939 1618; x_wconf 83' lang='lat' dir='ltr'><strong>causatus,</strong></span> <span class='ocrx_word' id='word_1_362' title='bbox 958 1593 1014 1613; x_wconf 83' lang='lat' dir='ltr'><strong>rem</strong></span> <span class='ocrx_word' id='word_1_363' title='bbox 1031 1586 1058 1613; x_wconf 92' lang='lat' dir='ltr'><strong>in</strong></span> 
     </span>
    </p>
   </div>
   <div class='ocr_carea' id='block_1_50' title="bbox 276 1627 1058 1663">
    <p class='ocr_par' dir='ltr' id='par_1_50' title="bbox 276 1627 1058 1663">
     <span class='ocr_line' id='line_1_50' title="bbox 276 1627 1058 1663; baseline 0.005 -9"><span class='ocrx_word' id='word_1_364' title='bbox 276 1627 347 1654; x_wconf 83' lang='lat' dir='ltr'><strong>aliud</strong></span> <span class='ocrx_word' id='word_1_365' title='bbox 362 1627 467 1654; x_wconf 88' lang='lat' dir='ltr'><strong>distulit</strong></span> <span class='ocrx_word' id='word_1_366' title='bbox 483 1632 597 1662; x_wconf 82' lang='lat' dir='ltr'><strong>tempus,</strong></span> <span class='ocrx_word' id='word_1_367' title='bbox 627 1629 798 1663; x_wconf 87' lang='lat' dir='ltr'><strong>monentiqne</strong></span> <span class='ocrx_word' id='word_1_368' title='bbox 823 1630 963 1662; x_wconf 83' lang='lat' dir='ltr'><strong>Archelao,</strong></span> <span class='ocrx_word' id='word_1_369' title='bbox 985 1635 1013 1658; x_wconf 89' lang='lat' dir='ltr'><strong>et</strong></span> <span class='ocrx_word' id='word_1_370' title='bbox 1023 1631 1058 1658; x_wconf 79' lang='lat' dir='ltr'><strong>ad</strong></span> 
     </span>
    </p>
   </div>
   <div class='ocr_carea' id='block_1_51' title="bbox 276 1672 1058 1706">
    <p class='ocr_par' dir='ltr' id='par_1_51' title="bbox 276 1672 1058 1706">
     <span class='ocr_line' id='line_1_51' title="bbox 276 1672 1058 1706; baseline 0.008 -7"><span class='ocrx_word' id='word_1_371' title='bbox 276 1672 465 1706; x_wconf 86' lang='lat' dir='ltr'><strong>paciscendum</strong></span> <span class='ocrx_word' id='word_1_372' title='bbox 480 1673 616 1705; x_wconf 83' lang='lat' dir='ltr'><strong>invitanti,</strong></span> <span class='ocrx_word' id='word_1_373' title='bbox 630 1674 723 1701; x_wconf 87' lang='lat' dir='ltr'><strong>eadem</strong></span> <span class='ocrx_word' id='word_1_374' title='bbox 738 1683 802 1702; x_wconf 82' lang='lat' dir='ltr'><strong>usus</strong></span> <span class='ocrx_word' id='word_1_375' title='bbox 817 1677 992 1705; x_wconf 80' lang='lat' dir='ltr'><strong>excusatione</strong></span> <span class='ocrx_word' id='word_1_376' title='bbox 1005 1685 1058 1705; x_wconf 86' lang='lat' dir='ltr'><strong>non</strong></span> 
     </span>
    </p>
   </div>
   <div class='ocr_carea' id='block_1_52' title="bbox 275 1718 1058 1758">
    <p class='ocr_par' dir='ltr' id='par_1_52' title="bbox 275 1718 1058 1758">
     <span class='ocr_line' id='line_1_52' title="bbox 275 1718 1058 1758; baseline 0.008 -14"><span class='ocrx_word' id='word_1_377' title='bbox 275 1718 376 1752; x_wconf 87' lang='lat' dir='ltr'><strong>paruit.</strong></span> <span class='ocrx_word' id='word_1_378' title='bbox 388 1718 456 1745; x_wconf 94' lang='lat' dir='ltr'><strong>Tum</strong></span> <span class='ocrx_word' id='word_1_379' title='bbox 471 1725 534 1746; x_wconf 87' lang='lat' dir='ltr'><strong>vero</strong></span> <span class='ocrx_word' id='word_1_380' title='bbox 547 1719 626 1746; x_wconf 84' lang='lat' dir='ltr'><strong>ollicii</strong></span> <span class='ocrx_word' id='word_1_381' title='bbox 642 1721 683 1747; x_wconf 90' lang='lat' dir='ltr'><strong>sui</strong></span> <span class='ocrx_word' id='word_1_382' title='bbox 700 1727 760 1748; x_wconf 86' lang='lat' dir='ltr'><strong>esse</strong></span> <span class='ocrx_word' id='word_1_383' title='bbox 777 1723 883 1749; x_wconf 80' lang='lat' dir='ltr'><strong>censuit</strong></span> <span class='ocrx_word' id='word_1_384' title='bbox 896 1721 1058 1758; x_wconf 88' lang='lat' dir='ltr'><strong>Theophilus</strong></span> 
     </span>
    </p>
   </div>
   <div class='ocr_carea' id='block_1_53' title="bbox 275 1762 1059 1801">
    <p class='ocr_par' dir='ltr' id='par_1_53' title="bbox 275 1762 1059 1801">
     <span class='ocr_line' id='line_1_53' title="bbox 275 1762 1059 1801; baseline 0.008 -12"><span class='ocrx_word' id='word_1_385' title='bbox 275 1762 474 1791; x_wconf 82' lang='lat' dir='ltr'><strong>Alexandrinus</strong></span> <span class='ocrx_word' id='word_1_386' title='bbox 499 1763 631 1792; x_wconf 88' lang='lat' dir='ltr'><strong>laboranti</strong></span> <span class='ocrx_word' id='word_1_387' title='bbox 655 1765 781 1793; x_wconf 68' lang='lat' dir='ltr'><strong>Ecclesiae</strong></span> <span class='ocrx_word' id='word_1_388' title='bbox 807 1774 978 1801; x_wconf 75' lang='lat' dir='ltr'><strong>succurrere;</strong></span> <span class='ocrx_word' id='word_1_389' title='bbox 1001 1768 1059 1796; x_wconf 84' lang='lat' dir='ltr'><strong>sive</strong></span> 
     </span>
    </p>
   </div>
   <div class='ocr_carea' id='block_1_54' title="bbox 276 1809 1059 1847">
    <p class='ocr_par' dir='ltr' id='par_1_54' title="bbox 276 1809 1059 1847">
     <span class='ocr_line' id='line_1_54' title="bbox 276 1809 1059 1847; baseline 0.008 -12"><span class='ocrx_word' id='word_1_390' title='bbox 276 1809 347 1836; x_wconf 82' lang='lat' dir='ltr'><strong>fama</strong></span> <span class='ocrx_word' id='word_1_391' title='bbox 365 1810 509 1843; x_wconf 86' lang='lat' dir='ltr'><strong>excitatus,</strong></span> <span class='ocrx_word' id='word_1_392' title='bbox 533 1811 601 1844; x_wconf 88' lang='lat' dir='ltr'><strong>sive,</strong></span> <span class='ocrx_word' id='word_1_393' title='bbox 616 1811 686 1846; x_wconf 89' lang='lat' dir='ltr'><strong>quod</strong></span> <span class='ocrx_word' id='word_1_394' title='bbox 702 1812 791 1846; x_wconf 82' lang='lat' dir='ltr'><strong>potius</strong></span> <span class='ocrx_word' id='word_1_395' title='bbox 801 1813 971 1847; x_wconf 67' lang='lat' dir='ltr'><strong>crediderim,</strong></span> <span class='ocrx_word' id='word_1_396' title='bbox 990 1814 1059 1841; x_wconf 88' lang='lat' dir='ltr'><strong>iuvi-</strong></span> 
     </span>
    </p>
   </div>
   <div class='ocr_carea' id='block_1_55' title="bbox 277 1854 1059 1893">
    <p class='ocr_par' dir='ltr' id='par_1_55' title="bbox 277 1854 1059 1893">
     <span class='ocr_line' id='line_1_55' title="bbox 277 1854 1059 1893; baseline 0.006 -12"><span class='ocrx_word' id='word_1_397' title='bbox 277 1859 348 1882; x_wconf 88' lang='lat' dir='ltr'><strong>tatus</strong></span> <span class='ocrx_word' id='word_1_398' title='bbox 358 1863 373 1881; x_wconf 87' lang='lat' dir='ltr'><strong>a</strong></span> <span class='ocrx_word' id='word_1_399' title='bbox 387 1854 502 1882; x_wconf 85' lang='lat' dir='ltr'><strong>Joanne.</strong></span> <span class='ocrx_word' id='word_1_400' title='bbox 519 1856 648 1884; x_wconf 86' lang='lat' dir='ltr'><strong>lsidorum</strong></span> <span class='ocrx_word' id='word_1_401' title='bbox 665 1857 757 1891; x_wconf 79' lang='lat' dir='ltr'><strong>itaque</strong></span> <span class='ocrx_word' id='word_1_402' title='bbox 772 1858 978 1886; x_wconf 82' lang='lat' dir='ltr'><strong>Alexandrinum</strong></span> <span class='ocrx_word' id='word_1_403' title='bbox 996 1866 1059 1893; x_wconf 85' lang='lat' dir='ltr'><strong>pre-</strong></span> 
     </span>
    </p>
   </div>
   <div class='ocr_carea' id='block_1_56' title="bbox 277 1900 1058 1938">
    <p class='ocr_par' dir='ltr' id='par_1_56' title="bbox 277 1900 1058 1938">
     <span class='ocr_line' id='line_1_56' title="bbox 277 1900 1058 1938; baseline 0.006 -12"><span class='ocrx_word' id='word_1_404' title='bbox 277 1900 416 1934; x_wconf 84' lang='lat' dir='ltr'><strong>sbyterum</strong></span> <span class='ocrx_word' id='word_1_405' title='bbox 426 1908 458 1927; x_wconf 84' lang='lat' dir='ltr'><strong>ac</strong></span> <span class='ocrx_word' id='word_1_406' title='bbox 473 1902 644 1934; x_wconf 79' lang='lat' dir='ltr'><strong>monachum,</strong></span> <span class='ocrx_word' id='word_1_407' title='bbox 659 1903 766 1937; x_wconf 88' lang='lat' dir='ltr'><strong>pietatis</strong></span> <span class='ocrx_word' id='word_1_408' title='bbox 783 1903 852 1930; x_wconf 85' lang='lat' dir='ltr'><strong>fatua</strong></span> <span class='ocrx_word' id='word_1_409' title='bbox 874 1904 1058 1938; x_wconf 82' lang='lat' dir='ltr'><strong>conspicuum,</strong></span> 
     </span>
    </p>
   </div>
   <div class='ocr_carea' id='block_1_57' title="bbox 278 1944 1060 1982">
    <p class='ocr_par' dir='ltr' id='par_1_57' title="bbox 278 1944 1060 1982">
     <span class='ocr_line' id='line_1_57' title="bbox 278 1944 1060 1982; baseline 0.009 -11"><span class='ocrx_word' id='word_1_410' title='bbox 278 1944 394 1979; x_wconf 76' lang='lat' dir='ltr'><strong>legatum</strong></span> <span class='ocrx_word' id='word_1_411' title='bbox 405 1946 439 1973; x_wconf 89' lang='lat' dir='ltr'><strong>ad</strong></span> <span class='ocrx_word' id='word_1_412' title='bbox 453 1945 595 1979; x_wconf 81' lang='lat' dir='ltr'><strong>Joannem,</strong></span> <span class='ocrx_word' id='word_1_413' title='bbox 609 1948 741 1982; x_wconf 87' lang='lat' dir='ltr'><strong>aliosque,</strong></span> <span class='ocrx_word' id='word_1_414' title='bbox 759 1949 938 1976; x_wconf 83' lang='lat' dir='ltr'><strong>sedandarum</strong></span> <span class='ocrx_word' id='word_1_415' title='bbox 950 1944 1060 1978; x_wconf 81' lang='lat' dir='ltr'><strong>conten-</strong></span> 
     </span>
    </p>
   </div>
   <div class='ocr_carea' id='block_1_58' title="bbox 277 1990 1060 2027">
    <p class='ocr_par' dir='ltr' id='par_1_58' title="bbox 277 1990 1060 2027">
     <span class='ocr_line' id='line_1_58' title="bbox 277 1990 1060 2027; baseline 0.008 -11"><span class='ocrx_word' id='word_1_416' title='bbox 277 1990 380 2016; x_wconf 91' lang='lat' dir='ltr'><strong>tionum</strong></span> <span class='ocrx_word' id='word_1_417' title='bbox 396 1998 475 2018; x_wconf 86' lang='lat' dir='ltr'><strong>causa</strong></span> <span class='ocrx_word' id='word_1_418' title='bbox 492 1991 574 2019; x_wconf 91' lang='lat' dir='ltr'><strong>mittit</strong></span> <span class='ocrx_word' id='word_1_419' title='bbox 599 2000 659 2019; x_wconf 91' lang='lat' dir='ltr'><strong>cum</strong></span> <span class='ocrx_word' id='word_1_420' title='bbox 679 1993 785 2025; x_wconf 81' lang='lat' dir='ltr'><strong>litteris,</strong></span> <span class='ocrx_word' id='word_1_421' title='bbox 813 1994 911 2027; x_wconf 87' lang='lat' dir='ltr'><strong>quibus</strong></span> <span class='ocrx_word' id='word_1_422' title='bbox 936 1994 1060 2025; x_wconf 82' lang='lat' dir='ltr'><strong>incensos</strong></span> 
     </span>
    </p>
   </div>
   <div class='ocr_carea' id='block_1_59' title="bbox 278 2035 1058 2073">
    <p class='ocr_par' dir='ltr' id='par_1_59' title="bbox 278 2035 1058 2073">
     <span class='ocr_line' id='line_1_59' title="bbox 278 2035 1058 2073; baseline 0.008 -12"><span class='ocrx_word' id='word_1_423' title='bbox 278 2035 383 2062; x_wconf 83' lang='lat' dir='ltr'><strong>animos</strong></span> <span class='ocrx_word' id='word_1_424' title='bbox 406 2035 528 2069; x_wconf 85' lang='lat' dir='ltr'><strong>delinire,</strong></span> <span class='ocrx_word' id='word_1_425' title='bbox 543 2041 571 2064; x_wconf 91' lang='lat' dir='ltr'><strong>et</strong></span> <span class='ocrx_word' id='word_1_426' title='bbox 595 2038 621 2064; x_wconf 92' lang='lat' dir='ltr'><strong>in</strong></span> <span class='ocrx_word' id='word_1_427' title='bbox 644 2038 757 2073; x_wconf 69' lang='lat' dir='ltr'><strong>gratiam</strong></span> <span class='ocrx_word' id='word_1_428' title='bbox 780 2039 908 2065; x_wconf 87' lang='lat' dir='ltr'><strong>reducere</strong></span> <span class='ocrx_word' id='word_1_429' title='bbox 929 2041 1058 2069; x_wconf 81' lang='lat' dir='ltr'><strong>tentabat.</strong></span> 
     </span>
    </p>
   </div>
   <div class='ocr_carea' id='block_1_60' title="bbox 280 2079 1059 2121">
    <p class='ocr_par' dir='ltr' id='par_1_60' title="bbox 280 2079 1059 2121">
     <span class='ocr_line' id='line_1_60' title="bbox 280 2079 1059 2121; baseline 0.01 -14"><span class='ocrx_word' id='word_1_430' title='bbox 280 2079 378 2108; x_wconf 85' lang='lat' dir='ltr'><strong>Verum</strong></span> <span class='ocrx_word' id='word_1_431' title='bbox 405 2089 452 2108; x_wconf 86' lang='lat' dir='ltr'><strong>sua</strong></span> <span class='ocrx_word' id='word_1_432' title='bbox 479 2089 541 2116; x_wconf 87' lang='lat' dir='ltr'><strong>spes</strong></span> <span class='ocrx_word' id='word_1_433' title='bbox 564 2082 741 2119; x_wconf 87' lang='lat' dir='ltr'><strong>Theophilum</strong></span> <span class='ocrx_word' id='word_1_434' title='bbox 758 2086 835 2121; x_wconf 72' lang='lat' dir='ltr'><strong>longe</strong></span> <span class='ocrx_word' id='word_1_435' title='bbox 852 2086 960 2120; x_wconf 82' lang='lat' dir='ltr'><strong>fefellit;</strong></span> <span class='ocrx_word' id='word_1_436' title='bbox 979 2094 1059 2120; x_wconf 86' lang='lat' dir='ltr'><strong>quem</strong></span> 
     </span>
    </p>
   </div>
   <div class='ocr_carea' id='block_1_61' title="bbox 278 2127 1059 2167">
    <p class='ocr_par' dir='ltr' id='par_1_61' title="bbox 278 2127 1059 2167">
     <span class='ocr_line' id='line_1_61' title="bbox 278 2127 1059 2167; baseline 0.009 -15"><span class='ocrx_word' id='word_1_437' title='bbox 278 2127 350 2153; x_wconf 88' lang='lat' dir='ltr'><strong>enim</strong></span> <span class='ocrx_word' id='word_1_438' title='bbox 377 2127 538 2162; x_wconf 82' lang='lat' dir='ltr'><strong>allegaverat</strong></span> <span class='ocrx_word' id='word_1_439' title='bbox 558 2128 700 2163; x_wconf 85' lang='lat' dir='ltr'><strong>lsidorum,</strong></span> <span class='ocrx_word' id='word_1_440' title='bbox 723 2139 812 2158; x_wconf 88' lang='lat' dir='ltr'><strong>merus</strong></span> <span class='ocrx_word' id='word_1_441' title='bbox 824 2137 883 2159; x_wconf 85' lang='lat' dir='ltr'><strong>erat</strong></span> <span class='ocrx_word' id='word_1_442' title='bbox 898 2132 1059 2167; x_wconf 71' lang='lat' dir='ltr'><strong>Origenista,</strong></span> 
     </span>
    </p>
   </div>
   <div class='ocr_carea' id='block_1_62' title="bbox 278 2171 1061 2212">
    <p class='ocr_par' dir='ltr' id='par_1_62' title="bbox 278 2171 1061 2212">
     <span class='ocr_line' id='line_1_62' title="bbox 278 2171 1061 2212; baseline 0.01 -14"><span class='ocrx_word' id='word_1_443' title='bbox 278 2171 438 2206; x_wconf 74' lang='lat' dir='ltr'><strong>Origenistis</strong></span> <span class='ocrx_word' id='word_1_444' title='bbox 450 2173 551 2206; x_wconf 86' lang='lat' dir='ltr'><strong>favens,</strong></span> <span class='ocrx_word' id='word_1_445' title='bbox 563 2176 702 2203; x_wconf 86' lang='lat' dir='ltr'><strong>turbandis</strong></span> <span class='ocrx_word' id='word_1_446' title='bbox 717 2177 796 2204; x_wconf 80' lang='lat' dir='ltr'><strong>rebus</strong></span> <span class='ocrx_word' id='word_1_447' title='bbox 808 2186 887 2212; x_wconf 85' lang='lat' dir='ltr'><strong>quam</strong></span> <span class='ocrx_word' id='word_1_448' title='bbox 900 2185 1061 2212; x_wconf 89' lang='lat' dir='ltr'><strong>componen-</strong></span> 
     </span>
    </p>
   </div>
   <div class='ocr_carea' id='block_1_63' title="bbox 278 2218 1059 2258">
    <p class='ocr_par' dir='ltr' id='par_1_63' title="bbox 278 2218 1059 2258">
     <span class='ocr_line' id='line_1_63' title="bbox 278 2218 1059 2258; baseline 0.013 -15"><span class='ocrx_word' id='word_1_449' title='bbox 278 2218 320 2244; x_wconf 89' lang='lat' dir='ltr'><strong>dis</strong></span> <span class='ocrx_word' id='word_1_450' title='bbox 331 2219 432 2253; x_wconf 83' lang='lat' dir='ltr'><strong>aptior;</strong></span> <span class='ocrx_word' id='word_1_451' title='bbox 451 2227 512 2246; x_wconf 89' lang='lat' dir='ltr'><strong>nam</strong></span> <span class='ocrx_word' id='word_1_452' title='bbox 527 2225 590 2248; x_wconf 89' lang='lat' dir='ltr'><strong>ante</strong></span> <span class='ocrx_word' id='word_1_453' title='bbox 609 2225 664 2249; x_wconf 86' lang='lat' dir='ltr'><strong>tres</strong></span> <span class='ocrx_word' id='word_1_454' title='bbox 677 2230 783 2250; x_wconf 85' lang='lat' dir='ltr'><strong>menses</strong></span> <span class='ocrx_word' id='word_1_455' title='bbox 800 2232 879 2258; x_wconf 82' lang='lat' dir='ltr'><strong>quam</strong></span> <span class='ocrx_word' id='word_1_456' title='bbox 898 2225 1001 2252; x_wconf 86' lang='lat' dir='ltr'><strong>veniret</strong></span> <span class='ocrx_word' id='word_1_457' title='bbox 1012 2225 1059 2253; x_wconf 86' lang='lat' dir='ltr'><strong>Je-</strong></span> 
     </span>
    </p>
   </div>
   <div class='ocr_carea' id='block_1_64' title="bbox 279 2265 1059 2307">
    <p class='ocr_par' dir='ltr' id='par_1_64' title="bbox 279 2265 1059 2307">
     <span class='ocr_line' id='line_1_64' title="bbox 279 2265 1059 2307; baseline 0.013 -18"><span class='ocrx_word' id='word_1_458' title='bbox 279 2265 450 2298; x_wconf 84' lang='lat' dir='ltr'><strong>rosolymam,</strong></span> <span class='ocrx_word' id='word_1_459' title='bbox 463 2265 564 2294; x_wconf 86' lang='lat' dir='ltr'><strong>litteras</strong></span> <span class='ocrx_word' id='word_1_460' title='bbox 587 2268 698 2295; x_wconf 81' lang='lat' dir='ltr'><strong>dederat</strong></span> <span class='ocrx_word' id='word_1_461' title='bbox 711 2270 744 2297; x_wconf 90' lang='lat' dir='ltr'><strong>ad</strong></span> <span class='ocrx_word' id='word_1_462' title='bbox 763 2269 931 2298; x_wconf 75' lang='lat' dir='ltr'><strong>Vincentium</strong></span> <span class='ocrx_word' id='word_1_463' title='bbox 947 2273 1059 2307; x_wconf 78' lang='lat' dir='ltr'><strong>presby-</strong></span> 
     </span>
    </p>
   </div>
   <div class='ocr_carea' id='block_1_65' title="bbox 280 2310 1058 2347">
    <p class='ocr_par' dir='ltr' id='par_1_65' title="bbox 280 2310 1058 2347">
     <span class='ocr_line' id='line_1_65' title="bbox 280 2310 1058 2347; baseline 0.013 -14"><span class='ocrx_word' id='word_1_464' title='bbox 280 2313 377 2341; x_wconf 88' lang='lat' dir='ltr'><strong>terum,</strong></span> <span class='ocrx_word' id='word_1_465' title='bbox 392 2310 488 2343; x_wconf 89' lang='lat' dir='ltr'><strong>quibus</strong></span> <span class='ocrx_word' id='word_1_466' title='bbox 501 2318 561 2338; x_wconf 92' lang='lat' dir='ltr'><strong>eum</strong></span> <span class='ocrx_word' id='word_1_467' title='bbox 579 2317 607 2339; x_wconf 90' lang='lat' dir='ltr'><strong>ut</strong></span> <span class='ocrx_word' id='word_1_468' title='bbox 623 2313 649 2339; x_wconf 93' lang='lat' dir='ltr'><strong>in</strong></span> <span class='ocrx_word' id='word_1_469' title='bbox 666 2314 814 2341; x_wconf 82' lang='lat' dir='ltr'><strong>orthodoxa</strong></span> <span class='ocrx_word' id='word_1_470' title='bbox 830 2315 891 2347; x_wconf 89' lang='lat' dir='ltr'><strong>lide,</strong></span> <span class='ocrx_word' id='word_1_471' title='bbox 911 2315 963 2342; x_wconf 87' lang='lat' dir='ltr'><strong>hoc</strong></span> <span class='ocrx_word' id='word_1_472' title='bbox 977 2317 1058 2343; x_wconf 85' lang='lat' dir='ltr'><strong>estin</strong></span> 
     </span>
    </p>
   </div>
   <div class='ocr_carea' id='block_1_66' title="bbox 278 2353 1058 2393">
    <p class='ocr_par' dir='ltr' id='par_1_66' title="bbox 278 2353 1058 2393">
     <span class='ocr_line' id='line_1_66' title="bbox 278 2353 1058 2393; baseline 0.012 -13"><span class='ocrx_word' id='word_1_473' title='bbox 278 2353 457 2389; x_wconf 77' lang='lat' dir='ltr'><strong>Origenismo,</strong></span> <span class='ocrx_word' id='word_1_474' title='bbox 469 2363 655 2391; x_wconf 86' lang='lat' dir='ltr'><strong>perseveraret</strong></span> <span class='ocrx_word' id='word_1_475' title='bbox 669 2359 842 2393; x_wconf 86' lang='lat' dir='ltr'><strong>hortabatur;</strong></span> <span class='ocrx_word' id='word_1_476' title='bbox 863 2361 1015 2389; x_wconf 88' lang='lat' dir='ltr'><strong>adfuturum</strong></span> <span class='ocrx_word' id='word_1_477' title='bbox 1030 2369 1058 2389; x_wconf 86' lang='lat' dir='ltr'><strong>se</strong></span> 
     </span>
    </p>
   </div>
   <div class='ocr_carea' id='block_1_67' title="bbox 279 2401 1056 2440">
    <p class='ocr_par' dir='ltr' id='par_1_67' title="bbox 279 2401 1056 2440">
     <span class='ocr_line' id='line_1_67' title="bbox 279 2401 1056 2440; baseline 0.012 -14"><span class='ocrx_word' id='word_1_478' title='bbox 279 2401 432 2435; x_wconf 82' lang='lat' dir='ltr'><strong>propediem</strong></span> <span class='ocrx_word' id='word_1_479' title='bbox 455 2402 488 2429; x_wconf 90' lang='lat' dir='ltr'><strong>ad</strong></span> <span class='ocrx_word' id='word_1_480' title='bbox 511 2409 611 2430; x_wconf 87' lang='lat' dir='ltr'><strong>cuneos</strong></span> <span class='ocrx_word' id='word_1_481' title='bbox 632 2405 844 2434; x_wconf 84' lang='lat' dir='ltr'><strong>adversariorum</strong></span> <span class='ocrx_word' id='word_1_482' title='bbox 870 2407 1056 2440; x_wconf 69' lang='lat' dir='ltr'><strong>proterendos.</strong></span> 
     </span>
    </p>
   </div>
   <div class='ocr_carea' id='block_1_68' title="bbox 282 2446 1055 2488">
    <p class='ocr_par' dir='ltr' id='par_1_68' title="bbox 282 2446 1055 2488">
     <span class='ocr_line' id='line_1_68' title="bbox 282 2446 1055 2488; baseline 0.006 -14"><span class='ocrx_word' id='word_1_483' title='bbox 282 2446 366 2474; x_wconf 76' lang='lat' dir='ltr'><strong>Verba</strong></span> <span class='ocrx_word' id='word_1_484' title='bbox 380 2452 442 2474; x_wconf 87' lang='lat' dir='ltr'><strong>sunt</strong></span> <span class='ocrx_word' id='word_1_485' title='bbox 455 2447 608 2484; x_wconf 85' lang='lat' dir='ltr'><strong>Hieronymi</strong></span> <span class='ocrx_word' id='word_1_486' title='bbox 621 2451 753 2485; x_wconf 84' lang='lat' dir='ltr'><strong>epist.6l,</strong></span> <span class='ocrx_word' id='word_1_487' title='bbox 764 2452 797 2479; x_wconf 87' lang='lat' dir='ltr'><strong>ad</strong></span> <span class='ocrx_word' id='word_1_488' title='bbox 813 2451 981 2485; x_wconf 83' lang='lat' dir='ltr'><strong>Patmnach.,</strong></span> <span class='ocrx_word' id='word_1_489' title='bbox 996 2460 1055 2488; x_wconf 81' lang='lat' dir='ltr'><strong>cap.</strong></span> 
     </span>
    </p>
   </div>
   <div class='ocr_carea' id='block_1_69' title="bbox 280 2491 1060 2532">
    <p class='ocr_par' dir='ltr' id='par_1_69' title="bbox 280 2491 1060 2532">
     <span class='ocr_line' id='line_1_69' title="bbox 280 2491 1060 2532; baseline 0.009 -15"><span class='ocrx_word' id='word_1_490' title='bbox 280 2491 324 2524; x_wconf 73' lang='lat' dir='ltr'><strong>l5,</strong></span> <span class='ocrx_word' id='word_1_491' title='bbox 341 2491 417 2526; x_wconf 70' lang='lat' dir='ltr'><strong>cujus</strong></span> <span class='ocrx_word' id='word_1_492' title='bbox 443 2493 555 2528; x_wconf 73' lang='lat' dir='ltr'><strong>vestigia</strong></span> <span class='ocrx_word' id='word_1_493' title='bbox 577 2501 701 2522; x_wconf 74' lang='lat' dir='ltr'><strong>accurate</strong></span> <span class='ocrx_word' id='word_1_494' title='bbox 717 2496 913 2531; x_wconf 88' lang='lat' dir='ltr'><strong>persequimur.</strong></span> <span class='ocrx_word' id='word_1_495' title='bbox 938 2496 984 2525; x_wconf 89' lang='lat' dir='ltr'><strong>Sic</strong></span> <span class='ocrx_word' id='word_1_496' title='bbox 996 2504 1060 2532; x_wconf 73' lang='lat' dir='ltr'><strong>ergo</strong></span> 
     </span>
    </p>
   </div>
   <div class='ocr_carea' id='block_1_70' title="bbox 279 2537 1059 2577">
    <p class='ocr_par' dir='ltr' id='par_1_70' title="bbox 279 2537 1059 2577">
     <span class='ocr_line' id='line_1_70' title="bbox 279 2537 1059 2577; baseline 0.012 -15"><span class='ocrx_word' id='word_1_497' title='bbox 279 2537 416 2565; x_wconf 82' lang='lat' dir='ltr'><strong>animatus</strong></span> <span class='ocrx_word' id='word_1_498' title='bbox 430 2539 556 2573; x_wconf 64' lang='lat' dir='ltr'><strong>egregius</strong></span> <span class='ocrx_word' id='word_1_499' title='bbox 580 2540 623 2567; x_wconf 88' lang='lat' dir='ltr'><strong>ille</strong></span> <span class='ocrx_word' id='word_1_500' title='bbox 645 2542 719 2575; x_wconf 84' lang='lat' dir='ltr'><strong>pacis</strong></span> <span class='ocrx_word' id='word_1_501' title='bbox 746 2546 896 2577; x_wconf 80' lang='lat' dir='ltr'><strong>sequester,</strong></span> <span class='ocrx_word' id='word_1_502' title='bbox 917 2542 1059 2576; x_wconf 87' lang='lat' dir='ltr'><strong>Joannem,</strong></span> 
     </span>
    </p>
   </div>
   <div class='ocr_carea' id='block_1_71' title="bbox 279 2581 1062 2622">
    <p class='ocr_par' dir='ltr' id='par_1_71' title="bbox 279 2581 1062 2622">
     <span class='ocr_line' id='line_1_71' title="bbox 279 2581 1062 2622; baseline 0.01 -15"><span class='ocrx_word' id='word_1_503' title='bbox 279 2581 398 2617; x_wconf 83' lang='lat' dir='ltr'><strong>aliosque</strong></span> <span class='ocrx_word' id='word_1_504' title='bbox 411 2582 587 2612; x_wconf 84' lang='lat' dir='ltr'><strong>dissensionis</strong></span> <span class='ocrx_word' id='word_1_505' title='bbox 606 2586 683 2620; x_wconf 89' lang='lat' dir='ltr'><strong>hujus</strong></span> <span class='ocrx_word' id='word_1_506' title='bbox 706 2587 849 2621; x_wconf 79' lang='lat' dir='ltr'><strong>participes</strong></span> <span class='ocrx_word' id='word_1_507' title='bbox 871 2587 938 2620; x_wconf 83' lang='lat' dir='ltr'><strong>adit,</strong></span> <span class='ocrx_word' id='word_1_508' title='bbox 951 2587 1062 2622; x_wconf 74' lang='lat' dir='ltr'><strong>legatio-</strong></span> 
     </span>
    </p>
   </div>
   <div class='ocr_carea' id='block_1_72' title="bbox 281 2629 1060 2665">
    <p class='ocr_par' dir='ltr' id='par_1_72' title="bbox 281 2629 1060 2665">
     <span class='ocr_line' id='line_1_72' title="bbox 281 2629 1060 2665; baseline 0.006 -10"><span class='ocrx_word' id='word_1_509' title='bbox 281 2634 396 2662; x_wconf 81' lang='lat' dir='ltr'><strong>nemque</strong></span> <span class='ocrx_word' id='word_1_510' title='bbox 410 2636 485 2656; x_wconf 85' lang='lat' dir='ltr'><strong>suam</strong></span> <span class='ocrx_word' id='word_1_511' title='bbox 503 2629 647 2658; x_wconf 88' lang='lat' dir='ltr'><strong>renuntiat.</strong></span> <span class='ocrx_word' id='word_1_512' title='bbox 663 2630 696 2657; x_wconf 88' lang='lat' dir='ltr'><strong>Et</strong></span> <span class='ocrx_word' id='word_1_513' title='bbox 713 2638 804 2665; x_wconf 87' lang='lat' dir='ltr'><strong>pacem</strong></span> <span class='ocrx_word' id='word_1_514' title='bbox 821 2632 990 2659; x_wconf 84' lang='lat' dir='ltr'><strong>conciliasset</strong></span> <span class='ocrx_word' id='word_1_515' title='bbox 1003 2632 1060 2660; x_wconf 84' lang='lat' dir='ltr'><strong>fur-</strong></span> 
     </span>
    </p>
   </div>
   <div class='ocr_carea' id='block_1_73' title="bbox 281 2673 1060 2710">
    <p class='ocr_par' dir='ltr' id='par_1_73' title="bbox 281 2673 1060 2710">
     <span class='ocr_line' id='line_1_73' title="bbox 281 2673 1060 2710; baseline 0.009 -12"><span class='ocrx_word' id='word_1_516' title='bbox 281 2676 362 2704; x_wconf 82' lang='lat' dir='ltr'><strong>tasse,</strong></span> <span class='ocrx_word' id='word_1_517' title='bbox 376 2673 398 2700; x_wconf 88' lang='lat' dir='ltr'><strong>si</strong></span> <span class='ocrx_word' id='word_1_518' title='bbox 413 2681 465 2700; x_wconf 90' lang='lat' dir='ltr'><strong>tton</strong></span> <span class='ocrx_word' id='word_1_519' title='bbox 476 2674 593 2701; x_wconf 89' lang='lat' dir='ltr'><strong>anitnutn</strong></span> <span class='ocrx_word' id='word_1_520' title='bbox 606 2674 765 2710; x_wconf 77' lang='lat' dir='ltr'><strong>Origenismi</strong></span> <span class='ocrx_word' id='word_1_521' title='bbox 785 2675 918 2704; x_wconf 79' lang='lat' dir='ltr'><strong>fermento</strong></span> <span class='ocrx_word' id='word_1_522' title='bbox 928 2676 1060 2705; x_wconf 84' lang='lat' dir='ltr'><strong>imbutum</strong></span> 
     </span>
    </p>
   </div>
   <div class='ocr_carea' id='block_1_74' title="bbox 282 2717 1061 2751">
    <p class='ocr_par' dir='ltr' id='par_1_74' title="bbox 282 2717 1061 2751">
     <span class='ocr_line' id='line_1_74' title="bbox 282 2717 1061 2751; baseline 0.01 -8"><span class='ocrx_word' id='word_1_523' title='bbox 282 2717 458 2751; x_wconf 85' lang='lat' dir='ltr'><strong>prodidisset;</strong></span> <span class='ocrx_word' id='word_1_524' title='bbox 474 2727 535 2746; x_wconf 91' lang='lat' dir='ltr'><strong>cum</strong></span> <span class='ocrx_word' id='word_1_525' title='bbox 548 2721 618 2748; x_wconf 83' lang='lat' dir='ltr'><strong>enim</strong></span> <span class='ocrx_word' id='word_1_526' title='bbox 633 2722 762 2749; x_wconf 70' lang='lat' dir='ltr'><strong>doctrinae</strong></span> <span class='ocrx_word' id='word_1_527' title='bbox 777 2722 840 2750; x_wconf 89' lang='lat' dir='ltr'><strong>huic</strong></span> <span class='ocrx_word' id='word_1_528' title='bbox 855 2722 988 2751; x_wconf 73' lang='lat' dir='ltr'><strong>infensum</strong></span> <span class='ocrx_word' id='word_1_529' title='bbox 1000 2723 1061 2751; x_wconf 86' lang='lat' dir='ltr'><strong>Hie-</strong></span> 
     </span>
    </p>
   </div>
   <div class='ocr_carea' id='block_1_75' title="bbox 284 2767 1060 2802">
    <p class='ocr_par' dir='ltr' id='par_1_75' title="bbox 284 2767 1060 2802">
     <span class='ocr_line' id='line_1_75' title="bbox 284 2767 1060 2802; baseline 0.013 -15"><span class='ocrx_word' id='word_1_530' title='bbox 284 2768 423 2796; x_wconf 84' lang='lat' dir='ltr'><strong>ronymum</strong></span> <span class='ocrx_word' id='word_1_531' title='bbox 452 2772 510 2792; x_wconf 87' lang='lat' dir='ltr'><strong>esse</strong></span> <span class='ocrx_word' id='word_1_532' title='bbox 524 2767 615 2799; x_wconf 76' lang='lat' dir='ltr'><strong>sciret,</strong></span> <span class='ocrx_word' id='word_1_533' title='bbox 643 2767 740 2795; x_wconf 89' lang='lat' dir='ltr'><strong>iterum</strong></span> <span class='ocrx_word' id='word_1_534' title='bbox 760 2768 865 2802; x_wconf 83' lang='lat' dir='ltr'><strong>quidem</strong></span> <span class='ocrx_word' id='word_1_535' title='bbox 879 2775 910 2796; x_wconf 91' lang='lat' dir='ltr'><strong>ac</strong></span> <span class='ocrx_word' id='word_1_536' title='bbox 925 2769 1005 2797; x_wconf 86' lang='lat' dir='ltr'><strong>tertio</strong></span> <span class='ocrx_word' id='word_1_537' title='bbox 1027 2770 1060 2796; x_wconf 89' lang='lat' dir='ltr'><strong>ad</strong></span> 
     </span>
    </p>
   </div>
   <div class='ocr_carea' id='block_1_76' title="bbox 285 2811 1060 2849">
    <p class='ocr_par' dir='ltr' id='par_1_76' title="bbox 285 2811 1060 2849">
     <span class='ocr_line' id='line_1_76' title="bbox 285 2811 1060 2849; baseline 0.01 -13"><span class='ocrx_word' id='word_1_538' title='bbox 285 2816 345 2837; x_wconf 82' lang='lat' dir='ltr'><strong>eum</strong></span> <span class='ocrx_word' id='word_1_539' title='bbox 365 2811 503 2845; x_wconf 85' lang='lat' dir='ltr'><strong>Theophili</strong></span> <span class='ocrx_word' id='word_1_540' title='bbox 527 2814 633 2842; x_wconf 79' lang='lat' dir='ltr'><strong>nomine</strong></span> <span class='ocrx_word' id='word_1_541' title='bbox 656 2815 782 2849; x_wconf 88' lang='lat' dir='ltr'><strong>accessit,</strong></span> <span class='ocrx_word' id='word_1_542' title='bbox 797 2815 954 2844; x_wconf 86' lang='lat' dir='ltr'><strong>commissas</strong></span> <span class='ocrx_word' id='word_1_543' title='bbox 970 2820 1060 2844; x_wconf 88' lang='lat' dir='ltr'><strong>autem</strong></span> 
     </span>
    </p>
   </div>
   <div class='ocr_carea' id='block_1_77' title="bbox 1107 898 1888 935">
    <p class='ocr_par' dir='ltr' id='par_1_77' title="bbox 1107 898 1888 935">
     <span class='ocr_line' id='line_1_77' title="bbox 1107 898 1888 935; baseline 0 -9"><span class='ocrx_word' id='word_1_544' title='bbox 1107 899 1164 926; x_wconf 93' lang='lat' dir='ltr'><strong>nitu</strong></span> <span class='ocrx_word' id='word_1_545' title='bbox 1180 898 1294 927; x_wconf 77' lang='lat' dir='ltr'><strong>fuissent</strong></span> <span class='ocrx_word' id='word_1_546' title='bbox 1310 899 1452 934; x_wconf 88' lang='lat' dir='ltr'><strong>compulsi.</strong></span> <span class='ocrx_word' id='word_1_547' title='bbox 1470 899 1636 935; x_wconf 78' lang='lat' dir='ltr'><strong>Responsum</strong></span> <span class='ocrx_word' id='word_1_548' title='bbox 1650 905 1791 934; x_wconf 68' lang='lat' dir='ltr'><strong>pmmrea</strong></span> <span class='ocrx_word' id='word_1_549' title='bbox 1804 900 1838 928; x_wconf 88' lang='lat' dir='ltr'><strong>ad</strong></span> <span class='ocrx_word' id='word_1_550' title='bbox 1850 908 1888 927; x_wconf 83' lang='lat' dir='ltr'><strong>su-</strong></span> 
     </span>
    </p>
   </div>
   <div class='ocr_carea' id='block_1_78' title="bbox 1107 945 1889 980">
    <p class='ocr_par' dir='ltr' id='par_1_78' title="bbox 1107 945 1889 980">
     <span class='ocr_line' id='line_1_78' title="bbox 1107 945 1889 980; baseline 0 -8"><span class='ocrx_word' id='word_1_551' title='bbox 1107 953 1156 980; x_wconf 86' lang='lat' dir='ltr'><strong>pra</strong></span> <span class='ocrx_word' id='word_1_552' title='bbox 1172 950 1346 973; x_wconf 85' lang='lat' dir='ltr'><strong>memoratam</strong></span> <span class='ocrx_word' id='word_1_553' title='bbox 1364 946 1502 980; x_wconf 86' lang='lat' dir='ltr'><strong>Epiphanii</strong></span> <span class='ocrx_word' id='word_1_554' title='bbox 1517 945 1659 980; x_wconf 87' lang='lat' dir='ltr'><strong>epistolam</strong></span> <span class='ocrx_word' id='word_1_555' title='bbox 1682 946 1755 972; x_wconf 87' lang='lat' dir='ltr'><strong>dare</strong></span> <span class='ocrx_word' id='word_1_556' title='bbox 1770 945 1889 980; x_wconf 74' lang='lat' dir='ltr'><strong>dedigna-</strong></span> 
     </span>
    </p>
   </div>
   <div class='ocr_carea' id='block_1_79' title="bbox 1108 990 1890 1026">
    <p class='ocr_par' dir='ltr' id='par_1_79' title="bbox 1108 990 1890 1026">
     <span class='ocr_line' id='line_1_79' title="bbox 1108 990 1890 1026; baseline 0.001 -9"><span class='ocrx_word' id='word_1_557' title='bbox 1108 995 1161 1023; x_wconf 88' lang='lat' dir='ltr'><strong>tus,</strong></span> <span class='ocrx_word' id='word_1_558' title='bbox 1178 991 1288 1026; x_wconf 74' lang='lat' dir='ltr'><strong>legatos,</strong></span> <span class='ocrx_word' id='word_1_559' title='bbox 1308 991 1379 1026; x_wconf 86' lang='lat' dir='ltr'><strong>quod</strong></span> <span class='ocrx_word' id='word_1_560' title='bbox 1399 991 1474 1025; x_wconf 92' lang='lat' dir='ltr'><strong>prius</strong></span> <span class='ocrx_word' id='word_1_561' title='bbox 1499 990 1761 1024; x_wconf 67' lang='lat' dir='ltr'><strong>minitatusfuerat,</strong></span> <span class='ocrx_word' id='word_1_562' title='bbox 1776 997 1890 1026; x_wconf 85' lang='lat' dir='ltr'><strong>quaqua-</strong></span> 
     </span>
    </p>
   </div>
   <div class='ocr_carea' id='block_1_80' title="bbox 1107 1036 1890 1072">
    <p class='ocr_par' dir='ltr' id='par_1_80' title="bbox 1107 1036 1890 1072">
     <span class='ocr_line' id='line_1_80' title="bbox 1107 1036 1890 1072; baseline -0.001 -8"><span class='ocrx_word' id='word_1_563' title='bbox 1107 1038 1299 1069; x_wconf 86' lang='lat' dir='ltr'><strong>versusmittit,</strong></span> <span class='ocrx_word' id='word_1_564' title='bbox 1308 1037 1353 1072; x_wconf 90' lang='lat' dir='ltr'><strong>qui</strong></span> <span class='ocrx_word' id='word_1_565' title='bbox 1361 1037 1542 1064; x_wconf 85' lang='lat' dir='ltr'><strong>accusatorias</strong></span> <span class='ocrx_word' id='word_1_566' title='bbox 1554 1037 1580 1064; x_wconf 92' lang='lat' dir='ltr'><strong>in</strong></span> <span class='ocrx_word' id='word_1_567' title='bbox 1593 1036 1782 1071; x_wconf 76' lang='lat' dir='ltr'><strong>Epiphaniam</strong></span> <span class='ocrx_word' id='word_1_568' title='bbox 1795 1036 1890 1063; x_wconf 81' lang='lat' dir='ltr'><strong>litteras</strong></span> 
     </span>
    </p>
   </div>
   <div class='ocr_carea' id='block_1_81' title="bbox 1108 1083 1891 1118">
    <p class='ocr_par' dir='ltr' id='par_1_81' title="bbox 1108 1083 1891 1118">
     <span class='ocr_line' id='line_1_81' title="bbox 1108 1083 1891 1118; baseline -0.001 -7"><span class='ocrx_word' id='word_1_569' title='bbox 1108 1084 1141 1111; x_wconf 90' lang='lat' dir='ltr'><strong>ad</strong></span> <span class='ocrx_word' id='word_1_570' title='bbox 1154 1084 1332 1118; x_wconf 88' lang='lat' dir='ltr'><strong>Theophilum</strong></span> <span class='ocrx_word' id='word_1_571' title='bbox 1356 1084 1566 1112; x_wconf 85' lang='lat' dir='ltr'><strong>Alexandrinum</strong></span> <span class='ocrx_word' id='word_1_572' title='bbox 1589 1092 1604 1112; x_wconf 94' lang='lat' dir='ltr'><strong>a</strong></span> <span class='ocrx_word' id='word_1_573' title='bbox 1620 1092 1650 1112; x_wconf 88' lang='lat' dir='ltr'><strong>se</strong></span> <span class='ocrx_word' id='word_1_574' title='bbox 1664 1083 1840 1118; x_wconf 85' lang='lat' dir='ltr'><strong>conscriptas</strong></span> <span class='ocrx_word' id='word_1_575' title='bbox 1851 1090 1891 1118; x_wconf 88' lang='lat' dir='ltr'><strong>per</strong></span> 
     </span>
    </p>
   </div>
   <div class='ocr_carea' id='block_1_82' title="bbox 1108 1128 1890 1163">
    <p class='ocr_par' dir='ltr' id='par_1_82' title="bbox 1108 1128 1890 1163">
     <span class='ocr_line' id='line_1_82' title="bbox 1108 1128 1890 1163; baseline -0.004 -6"><span class='ocrx_word' id='word_1_576' title='bbox 1108 1134 1191 1157; x_wconf 89' lang='lat' dir='ltr'><strong>totum</strong></span> <span class='ocrx_word' id='word_1_577' title='bbox 1202 1130 1294 1158; x_wconf 89' lang='lat' dir='ltr'><strong>orbem</strong></span> <span class='ocrx_word' id='word_1_578' title='bbox 1309 1131 1526 1163; x_wconf 80' lang='lat' dir='ltr'><strong>disseminarent,</strong></span> <span class='ocrx_word' id='word_1_579' title='bbox 1543 1131 1589 1158; x_wconf 91' lang='lat' dir='ltr'><strong>sed</strong></span> <span class='ocrx_word' id='word_1_580' title='bbox 1603 1131 1630 1158; x_wconf 91' lang='lat' dir='ltr'><strong>in</strong></span> <span class='ocrx_word' id='word_1_581' title='bbox 1655 1130 1810 1158; x_wconf 87' lang='lat' dir='ltr'><strong>Occidente</strong></span> <span class='ocrx_word' id='word_1_582' title='bbox 1819 1128 1890 1163; x_wconf 85' lang='lat' dir='ltr'><strong>potis-</strong></span> 
     </span>
    </p>
   </div>
   <div class='ocr_carea' id='block_1_83' title="bbox 1107 1174 1889 1211">
    <p class='ocr_par' dir='ltr' id='par_1_83' title="bbox 1107 1174 1889 1211">
     <span class='ocr_line' id='line_1_83' title="bbox 1107 1174 1889 1211; baseline -0.005 -7"><span class='ocrx_word' id='word_1_583' title='bbox 1107 1176 1214 1208; x_wconf 82' lang='lat' dir='ltr'><strong>simum,</strong></span> <span class='ocrx_word' id='word_1_584' title='bbox 1229 1176 1338 1211; x_wconf 83' lang='lat' dir='ltr'><strong>quibus,</strong></span> <span class='ocrx_word' id='word_1_585' title='bbox 1363 1182 1391 1203; x_wconf 95' lang='lat' dir='ltr'><strong>ut</strong></span> <span class='ocrx_word' id='word_1_586' title='bbox 1413 1176 1531 1210; x_wconf 88' lang='lat' dir='ltr'><strong>loquitur</strong></span> <span class='ocrx_word' id='word_1_587' title='bbox 1547 1176 1730 1211; x_wconf 80' lang='lat' dir='ltr'><strong>Hieronymus</strong></span> <span class='ocrx_word' id='word_1_588' title='bbox 1755 1175 1837 1209; x_wconf 82' lang='lat' dir='ltr'><strong>epist.</strong></span> <span class='ocrx_word' id='word_1_589' title='bbox 1853 1174 1889 1205; x_wconf 65' lang='grc' dir='ltr'><strong>ϐξ,</strong></span> 
     </span>
    </p>
   </div>
   <div class='ocr_carea' id='block_1_84' title="bbox 1108 1221 1890 1256">
    <p class='ocr_par' dir='ltr' id='par_1_84' title="bbox 1108 1221 1890 1256">
     <span class='ocr_line' id='line_1_84' title="bbox 1108 1221 1890 1256; baseline -0.003 -7"><span class='ocrx_word' id='word_1_590' title='bbox 1108 1229 1167 1256; x_wconf 89' lang='lat' dir='ltr'><strong>cap.</strong></span> <span class='ocrx_word' id='word_1_591' title='bbox 1189 1223 1224 1255; x_wconf 79' lang='grc'><strong>5,</strong></span> <span class='ocrx_word' id='word_1_592' title='bbox 1242 1221 1452 1250; x_wconf 88' lang='lat' dir='ltr'><strong>Occidentalium</strong></span> <span class='ocrx_word' id='word_1_593' title='bbox 1479 1222 1649 1250; x_wconf 88' lang='lat' dir='ltr'><strong>sacerdotum</strong></span> <span class='ocrx_word' id='word_1_594' title='bbox 1674 1228 1761 1248; x_wconf 88' lang='lat' dir='ltr'><strong>aures</strong></span> <span class='ocrx_word' id='word_1_595' title='bbox 1778 1227 1890 1248; x_wconf 83' lang='lat' dir='ltr'><strong>commo-</strong></span> 
     </span>
    </p>
   </div>
   <div class='ocr_carea' id='block_1_85' title="bbox 1108 1273 1192 1296">
    <p class='ocr_par' dir='ltr' id='par_1_85' title="bbox 1108 1273 1192 1296">
     <span class='ocr_line' id='line_1_85' title="bbox 1108 1273 1192 1296; baseline 0.012 -1"><span class='ocrx_word' id='word_1_596' title='bbox 1108 1273 1192 1296; x_wconf 79' lang='lat' dir='ltr'><strong>vetet.</strong></span> 
     </span>
    </p>
   </div>
   <div class='ocr_carea' id='block_1_86' title="bbox 1143 1311 1889 1346">
    <p class='ocr_par' dir='ltr' id='par_1_86' title="bbox 1143 1311 1889 1346">
     <span class='ocr_line' id='line_1_86' title="bbox 1143 1311 1889 1346; baseline -0.005 -4"><span class='ocrx_word' id='word_1_597' title='bbox 1143 1313 1199 1342; x_wconf 81' lang='lat' dir='ltr'><strong>Xll.</strong></span> <span class='ocrx_word' id='word_1_598' title='bbox 1210 1313 1263 1344; x_wconf 82' lang='lat' dir='ltr'><strong>.His</strong></span> <span class='ocrx_word' id='word_1_599' title='bbox 1275 1314 1380 1342; x_wconf 83' lang='lat' dir='ltr'><strong>excitus</strong></span> <span class='ocrx_word' id='word_1_600' title='bbox 1393 1312 1592 1346; x_wconf 87' lang='lat' dir='ltr'><strong>Pammachius,</strong></span> <span class='ocrx_word' id='word_1_601' title='bbox 1605 1312 1691 1340; x_wconf 79' lang='lat' dir='ltr'><strong>Roma</strong></span> <span class='ocrx_word' id='word_1_602' title='bbox 1699 1311 1889 1346; x_wconf 81' lang='lat' dir='ltr'><strong>Hieronymum</strong></span> 
     </span>
    </p>
   </div>
   <div class='ocr_carea' id='block_1_87' title="bbox 1108 1357 1890 1395">
    <p class='ocr_par' dir='ltr' id='par_1_87' title="bbox 1108 1357 1890 1395">
     <span class='ocr_line' id='line_1_87' title="bbox 1108 1357 1890 1395; baseline -0.005 -8"><span class='ocrx_word' id='word_1_603' title='bbox 1108 1365 1185 1395; x_wconf 71' lang='lat' dir='ltr'><strong>rogat</strong></span> <span class='ocrx_word' id='word_1_604' title='bbox 1200 1367 1249 1394; x_wconf 81' lang='lat' dir='ltr'><strong>per</strong></span> <span class='ocrx_word' id='word_1_605' title='bbox 1263 1359 1377 1392; x_wconf 86' lang='lat' dir='ltr'><strong>litteras,</strong></span> <span class='ocrx_word' id='word_1_606' title='bbox 1391 1364 1422 1387; x_wconf 92' lang='lat' dir='ltr'><strong>ut</strong></span> <span class='ocrx_word' id='word_1_607' title='bbox 1433 1360 1561 1394; x_wconf 86' lang='lat' dir='ltr'><strong>quoniam</strong></span> <span class='ocrx_word' id='word_1_608' title='bbox 1575 1359 1724 1387; x_wconf 90' lang='lat' dir='ltr'><strong>multorum</strong></span> <span class='ocrx_word' id='word_1_609' title='bbox 1741 1359 1849 1385; x_wconf 82' lang='lat' dir='ltr'><strong>animos</strong></span> <span class='ocrx_word' id='word_1_610' title='bbox 1869 1357 1890 1383; x_wconf 78' lang='lat' dir='ltr'><strong>in</strong></span> 
     </span>
    </p>
   </div>
   <div class='ocr_carea' id='block_1_88' title="bbox 1109 1403 1888 1439">
    <p class='ocr_par' dir='ltr' id='par_1_88' title="bbox 1109 1403 1888 1439">
     <span class='ocr_line' id='line_1_88' title="bbox 1109 1403 1888 1439; baseline -0.004 -6"><span class='ocrx_word' id='word_1_611' title='bbox 1109 1405 1214 1433; x_wconf 84' lang='lat' dir='ltr'><strong>diversa</strong></span> <span class='ocrx_word' id='word_1_612' title='bbox 1238 1405 1408 1434; x_wconf 87' lang='lat' dir='ltr'><strong>distrahebat</strong></span> <span class='ocrx_word' id='word_1_613' title='bbox 1424 1406 1480 1433; x_wconf 78' lang='lat' dir='ltr'><strong>haec</strong></span> <span class='ocrx_word' id='word_1_614' title='bbox 1494 1405 1645 1436; x_wconf 81' lang='lat' dir='ltr'><strong>altercatio.</strong></span> <span class='ocrx_word' id='word_1_615' title='bbox 1665 1403 1819 1439; x_wconf 86' lang='lat' dir='ltr'><strong>Epiphanii</strong></span> <span class='ocrx_word' id='word_1_616' title='bbox 1835 1411 1888 1430; x_wconf 84' lang='lat' dir='ltr'><strong>cau-</strong></span> 
     </span>
    </p>
   </div>
   <div class='ocr_carea' id='block_1_89' title="bbox 1107 1449 1891 1484">
    <p class='ocr_par' dir='ltr' id='par_1_89' title="bbox 1107 1449 1891 1484">
     <span class='ocr_line' id='line_1_89' title="bbox 1107 1449 1891 1484; baseline -0.005 -6"><span class='ocrx_word' id='word_1_617' title='bbox 1107 1459 1165 1482; x_wconf 73' lang='lat' dir='ltr'><strong>sam</strong></span> <span class='ocrx_word' id='word_1_618' title='bbox 1180 1452 1250 1483; x_wconf 85' lang='lat' dir='ltr'><strong>aliis,</strong></span> <span class='ocrx_word' id='word_1_619' title='bbox 1267 1451 1327 1479; x_wconf 91' lang='lat' dir='ltr'><strong>aliis</strong></span> <span class='ocrx_word' id='word_1_620' title='bbox 1338 1450 1449 1478; x_wconf 88' lang='lat' dir='ltr'><strong>Joannis</strong></span> <span class='ocrx_word' id='word_1_621' title='bbox 1463 1450 1611 1482; x_wconf 83' lang='lat' dir='ltr'><strong>tuentibus,</strong></span> <span class='ocrx_word' id='word_1_622' title='bbox 1625 1457 1703 1477; x_wconf 90' lang='lat' dir='ltr'><strong>suam</strong></span> <span class='ocrx_word' id='word_1_623' title='bbox 1720 1449 1782 1484; x_wconf 84' lang='lat' dir='ltr'><strong>ipse</strong></span> <span class='ocrx_word' id='word_1_624' title='bbox 1795 1453 1891 1476; x_wconf 76' lang='lat' dir='ltr'><strong>senten-</strong></span> 
     </span>
    </p>
   </div>
   <div class='ocr_carea' id='block_1_90' title="bbox 1111 1495 1889 1532">
    <p class='ocr_par' dir='ltr' id='par_1_90' title="bbox 1111 1495 1889 1532">
     <span class='ocr_line' id='line_1_90' title="bbox 1111 1495 1889 1532; baseline -0.006 -7"><span class='ocrx_word' id='word_1_625' title='bbox 1111 1498 1174 1525; x_wconf 92' lang='lat' dir='ltr'><strong>tiam</strong></span> <span class='ocrx_word' id='word_1_626' title='bbox 1190 1502 1369 1532; x_wconf 77' lang='lat' dir='ltr'><strong>expromeret.</strong></span> <span class='ocrx_word' id='word_1_627' title='bbox 1384 1495 1485 1524; x_wconf 80' lang='lat' dir='ltr'><strong>Morem</strong></span> <span class='ocrx_word' id='word_1_628' title='bbox 1496 1496 1580 1530; x_wconf 71' lang='lat' dir='ltr'><strong>gessit</strong></span> <span class='ocrx_word' id='word_1_629' title='bbox 1594 1495 1792 1530; x_wconf 81' lang='lat' dir='ltr'><strong>Hieronymus,</strong></span> <span class='ocrx_word' id='word_1_630' title='bbox 1809 1502 1841 1522; x_wconf 88' lang='lat' dir='ltr'><strong>ac</strong></span> <span class='ocrx_word' id='word_1_631' title='bbox 1857 1495 1889 1521; x_wconf 91' lang='lat' dir='ltr'><strong>ln-</strong></span> 
     </span>
    </p>
   </div>
   <div class='ocr_carea' id='block_1_91' title="bbox 1107 1540 1889 1578">
    <p class='ocr_par' dir='ltr' id='par_1_91' title="bbox 1107 1540 1889 1578">
     <span class='ocr_line' id='line_1_91' title="bbox 1107 1540 1889 1578; baseline -0.005 -9"><span class='ocrx_word' id='word_1_632' title='bbox 1107 1542 1212 1570; x_wconf 88' lang='lat' dir='ltr'><strong>cttlenta</strong></span> <span class='ocrx_word' id='word_1_633' title='bbox 1228 1542 1411 1578; x_wconf 84' lang='lat' dir='ltr'><strong>responsione,</strong></span> <span class='ocrx_word' id='word_1_634' title='bbox 1423 1549 1494 1569; x_wconf 86' lang='lat' dir='ltr'><strong>anno</strong></span> <span class='ocrx_word' id='word_1_635' title='bbox 1519 1540 1621 1569; x_wconf 85' lang='lat' dir='ltr'><strong>Christi</strong></span> <span class='ocrx_word' id='word_1_636' title='bbox 1640 1541 1694 1568; x_wconf 73' lang='lat'><strong>395</strong></span> <span class='ocrx_word' id='word_1_637' title='bbox 1709 1541 1788 1574; x_wconf 83' lang='lat' dir='ltr'><strong>data,</strong></span> <span class='ocrx_word' id='word_1_638' title='bbox 1810 1548 1889 1568; x_wconf 66' lang='lat' dir='ltr'><strong>rerum</strong></span> 
     </span>
    </p>
   </div>
   <div class='ocr_carea' id='block_1_92' title="bbox 1107 1586 1890 1623">
    <p class='ocr_par' dir='ltr' id='par_1_92' title="bbox 1107 1586 1890 1623">
     <span class='ocr_line' id='line_1_92' title="bbox 1107 1586 1890 1623; baseline -0.005 -8"><span class='ocrx_word' id='word_1_639' title='bbox 1107 1596 1139 1615; x_wconf 92' lang='lat' dir='ltr'><strong>ac</strong></span> <span class='ocrx_word' id='word_1_640' title='bbox 1149 1588 1293 1623; x_wconf 68' lang='lat' dir='ltr'><strong>genuinam</strong></span> <span class='ocrx_word' id='word_1_641' title='bbox 1303 1587 1483 1616; x_wconf 87' lang='lat' dir='ltr'><strong>contentionis</strong></span> <span class='ocrx_word' id='word_1_642' title='bbox 1496 1594 1606 1615; x_wconf 87' lang='lat' dir='ltr'><strong>causam</strong></span> <span class='ocrx_word' id='word_1_643' title='bbox 1618 1593 1680 1614; x_wconf 88' lang='lat' dir='ltr'><strong>esse</strong></span> <span class='ocrx_word' id='word_1_644' title='bbox 1695 1586 1833 1618; x_wconf 85' lang='lat' dir='ltr'><strong>ostendit,</strong></span> <span class='ocrx_word' id='word_1_645' title='bbox 1847 1593 1890 1612; x_wconf 76' lang='lat' dir='ltr'><strong>noti</strong></span> 
     </span>
    </p>
   </div>
   <div class='ocr_carea' id='block_1_93' title="bbox 1108 1631 1891 1669">
    <p class='ocr_par' dir='ltr' id='par_1_93' title="bbox 1108 1631 1891 1669">
     <span class='ocr_line' id='line_1_93' title="bbox 1108 1631 1891 1669; baseline -0.004 -8"><span class='ocrx_word' id='word_1_646' title='bbox 1108 1633 1256 1669; x_wconf 84' lang='lat' dir='ltr'><strong>Pauliniani</strong></span> <span class='ocrx_word' id='word_1_647' title='bbox 1282 1633 1526 1664; x_wconf 81' lang='lat' dir='ltr'><strong>consecrationem,</strong></span> <span class='ocrx_word' id='word_1_648' title='bbox 1551 1639 1632 1667; x_wconf 90' lang='lat' dir='ltr'><strong>quam</strong></span> <span class='ocrx_word' id='word_1_649' title='bbox 1661 1631 1816 1659; x_wconf 66' lang='lat' dir='ltr'><strong>iracundia</strong></span> <span class='ocrx_word' id='word_1_650' title='bbox 1844 1638 1891 1658; x_wconf 66' lang='lat' dir='ltr'><strong>sn:</strong></span> 
     </span>
    </p>
   </div>
   <div class='ocr_carea' id='block_1_94' title="bbox 1107 1677 1890 1715">
    <p class='ocr_par' dir='ltr' id='par_1_94' title="bbox 1107 1677 1890 1715">
     <span class='ocr_line' id='line_1_94' title="bbox 1107 1677 1890 1715; baseline -0.004 -8"><span class='ocrx_word' id='word_1_651' title='bbox 1107 1679 1223 1708; x_wconf 88' lang='lat' dir='ltr'><strong>Joannes</strong></span> <span class='ocrx_word' id='word_1_652' title='bbox 1245 1679 1438 1715; x_wconf 74' lang='lat' dir='ltr'><strong>praetendebat,</strong></span> <span class='ocrx_word' id='word_1_653' title='bbox 1459 1679 1506 1705; x_wconf 83' lang='lat' dir='ltr'><strong>sed</strong></span> <span class='ocrx_word' id='word_1_654' title='bbox 1523 1677 1737 1713; x_wconf 81' lang='lat' dir='ltr'><strong>Origenismum,</strong></span> <span class='ocrx_word' id='word_1_655' title='bbox 1757 1685 1839 1712; x_wconf 84' lang='lat' dir='ltr'><strong>quem</strong></span> <span class='ocrx_word' id='word_1_656' title='bbox 1863 1677 1890 1703; x_wconf 86' lang='lat' dir='ltr'><strong>ad</strong></span> 
     </span>
    </p>
   </div>
   <div class='ocr_carea' id='block_1_95' title="bbox 1108 1723 1890 1760">
    <p class='ocr_par' dir='ltr' id='par_1_95' title="bbox 1108 1723 1890 1760">
     <span class='ocr_line' id='line_1_95' title="bbox 1108 1723 1890 1760; baseline -0.008 -5"><span class='ocrx_word' id='word_1_657' title='bbox 1108 1731 1169 1755; x_wconf 84' lang='lat' dir='ltr'><strong>octo</strong></span> <span class='ocrx_word' id='word_1_658' title='bbox 1181 1730 1334 1754; x_wconf 81' lang='lat' dir='ltr'><strong>revocatum</strong></span> <span class='ocrx_word' id='word_1_659' title='bbox 1354 1725 1442 1760; x_wconf 82' lang='lat' dir='ltr'><strong>capita</strong></span> <span class='ocrx_word' id='word_1_660' title='bbox 1460 1724 1554 1753; x_wconf 90' lang='lat' dir='ltr'><strong>Joanni</strong></span> <span class='ocrx_word' id='word_1_661' title='bbox 1569 1724 1704 1758; x_wconf 72' lang='lat' dir='ltr'><strong>obiectum</strong></span> <span class='ocrx_word' id='word_1_662' title='bbox 1721 1723 1810 1752; x_wconf 89' lang='lat' dir='ltr'><strong>fuisse</strong></span> <span class='ocrx_word' id='word_1_663' title='bbox 1836 1731 1890 1751; x_wconf 87' lang='lat' dir='ltr'><strong>nar-</strong></span> 
     </span>
    </p>
   </div>
   <div class='ocr_carea' id='block_1_96' title="bbox 1109 1770 1890 1807">
    <p class='ocr_par' dir='ltr' id='par_1_96' title="bbox 1109 1770 1890 1807">
     <span class='ocr_line' id='line_1_96' title="bbox 1109 1770 1890 1807; baseline -0.004 -8"><span class='ocrx_word' id='word_1_664' title='bbox 1109 1777 1161 1804; x_wconf 86' lang='lat' dir='ltr'><strong>rat,</strong></span> <span class='ocrx_word' id='word_1_665' title='bbox 1186 1779 1202 1798; x_wconf 88' lang='lat' dir='ltr'><strong>e</strong></span> <span class='ocrx_word' id='word_1_666' title='bbox 1227 1771 1324 1807; x_wconf 88' lang='lat' dir='ltr'><strong>quibus</strong></span> <span class='ocrx_word' id='word_1_667' title='bbox 1341 1771 1392 1799; x_wconf 86' lang='lat' dir='ltr'><strong>tria</strong></span> <span class='ocrx_word' id='word_1_668' title='bbox 1419 1776 1522 1799; x_wconf 90' lang='lat' dir='ltr'><strong>tantum</strong></span> <span class='ocrx_word' id='word_1_669' title='bbox 1543 1770 1713 1805; x_wconf 72' lang='lat' dir='ltr'><strong>purgaverit.</strong></span> <span class='ocrx_word' id='word_1_670' title='bbox 1734 1770 1828 1804; x_wconf 83' lang='lat' dir='ltr'><strong>Atque</strong></span> <span class='ocrx_word' id='word_1_671' title='bbox 1842 1770 1890 1796; x_wconf 58' lang='lat' dir='ltr'><strong>hac</strong></span> 
     </span>
    </p>
   </div>
   <div class='ocr_carea' id='block_1_97' title="bbox 1108 1814 1890 1852">
    <p class='ocr_par' dir='ltr' id='par_1_97' title="bbox 1108 1814 1890 1852">
     <span class='ocr_line' id='line_1_97' title="bbox 1108 1814 1890 1852; baseline -0.005 -7"><span class='ocrx_word' id='word_1_672' title='bbox 1108 1817 1251 1852; x_wconf 81' lang='lat' dir='ltr'><strong>diligenter</strong></span> <span class='ocrx_word' id='word_1_673' title='bbox 1265 1817 1353 1844; x_wconf 90' lang='lat' dir='ltr'><strong>notari</strong></span> <span class='ocrx_word' id='word_1_674' title='bbox 1371 1816 1463 1851; x_wconf 86' lang='lat' dir='ltr'><strong>jubeo,</strong></span> <span class='ocrx_word' id='word_1_675' title='bbox 1482 1820 1512 1843; x_wconf 92' lang='lat' dir='ltr'><strong>ut</strong></span> <span class='ocrx_word' id='word_1_676' title='bbox 1533 1815 1595 1843; x_wconf 88' lang='lat' dir='ltr'><strong>inde</strong></span> <span class='ocrx_word' id='word_1_677' title='bbox 1607 1814 1827 1850; x_wconf 76' lang='lat' dir='ltr'><strong>Origenistarum</strong></span> <span class='ocrx_word' id='word_1_678' title='bbox 1849 1816 1890 1841; x_wconf 87' lang='lat' dir='ltr'><strong>hu-</strong></span> 
     </span>
    </p>
   </div>
   <div class='ocr_carea' id='block_1_98' title="bbox 1106 1860 1889 1899">
    <p class='ocr_par' dir='ltr' id='par_1_98' title="bbox 1106 1860 1889 1899">
     <span class='ocr_line' id='line_1_98' title="bbox 1106 1860 1889 1899; baseline -0.008 -8"><span class='ocrx_word' id='word_1_679' title='bbox 1106 1863 1151 1899; x_wconf 87' lang='lat' dir='ltr'><strong>jus</strong></span> <span class='ocrx_word' id='word_1_680' title='bbox 1165 1864 1251 1891; x_wconf 71' lang='lat' dir='ltr'><strong>aztatis</strong></span> <span class='ocrx_word' id='word_1_681' title='bbox 1261 1863 1382 1891; x_wconf 86' lang='lat' dir='ltr'><strong>doctrina</strong></span> <span class='ocrx_word' id='word_1_682' title='bbox 1397 1867 1424 1890; x_wconf 90' lang='lat' dir='ltr'><strong>et</strong></span> <span class='ocrx_word' id='word_1_683' title='bbox 1437 1863 1561 1897; x_wconf 65' lang='lat' dir='ltr'><strong>dogmata</strong></span> <span class='ocrx_word' id='word_1_684' title='bbox 1574 1862 1600 1888; x_wconf 91' lang='lat' dir='ltr'><strong>in</strong></span> <span class='ocrx_word' id='word_1_685' title='bbox 1612 1860 1800 1888; x_wconf 86' lang='lat' dir='ltr'><strong>controversia</strong></span> <span class='ocrx_word' id='word_1_686' title='bbox 1812 1860 1889 1898; x_wconf 67' lang='lat' dir='ltr'><strong>posita</strong></span> 
     </span>
    </p>
   </div>
   <div class='ocr_carea' id='block_1_99' title="bbox 1109 1906 1889 1944">
    <p class='ocr_par' dir='ltr' id='par_1_99' title="bbox 1109 1906 1889 1944">
     <span class='ocr_line' id='line_1_99' title="bbox 1109 1906 1889 1944; baseline -0.006 -7"><span class='ocrx_word' id='word_1_687' title='bbox 1109 1908 1225 1944; x_wconf 83' lang='lat' dir='ltr'><strong>spectari</strong></span> <span class='ocrx_word' id='word_1_688' title='bbox 1239 1908 1353 1943; x_wconf 85' lang='lat' dir='ltr'><strong>possint.</strong></span> <span class='ocrx_word' id='word_1_689' title='bbox 1367 1908 1484 1935; x_wconf 82' lang='lat' dir='ltr'><strong>Primum</strong></span> <span class='ocrx_word' id='word_1_690' title='bbox 1509 1906 1572 1934; x_wconf 92' lang='lat' dir='ltr'><strong>illud</strong></span> <span class='ocrx_word' id='word_1_691' title='bbox 1585 1910 1645 1939; x_wconf 82' lang='lat' dir='ltr'><strong>est;</strong></span> <span class='ocrx_word' id='word_1_692' title='bbox 1666 1914 1718 1934; x_wconf 88' lang='lat' dir='ltr'><strong>nec</strong></span> <span class='ocrx_word' id='word_1_693' title='bbox 1740 1906 1839 1934; x_wconf 83' lang='lat' dir='ltr'><strong>Filium</strong></span> <span class='ocrx_word' id='word_1_694' title='bbox 1857 1906 1889 1931; x_wconf 70' lang='lat' dir='ltr'><strong>vi-</strong></span> 
     </span>
    </p>
   </div>
   <div class='ocr_carea' id='block_1_100' title="bbox 1109 1951 1889 1989">
    <p class='ocr_par' dir='ltr' id='par_1_100' title="bbox 1109 1951 1889 1989">
     <span class='ocr_line' id='line_1_100' title="bbox 1109 1951 1889 1989; baseline -0.008 -7"><span class='ocrx_word' id='word_1_695' title='bbox 1109 1955 1174 1982; x_wconf 88' lang='lat' dir='ltr'><strong>dere</strong></span> <span class='ocrx_word' id='word_1_696' title='bbox 1193 1961 1272 1989; x_wconf 87' lang='lat' dir='ltr'><strong>posse</strong></span> <span class='ocrx_word' id='word_1_697' title='bbox 1294 1952 1413 1986; x_wconf 80' lang='lat' dir='ltr'><strong>Patrem,</strong></span> <span class='ocrx_word' id='word_1_698' title='bbox 1437 1959 1488 1980; x_wconf 90' lang='lat' dir='ltr'><strong>nec</strong></span> <span class='ocrx_word' id='word_1_699' title='bbox 1500 1952 1629 1986; x_wconf 86' lang='lat' dir='ltr'><strong>Spiritum</strong></span> <span class='ocrx_word' id='word_1_700' title='bbox 1650 1951 1744 1980; x_wconf 82' lang='lat' dir='ltr'><strong>videre</strong></span> <span class='ocrx_word' id='word_1_701' title='bbox 1757 1959 1838 1986; x_wconf 80' lang='lat' dir='ltr'><strong>posse</strong></span> <span class='ocrx_word' id='word_1_702' title='bbox 1851 1951 1889 1977; x_wconf 64' lang='grc' dir='ltr'><strong>ἢ.</strong></span> 
     </span>
    </p>
   </div>
   <div class='ocr_carea' id='block_1_101' title="bbox 1109 1997 1888 2032">
    <p class='ocr_par' dir='ltr' id='par_1_101' title="bbox 1109 1997 1888 2032">
     <span class='ocr_line' id='line_1_101' title="bbox 1109 1997 1888 2032; baseline -0.004 -6"><span class='ocrx_word' id='word_1_703' title='bbox 1109 1999 1193 2032; x_wconf 81' lang='lat' dir='ltr'><strong>lium;</strong></span> <span class='ocrx_word' id='word_1_704' title='bbox 1208 1999 1368 2031; x_wconf 86' lang='lat' dir='ltr'><strong>secundum,</strong></span> <span class='ocrx_word' id='word_1_705' title='bbox 1382 1998 1498 2025; x_wconf 84' lang='lat' dir='ltr'><strong>animam</strong></span> <span class='ocrx_word' id='word_1_706' title='bbox 1517 2002 1626 2031; x_wconf 86' lang='lat' dir='ltr'><strong>propter</strong></span> <span class='ocrx_word' id='word_1_707' title='bbox 1645 2002 1757 2032; x_wconf 86' lang='lat' dir='ltr'><strong>peccata</strong></span> <span class='ocrx_word' id='word_1_708' title='bbox 1787 2003 1803 2023; x_wconf 91' lang='lat' dir='ltr'><strong>e</strong></span> <span class='ocrx_word' id='word_1_709' title='bbox 1827 1997 1888 2024; x_wconf 59' lang='lat' dir='ltr'><strong>calo</strong></span> 
     </span>
    </p>
   </div>
   <div class='ocr_carea' id='block_1_102' title="bbox 1110 2042 1887 2079">
    <p class='ocr_par' dir='ltr' id='par_1_102' title="bbox 1110 2042 1887 2079">
     <span class='ocr_line' id='line_1_102' title="bbox 1110 2042 1887 2079; baseline -0.005 -7"><span class='ocrx_word' id='word_1_710' title='bbox 1110 2044 1194 2072; x_wconf 84' lang='lat' dir='ltr'><strong>fuisse</strong></span> <span class='ocrx_word' id='word_1_711' title='bbox 1203 2045 1228 2072; x_wconf 90' lang='lat' dir='ltr'><strong>in</strong></span> <span class='ocrx_word' id='word_1_712' title='bbox 1244 2051 1353 2079; x_wconf 86' lang='lat' dir='ltr'><strong>corpus,</strong></span> <span class='ocrx_word' id='word_1_713' title='bbox 1365 2044 1539 2077; x_wconf 81' lang='lat' dir='ltr'><strong>sictanquam</strong></span> <span class='ocrx_word' id='word_1_714' title='bbox 1551 2044 1577 2070; x_wconf 92' lang='lat' dir='ltr'><strong>in</strong></span> <span class='ocrx_word' id='word_1_715' title='bbox 1589 2050 1727 2070; x_wconf 89' lang='lat' dir='ltr'><strong>carcerem</strong></span> <span class='ocrx_word' id='word_1_716' title='bbox 1744 2042 1887 2078; x_wconf 83' lang='lat' dir='ltr'><strong>dejectam;</strong></span> 
     </span>
    </p>
   </div>
   <div class='ocr_carea' id='block_1_103' title="bbox 1111 2088 1887 2127">
    <p class='ocr_par' dir='ltr' id='par_1_103' title="bbox 1111 2088 1887 2127">
     <span class='ocr_line' id='line_1_103' title="bbox 1111 2088 1887 2127; baseline -0.006 -9"><span class='ocrx_word' id='word_1_717' title='bbox 1111 2091 1231 2123; x_wconf 85' lang='lat' dir='ltr'><strong>tertium,</strong></span> <span class='ocrx_word' id='word_1_718' title='bbox 1246 2091 1363 2118; x_wconf 91' lang='lat' dir='ltr'><strong>futurum</strong></span> <span class='ocrx_word' id='word_1_719' title='bbox 1380 2094 1409 2117; x_wconf 91' lang='lat' dir='ltr'><strong>ut</strong></span> <span class='ocrx_word' id='word_1_720' title='bbox 1429 2089 1561 2116; x_wconf 83' lang='lat' dir='ltr'><strong>diabolum</strong></span> <span class='ocrx_word' id='word_1_721' title='bbox 1577 2092 1605 2116; x_wconf 83' lang='lat' dir='ltr'><strong>et</strong></span> <span class='ocrx_word' id='word_1_722' title='bbox 1617 2088 1755 2127; x_wconf 65' lang='lat' dir='ltr'><strong>dantones</strong></span> <span class='ocrx_word' id='word_1_723' title='bbox 1775 2094 1887 2123; x_wconf 60' lang='lat' dir='ltr'><strong>peccati»</strong></span> 
     </span>
    </p>
   </div>
   <div class='ocr_carea' id='block_1_104' title="bbox 1111 2134 1887 2171">
    <p class='ocr_par' dir='ltr' id='par_1_104' title="bbox 1111 2134 1887 2171">
     <span class='ocr_line' id='line_1_104' title="bbox 1111 2134 1887 2171; baseline -0.005 -7"><span class='ocrx_word' id='word_1_724' title='bbox 1111 2144 1169 2164; x_wconf 88' lang='lat' dir='ltr'><strong>rum</strong></span> <span class='ocrx_word' id='word_1_725' title='bbox 1179 2136 1324 2171; x_wconf 81' lang='lat' dir='ltr'><strong>aliquando</strong></span> <span class='ocrx_word' id='word_1_726' title='bbox 1338 2134 1481 2169; x_wconf 68' lang='lat' dir='ltr'><strong>paniteat,</strong></span> <span class='ocrx_word' id='word_1_727' title='bbox 1491 2139 1519 2161; x_wconf 87' lang='lat' dir='ltr'><strong>et</strong></span> <span class='ocrx_word' id='word_1_728' title='bbox 1532 2141 1592 2161; x_wconf 89' lang='lat' dir='ltr'><strong>cum</strong></span> <span class='ocrx_word' id='word_1_729' title='bbox 1610 2134 1713 2162; x_wconf 86' lang='lat' dir='ltr'><strong>sanctis</strong></span> <span class='ocrx_word' id='word_1_730' title='bbox 1723 2134 1751 2161; x_wconf 90' lang='lat' dir='ltr'><strong>in</strong></span> <span class='ocrx_word' id='word_1_731' title='bbox 1766 2134 1836 2161; x_wconf 79' lang='lat' dir='ltr'><strong>caelo</strong></span> <span class='ocrx_word' id='word_1_732' title='bbox 1852 2142 1887 2160; x_wconf 87' lang='lat' dir='ltr'><strong>re—</strong></span> 
     </span>
    </p>
   </div>
   <div class='ocr_carea' id='block_1_105' title="bbox 1075 2178 1884 2229">
    <p class='ocr_par' dir='ltr' id='par_1_105' title="bbox 1075 2178 1884 2229">
     <span class='ocr_line' id='line_1_105' title="bbox 1075 2178 1884 2229; baseline -0.002 -21"><span class='ocrx_word' id='word_1_733' title='bbox 1075 2200 1099 2229; x_wconf 67' lang='grc' dir='ltr'>υ</span> <span class='ocrx_word' id='word_1_734' title='bbox 1110 2186 1206 2216; x_wconf 73' lang='lat' dir='ltr'><strong>gnent;</strong></span> <span class='ocrx_word' id='word_1_735' title='bbox 1222 2185 1361 2216; x_wconf 86' lang='lat' dir='ltr'><strong>quartum,</strong></span> <span class='ocrx_word' id='word_1_736' title='bbox 1381 2180 1513 2207; x_wconf 89' lang='lat' dir='ltr'><strong>Adamum</strong></span> <span class='ocrx_word' id='word_1_737' title='bbox 1524 2184 1553 2207; x_wconf 85' lang='lat' dir='ltr'><strong>et</strong></span> <span class='ocrx_word' id='word_1_738' title='bbox 1568 2178 1652 2208; x_wconf 87' lang='lat' dir='ltr'><strong>Evam</strong></span> <span class='ocrx_word' id='word_1_739' title='bbox 1669 2185 1732 2207; x_wconf 88' lang='lat' dir='ltr'><strong>ante</strong></span> <span class='ocrx_word' id='word_1_740' title='bbox 1750 2185 1884 2229; x_wconf 76' lang='lat' dir='ltr'><strong>peceatum</strong></span> 
     </span>
    </p>
   </div>
   <div class='ocr_carea' id='block_1_106' title="bbox 1110 2226 1885 2261">
    <p class='ocr_par' dir='ltr' id='par_1_106' title="bbox 1110 2226 1885 2261">
     <span class='ocr_line' id='line_1_106' title="bbox 1110 2226 1885 2261; baseline -0.001 -7"><span class='ocrx_word' id='word_1_741' title='bbox 1110 2234 1222 2261; x_wconf 87' lang='lat' dir='ltr'><strong>corpore</strong></span> <span class='ocrx_word' id='word_1_742' title='bbox 1236 2227 1365 2259; x_wconf 84' lang='lat' dir='ltr'><strong>caruisse,</strong></span> <span class='ocrx_word' id='word_1_743' title='bbox 1381 2227 1498 2256; x_wconf 86' lang='lat' dir='ltr'><strong>humana</strong></span> <span class='ocrx_word' id='word_1_744' title='bbox 1520 2232 1610 2255; x_wconf 84' lang='lat' dir='ltr'><strong>autem</strong></span> <span class='ocrx_word' id='word_1_745' title='bbox 1639 2233 1755 2260; x_wconf 85' lang='lat' dir='ltr'><strong>corpora</strong></span> <span class='ocrx_word' id='word_1_746' title='bbox 1775 2226 1809 2253; x_wconf 89' lang='lat' dir='ltr'><strong>iis</strong></span> <span class='ocrx_word' id='word_1_747' title='bbox 1836 2231 1885 2260; x_wconf 71' lang='lat' dir='ltr'><strong>p051</strong></span> 
     </span>
    </p>
   </div>
   <div class='ocr_carea' id='block_1_107' title="bbox 1112 2272 1885 2308">
    <p class='ocr_par' dir='ltr' id='par_1_107' title="bbox 1112 2272 1885 2308">
     <span class='ocr_line' id='line_1_107' title="bbox 1112 2272 1885 2308; baseline 0.001 -8"><span class='ocrx_word' id='word_1_748' title='bbox 1112 2277 1249 2307; x_wconf 79' lang='lat' dir='ltr'><strong>peccatum</strong></span> <span class='ocrx_word' id='word_1_749' title='bbox 1271 2272 1461 2308; x_wconf 80' lang='lat' dir='ltr'><strong>circumposita</strong></span> <span class='ocrx_word' id='word_1_750' title='bbox 1482 2273 1578 2302; x_wconf 89' lang='lat' dir='ltr'><strong>tunicis</strong></span> <span class='ocrx_word' id='word_1_751' title='bbox 1594 2272 1713 2307; x_wconf 84' lang='lat' dir='ltr'><strong>pelliceis</strong></span> <span class='ocrx_word' id='word_1_752' title='bbox 1726 2272 1885 2308; x_wconf 75' lang='lat' dir='ltr'><strong>signiﬁcari;</strong></span> 
     </span>
    </p>
   </div>
   <div class='ocr_carea' id='block_1_108' title="bbox 1111 2318 1885 2353">
    <p class='ocr_par' dir='ltr' id='par_1_108' title="bbox 1111 2318 1885 2353">
     <span class='ocr_line' id='line_1_108' title="bbox 1111 2318 1885 2353; baseline -0.001 -8"><span class='ocrx_word' id='word_1_753' title='bbox 1111 2318 1245 2352; x_wconf 89' lang='lat' dir='ltr'><strong>quintum,</strong></span> <span class='ocrx_word' id='word_1_754' title='bbox 1272 2325 1381 2346; x_wconf 84' lang='lat' dir='ltr'><strong>carnem</strong></span> <span class='ocrx_word' id='word_1_755' title='bbox 1406 2319 1560 2353; x_wconf 83' lang='lat' dir='ltr'><strong>neutiquam</strong></span> <span class='ocrx_word' id='word_1_756' title='bbox 1582 2319 1744 2347; x_wconf 83' lang='lat' dir='ltr'><strong>suscitatum</strong></span> <span class='ocrx_word' id='word_1_757' title='bbox 1773 2318 1817 2349; x_wconf 88' lang='lat' dir='ltr'><strong>iri,</strong></span> <span class='ocrx_word' id='word_1_758' title='bbox 1841 2325 1885 2345; x_wconf 75' lang='lat' dir='ltr'><strong>non</strong></span> 
     </span>
    </p>
   </div>
   <div class='ocr_carea' id='block_1_109' title="bbox 1111 2363 1887 2398">
    <p class='ocr_par' dir='ltr' id='par_1_109' title="bbox 1111 2363 1887 2398">
     <span class='ocr_line' id='line_1_109' title="bbox 1111 2363 1887 2398; baseline 0.001 -8"><span class='ocrx_word' id='word_1_759' title='bbox 1111 2364 1230 2391; x_wconf 87' lang='lat' dir='ltr'><strong>membra</strong></span> <span class='ocrx_word' id='word_1_760' title='bbox 1252 2363 1340 2391; x_wconf 89' lang='lat' dir='ltr'><strong>denuo</strong></span> <span class='ocrx_word' id='word_1_761' title='bbox 1357 2363 1510 2396; x_wconf 83' lang='lat' dir='ltr'><strong>simulesse</strong></span> <span class='ocrx_word' id='word_1_762' title='bbox 1524 2364 1728 2398; x_wconf 75' lang='lat' dir='ltr'><strong>compingeuda,</strong></span> <span class='ocrx_word' id='word_1_763' title='bbox 1755 2371 1822 2392; x_wconf 84' lang='lat' dir='ltr'><strong>sexu</strong></span> <span class='ocrx_word' id='word_1_764' title='bbox 1847 2364 1887 2391; x_wconf 84' lang='lat' dir='ltr'><strong>ho-</strong></span> 
     </span>
    </p>
   </div>
   <div class='ocr_carea' id='block_1_110' title="bbox 1111 2409 1887 2445">
    <p class='ocr_par' dir='ltr' id='par_1_110' title="bbox 1111 2409 1887 2445">
     <span class='ocr_line' id='line_1_110' title="bbox 1111 2409 1887 2445; baseline 0.001 -9"><span class='ocrx_word' id='word_1_765' title='bbox 1111 2410 1196 2437; x_wconf 89' lang='lat' dir='ltr'><strong>mines</strong></span> <span class='ocrx_word' id='word_1_766' title='bbox 1219 2410 1325 2444; x_wconf 89' lang='lat' dir='ltr'><strong>penitus</strong></span> <span class='ocrx_word' id='word_1_767' title='bbox 1345 2409 1494 2442; x_wconf 88' lang='lat' dir='ltr'><strong>carituros;</strong></span> <span class='ocrx_word' id='word_1_768' title='bbox 1525 2415 1644 2442; x_wconf 81' lang='lat' dir='ltr'><strong>sextum,</strong></span> <span class='ocrx_word' id='word_1_769' title='bbox 1662 2409 1822 2445; x_wconf 84' lang='lat' dir='ltr'><strong>paradisum</strong></span> <span class='ocrx_word' id='word_1_770' title='bbox 1842 2415 1887 2437; x_wconf 82' lang='lat' dir='ltr'><strong>ter-</strong></span> 
     </span>
    </p>
   </div>
   <div class='ocr_carea' id='block_1_111' title="bbox 1111 2454 1887 2489">
    <p class='ocr_par' dir='ltr' id='par_1_111' title="bbox 1111 2454 1887 2489">
     <span class='ocr_line' id='line_1_111' title="bbox 1111 2454 1887 2489; baseline -0.003 -8"><span class='ocrx_word' id='word_1_771' title='bbox 1111 2458 1224 2482; x_wconf 87' lang='lat' dir='ltr'><strong>restrem</strong></span> <span class='ocrx_word' id='word_1_772' title='bbox 1237 2454 1381 2488; x_wconf 70' lang='lat' dir='ltr'><strong>allegorice</strong></span> <span class='ocrx_word' id='word_1_773' title='bbox 1400 2454 1600 2489; x_wconf 74' lang='lat' dir='ltr'><strong>intelligendum</strong></span> <span class='ocrx_word' id='word_1_774' title='bbox 1614 2462 1622 2487; x_wconf 81' lang='lat'><strong>;</strong></span> <span class='ocrx_word' id='word_1_775' title='bbox 1636 2454 1796 2488; x_wconf 84' lang='lat' dir='ltr'><strong>septimum,</strong></span> <span class='ocrx_word' id='word_1_776' title='bbox 1811 2461 1887 2489; x_wconf 76' lang='lat' dir='ltr'><strong>aquas</strong></span> 
     </span>
    </p>
   </div>
   <div class='ocr_carea' id='block_1_112' title="bbox 1111 2500 1886 2535">
    <p class='ocr_par' dir='ltr' id='par_1_112' title="bbox 1111 2500 1886 2535">
     <span class='ocr_line' id='line_1_112' title="bbox 1111 2500 1886 2535; baseline 0 -9"><span class='ocrx_word' id='word_1_777' title='bbox 1111 2507 1170 2534; x_wconf 77' lang='lat' dir='ltr'><strong>qua:</strong></span> <span class='ocrx_word' id='word_1_778' title='bbox 1196 2506 1277 2533; x_wconf 89' lang='lat' dir='ltr'><strong>super</strong></span> <span class='ocrx_word' id='word_1_779' title='bbox 1288 2500 1387 2527; x_wconf 71' lang='lat' dir='ltr'><strong>caelum</strong></span> <span class='ocrx_word' id='word_1_780' title='bbox 1412 2500 1439 2527; x_wconf 92' lang='lat' dir='ltr'><strong>in</strong></span> <span class='ocrx_word' id='word_1_781' title='bbox 1455 2500 1595 2535; x_wconf 80' lang='lat' dir='ltr'><strong>Scriptura</strong></span> <span class='ocrx_word' id='word_1_782' title='bbox 1611 2507 1671 2528; x_wconf 81' lang='lat' dir='ltr'><strong>esse</strong></span> <span class='ocrx_word' id='word_1_783' title='bbox 1689 2500 1828 2533; x_wconf 87' lang='lat' dir='ltr'><strong>dicuntur,</strong></span> <span class='ocrx_word' id='word_1_784' title='bbox 1848 2508 1886 2526; x_wconf 78' lang='lat' dir='ltr'><strong>au-</strong></span> 
     </span>
    </p>
   </div>
   <div class='ocr_carea' id='block_1_113' title="bbox 1112 2544 1884 2579">
    <p class='ocr_par' dir='ltr' id='par_1_113' title="bbox 1112 2544 1884 2579">
     <span class='ocr_line' id='line_1_113' title="bbox 1112 2544 1884 2579; baseline 0.001 -7"><span class='ocrx_word' id='word_1_785' title='bbox 1112 2545 1186 2578; x_wconf 72' lang='lat' dir='ltr'><strong>gelos</strong></span> <span class='ocrx_word' id='word_1_786' title='bbox 1199 2552 1270 2576; x_wconf 79' lang='lat' dir='ltr'><strong>esse,</strong></span> <span class='ocrx_word' id='word_1_787' title='bbox 1285 2552 1345 2579; x_wconf 70' lang='lat' dir='ltr'><strong>quae</strong></span> <span class='ocrx_word' id='word_1_788' title='bbox 1359 2552 1440 2579; x_wconf 72' lang='lat' dir='ltr'><strong>supra</strong></span> <span class='ocrx_word' id='word_1_789' title='bbox 1473 2549 1499 2572; x_wconf 87' lang='lat' dir='ltr'><strong>et</strong></span> <span class='ocrx_word' id='word_1_790' title='bbox 1519 2544 1587 2571; x_wconf 85' lang='lat' dir='ltr'><strong>infra</strong></span> <span class='ocrx_word' id='word_1_791' title='bbox 1604 2550 1718 2578; x_wconf 87' lang='lat' dir='ltr'><strong>terram,</strong></span> <span class='ocrx_word' id='word_1_792' title='bbox 1742 2546 1884 2575; x_wconf 64' lang='lat' dir='ltr'><strong>daemones;</strong></span> 
     </span>
    </p>
   </div>
   <div class='ocr_carea' id='block_1_114' title="bbox 1112 2590 1886 2626">
    <p class='ocr_par' dir='ltr' id='par_1_114' title="bbox 1112 2590 1886 2626">
     <span class='ocr_line' id='line_1_114' title="bbox 1112 2590 1886 2626; baseline 0.003 -10"><span class='ocrx_word' id='word_1_793' title='bbox 1112 2594 1289 2624; x_wconf 82' lang='lat' dir='ltr'><strong>postremum,</strong></span> <span class='ocrx_word' id='word_1_794' title='bbox 1305 2590 1449 2625; x_wconf 70' lang='lat' dir='ltr'><strong>imaginem</strong></span> <span class='ocrx_word' id='word_1_795' title='bbox 1464 2590 1509 2618; x_wconf 90' lang='lat' dir='ltr'><strong>Dei</strong></span> <span class='ocrx_word' id='word_1_796' title='bbox 1521 2591 1661 2626; x_wconf 85' lang='lat' dir='ltr'><strong>peccando</strong></span> <span class='ocrx_word' id='word_1_797' title='bbox 1675 2591 1814 2618; x_wconf 90' lang='lat' dir='ltr'><strong>hominem</strong></span> <span class='ocrx_word' id='word_1_798' title='bbox 1828 2592 1886 2618; x_wconf 86' lang='lat' dir='ltr'><strong>ami-</strong></span> 
     </span>
    </p>
   </div>
   <div class='ocr_carea' id='block_1_115' title="bbox 1112 2636 1886 2671">
    <p class='ocr_par' dir='ltr' id='par_1_115' title="bbox 1112 2636 1886 2671">
     <span class='ocr_line' id='line_1_115' title="bbox 1112 2636 1886 2671; baseline 0 -7"><span class='ocrx_word' id='word_1_799' title='bbox 1112 2637 1190 2665; x_wconf 84' lang='lat' dir='ltr'><strong>sisse.</strong></span> <span class='ocrx_word' id='word_1_800' title='bbox 1207 2636 1327 2664; x_wconf 83' lang='lat' dir='ltr'><strong>Plurima</strong></span> <span class='ocrx_word' id='word_1_801' title='bbox 1345 2642 1474 2671; x_wconf 66' lang='lat' dir='ltr'><strong>praeterea</strong></span> <span class='ocrx_word' id='word_1_802' title='bbox 1496 2636 1565 2664; x_wconf 88' lang='lat' dir='ltr'><strong>lectu</strong></span> <span class='ocrx_word' id='word_1_803' title='bbox 1580 2636 1660 2671; x_wconf 70' lang='lat' dir='ltr'><strong>digna</strong></span> <span class='ocrx_word' id='word_1_804' title='bbox 1675 2636 1759 2664; x_wconf 85' lang='lat' dir='ltr'><strong>habet</strong></span> <span class='ocrx_word' id='word_1_805' title='bbox 1773 2637 1829 2664; x_wconf 66' lang='lat' dir='ltr'><strong>haec</strong></span> <span class='ocrx_word' id='word_1_806' title='bbox 1842 2636 1886 2671; x_wconf 85' lang='lat' dir='ltr'><strong>epi-</strong></span> 
     </span>
    </p>
   </div>
   <div class='ocr_carea' id='block_1_116' title="bbox 1108 2682 1883 2718">
    <p class='ocr_par' dir='ltr' id='par_1_116' title="bbox 1108 2682 1883 2718">
     <span class='ocr_line' id='line_1_116' title="bbox 1108 2682 1883 2718; baseline -0.001 -8"><span class='ocrx_word' id='word_1_807' title='bbox 1108 2683 1188 2715; x_wconf 86' lang='lat' dir='ltr'><strong>stola,</strong></span> <span class='ocrx_word' id='word_1_808' title='bbox 1203 2683 1226 2710; x_wconf 88' lang='lat' dir='ltr'><strong>si</strong></span> <span class='ocrx_word' id='word_1_809' title='bbox 1241 2683 1302 2718; x_wconf 92' lang='lat' dir='ltr'><strong>quis</strong></span> <span class='ocrx_word' id='word_1_810' title='bbox 1316 2687 1470 2714; x_wconf 85' lang='lat' dir='ltr'><strong>accuratam</strong></span> <span class='ocrx_word' id='word_1_811' title='bbox 1485 2687 1635 2716; x_wconf 88' lang='lat' dir='ltr'><strong>temporum</strong></span> <span class='ocrx_word' id='word_1_812' title='bbox 1649 2682 1759 2710; x_wconf 88' lang='lat' dir='ltr'><strong>illorum</strong></span> <span class='ocrx_word' id='word_1_813' title='bbox 1774 2683 1883 2710; x_wconf 80' lang='lat' dir='ltr'><strong>notitiam</strong></span> 
     </span>
    </p>
   </div>
   <div class='ocr_carea' id='block_1_117' title="bbox 1109 2727 1882 2763">
    <p class='ocr_par' dir='ltr' id='par_1_117' title="bbox 1109 2727 1882 2763">
     <span class='ocr_line' id='line_1_117' title="bbox 1109 2727 1882 2763; baseline -0.001 -8"><span class='ocrx_word' id='word_1_814' title='bbox 1109 2728 1236 2763; x_wconf 87' lang='lat' dir='ltr'><strong>consequi</strong></span> <span class='ocrx_word' id='word_1_815' title='bbox 1255 2728 1339 2763; x_wconf 89' lang='lat' dir='ltr'><strong>cupit.</strong></span> <span class='ocrx_word' id='word_1_816' title='bbox 1357 2728 1386 2755; x_wconf 91' lang='lat' dir='ltr'><strong>ld</strong></span> <span class='ocrx_word' id='word_1_817' title='bbox 1409 2727 1542 2762; x_wconf 68' lang='lat' dir='ltr'><strong>praecipue</strong></span> <span class='ocrx_word' id='word_1_818' title='bbox 1565 2727 1719 2756; x_wconf 82' lang='lat' dir='ltr'><strong>manifestis</strong></span> <span class='ocrx_word' id='word_1_819' title='bbox 1746 2729 1882 2756; x_wconf 84' lang='lat' dir='ltr'><strong>rationibus</strong></span> 
     </span>
    </p>
   </div>
   <div class='ocr_carea' id='block_1_118' title="bbox 1109 2771 1882 2807">
    <p class='ocr_par' dir='ltr' id='par_1_118' title="bbox 1109 2771 1882 2807">
     <span class='ocr_line' id='line_1_118' title="bbox 1109 2771 1882 2807; baseline 0 -8"><span class='ocrx_word' id='word_1_820' title='bbox 1109 2773 1266 2807; x_wconf 83' lang='lat' dir='ltr'><strong>comprobat</strong></span> <span class='ocrx_word' id='word_1_821' title='bbox 1279 2771 1468 2806; x_wconf 81' lang='lat' dir='ltr'><strong>Hieronymus,</strong></span> <span class='ocrx_word' id='word_1_822' title='bbox 1481 2772 1553 2807; x_wconf 87' lang='lat' dir='ltr'><strong>quod</strong></span> <span class='ocrx_word' id='word_1_823' title='bbox 1564 2772 1693 2806; x_wconf 76' lang='lat' dir='ltr'><strong>diximus,</strong></span> <span class='ocrx_word' id='word_1_824' title='bbox 1712 2779 1777 2801; x_wconf 88' lang='lat' dir='ltr'><strong>ante</strong></span> <span class='ocrx_word' id='word_1_825' title='bbox 1789 2774 1882 2801; x_wconf 78' lang='lat' dir='ltr'><strong>ordina-</strong></span> 
     </span>
    </p>
   </div>
   <div class='ocr_carea' id='block_1_119' title="bbox 1110 2817 1881 2853">
    <p class='ocr_par' dir='ltr' id='par_1_119' title="bbox 1110 2817 1881 2853">
     <span class='ocr_line' id='line_1_119' title="bbox 1110 2817 1881 2853; baseline 0.005 -8"><span class='ocrx_word' id='word_1_826' title='bbox 1110 2822 1166 2845; x_wconf 88' lang='lat' dir='ltr'><strong>tum</strong></span> <span class='ocrx_word' id='word_1_827' title='bbox 1189 2817 1387 2851; x_wconf 84' lang='lat' dir='ltr'><strong>Paulinianum,</strong></span> <span class='ocrx_word' id='word_1_828' title='bbox 1408 2818 1463 2852; x_wconf 84' lang='lat' dir='ltr'><strong>jam</strong></span> <span class='ocrx_word' id='word_1_829' title='bbox 1480 2817 1604 2853; x_wconf 70' lang='lat' dir='ltr'><strong>Origenis</strong></span> <span class='ocrx_word' id='word_1_830' title='bbox 1620 2826 1702 2847; x_wconf 88' lang='lat' dir='ltr'><strong>causa</strong></span> <span class='ocrx_word' id='word_1_831' title='bbox 1720 2820 1844 2848; x_wconf 81' lang='lat' dir='ltr'><strong>Joannem</strong></span> <span class='ocrx_word' id='word_1_832' title='bbox 1859 2824 1881 2845; x_wconf 76' lang='grc' dir='ltr'><strong>ει</strong></span> 
     </span>
    </p>
   </div>
  </div>
