1927 3076
70 140 135 169 1129

67 197 241 234 Epiphanium
262 197 331 225 inter
345 205 374 226 se
390 198 473 227 fuisse
495 201 647 231 altercalos.
663 203 839 237 Quamobrem
856 207 878 235 A

68 245 215 273 llalloxium
247 245 341 277 miror,
369 251 396 273 et
428 248 590 276 recentiores
619 251 766 284 quosdatn,
795 253 840 286 qui

67 291 194 324 hodieque
208 290 406 324 contradicant,
423 299 472 320 nec
490 292 644 330 Hieronymi
660 297 746 324 solum
768 298 842 325 testi-

67 336 180 363 monium
206 336 282 364 ﬁocci
307 336 417 370 faciant,
446 339 492 365 sed
518 344 544 366 et
562 340 713 376 Epiphanii,
734 342 780 377 qui
804 343 840 370 ita

65 382 190 410 Joannem
215 382 361 417 alloquitur
378 391 385 409 :
405 392 414 408 ι
435 383 517 411 Video
537 385 609 412 enim
633 387 704 421 quod
733 393 842 422 propter

66 427 131 454 hanc
143 434 253 454 causam
271 427 359 454 omnis
376 431 463 455 vestra
484 428 631 464 indignatio
647 431 779 458 concitata
794 432 840 465 sit,

65 473 131 507 quod
142 472 255 500 dixerim
271 472 356 505 vobis,
371 473 428 500 Arii
441 477 553 508 patrem,
569 474 709 510 Origenem
727 477 839 512 scilicet,

64 523 89 546 et
103 518 215 545 aliarum
230 518 368 546 haereseon
383 519 499 546 radicem
523 525 549 547 et
567 527 705 556 parentem
732 522 841 551 laudare

65 572 113 592 non
125 564 237 592 debetis.
258 563 292 591 Et
308 571 369 592 cum
387 572 435 591 vos
448 572 583 601 rogarem,
598 575 631 595 ne
647 568 682 595 ita
700 569 840 603 erraretis,

64 614 89 636 et
102 616 250 642 monerem,
268 609 480 642 contradixistis,
496 616 521 638 et
541 620 583 639 tne
606 613 638 640 ad
656 613 791 640 tristitiam
814 618 842 641 et

65 655 192 690 lacrymas
212 655 361 683 adduxistis
383 663 390 681 :
412 663 465 684 non
477 657 562 684 solum
576 663 665 686 autem
685 666 737 692 me,
752 659 798 686 sed
814 665 841 687 et

64 700 126 727 alios
138 701 270 735 plurimos
294 702 452 736 catholicos,
475 704 520 737 qui
535 704 693 731 intererant.
717 704 789 737 Inde,
811 709 841 732 ut

65 746 187 780 intelligo,
206 747 264 774 haec
280 751 321 774 est
340 748 429 776 omnis
457 749 615 784 indignatio,
637 753 664 776 et
679 750 730 777 iste
747 749 839 784 furor;

64 796 89 819 et
108 791 208 819 idcirco
241 793 453 826 comminatnini,
475 795 545 829 quod
567 795 681 822 mittatis
698 796 839 823 adversum

65 847 104 867 me
117 839 255 873 epistolas,
279 844 309 867 ut
321 840 374 867 huc
390 840 505 876 illucque
522 848 610 869 sermo
628 847 717 869 vester
737 842 841 870 discur-

64 890 113 912 rat.
138 895 146 911 ι
166 885 288 920 Denique
316 887 482 920 propositum
508 886 562 914 sibi
586 894 647 914 esse
667 887 787 915 declarat
812 888 839 915 in
855 885 877 913 Β

65 931 151 958 eadem
166 931 280 965 epistola
293 931 480 967 lliemnymus,
490 939 570 968 opere
579 933 705 968 peculiari
717 934 841 970 dogmata

63 976 181 1011 Origenis
192 977 356 1005 convellere.

95 1032 159 1060 Xlll.
174 1033 284 1062 Veritus
296 1035 398 1062 interea
413 1043 447 1063 ne
459 1036 556 1065 litteris
569 1037 693 1071 Joannis,
707 1043 735 1066 et
747 1039 841 1068 lsidori

64 1079 317 1108 insusurrationibus
331 1087 476 1118 occupatus
493 1083 632 1118 'l‘heophili
655 1085 761 1113 animus
773 1086 842 1114 male

65 1126 94 1152 de
103 1127 311 1154 orthodoxorum
328 1135 409 1155 causa
421 1129 542 1161 sentiret,
553 1137 658 1164 aequum
672 1131 843 1167 duxitgesta-

65 1179 118 1199 rum
131 1180 221 1200 rerum
237 1173 376 1201 historiam
395 1175 429 1203 ad
450 1183 510 1203 eum
531 1177 709 1211 perscribere,
723 1186 805 1214 seque
815 1184 843 1207 et

64 1218 177 1254 gregales
190 1227 255 1247 suos
270 1220 340 1254 apud
354 1228 416 1247 ettm
431 1228 557 1257 purgare.
575 1222 670 1250 Pacem
685 1231 749 1259 ergo
764 1231 842 1260 opta-

65 1270 92 1291 re
102 1271 138 1296 se,
170 1264 203 1291 ad
225 1271 340 1299 eamque
358 1266 552 1294 conciliandam
573 1273 696 1301 paratum
721 1268 843 1299 declarat

63 1317 107 1345 per
129 1310 283 1345 epistolam,
308 1311 464 1346 quaa‘inter
485 1312 708 1349 Hieronymianas
733 1323 842 1343 numero

67 1356 225 1390 sexagesima
256 1357 373 1384 secunda
399 1357 522 1390 habetur,
547 1363 574 1385 et
600 1359 690 1387 eodem
707 1367 778 1388 anno
790 1361 843 1389 395

64 1400 119 1428 data
132 1406 173 1429 est
191 1410 200 1429 :
221 1402 303 1429 multa
320 1402 416 1431 deinde
431 1403 553 1438 imposita
567 1405 617 1432 sibi
639 1412 654 1432 ιι
673 1405 776 1434 Joanne
789 1407 843 1435 cri-

65 1446 129 1474 mina
139 1447 278 1481 cont'utat;
293 1449 318 1475 in
334 1449 431 1483 quibus
444 1451 636 1478 advertendum
651 1456 693 1480 est
705 1452 843 1480 insimula-

64 1497 114 1520 tum
135 1501 194 1521 eum
218 1502 233 1521 a
254 1494 368 1527 Joanne,
385 1497 455 1531 quod
475 1495 597 1532 Origenis
613 1504 694 1532 opera
720 1500 840 1534 quaedam

65 1537 152 1567 Latine
165 1540 302 1573 vertisset,
320 1542 489 1576 respondisse
506 1552 512 1569 :
530 1552 539 1568 ‹
557 1542 612 1570 Hoc
633 1551 686 1571 non
708 1545 780 1572 solus
792 1553 841 1580 ego

65 1585 121 1619 feci,
135 1587 178 1614 sed
198 1592 227 1614 et
246 1588 385 1615 confessor
395 1589 511 1616 Hilarius
525 1589 607 1623 fecit;
620 1595 647 1618 et
661 1595 750 1619 tamen
766 1597 839 1620 uter-

64 1639 110 1667 que
121 1639 242 1661 nostrum
259 1635 340 1662 noxia
354 1642 465 1670 quaeque
487 1637 648 1665 detruncans
665 1639 738 1665 utilia
754 1643 840 1667 trans-

64 1679 133 1711 tulit;
151 1690 160 1705 ›
174 1683 202 1707 et
211 1680 290 1715 paqu
303 1686 361 1715 post
377 1690 384 1707 :
400 1690 409 1707 ι
426 1681 578 1710 Sicuteuim
594 1683 840 1718 interpretationem

64 1729 88 1751 et
102 1726 225 1753 idiomata
241 1726 440 1762 Scripturarum
468 1728 575 1764 Origeni
595 1737 701 1766 semper
719 1732 839 1765 attribui,

65 1770 95 1796 ita
121 1772 274 1807 dogmatum
301 1773 517 1802 constantissime
540 1775 639 1803 abstuli
655 1777 807 1805 veritatem.
828 1788 837 1804 ι

65 1814 96 1843 lit
109 1818 372 1854 ostendatprmterea
391 1827 470 1854 qttam
496 1828 564 1848 vana
587 1826 658 1849 esset
674 1821 785 1849 Joannis
807 1823 841 1850 de

64 1861 206 1892 Pauliniani
219 1865 388 1893 ordinatione
400 1866 518 1900 querela,
533 1868 682 1894 ordinatqu
693 1876 753 1895 eum
768 1876 841 1896 asse—

66 1906 96 1932 rit
114 1908 138 1934 iu
153 1909 420 1945 Eleutheropolitano
434 1912 580 1945 territorio,
596 1920 649 1940 non
669 1913 694 1940 in
715 1913 838 1942 Eliensi.

65 1952 272 1989 Eleutheropolis
290 1961 377 1983 autem
393 1964 424 1984 ea
436 1962 476 1984 est
492 1956 614 1991 llebron;
631 1958 714 1992 IElia,
731 1959 840 1988 Jerusa-

65 1998 123 2027 lem.
134 2001 254 2036 Denique
266 2007 404 2037 postquam
416 2003 449 2030 ad
460 2004 657 2037 procurandum
667 2005 716 2032 sibi
728 2006 840 2033 exitium

65 2043 186 2075 Joannem
203 2048 350 2082 laborasse,
363 2053 389 2075 et
406 2049 591 2076 auctoritatem
607 2051 740 2085 publicam
755 2059 787 2078 ac
799 2059 842 2079 re-

66 2092 157 2127 scripta
171 2094 333 2122 sollicitasse
352 2100 462 2129 questus
477 2100 529 2128 est,
541 2104 638 2130 cupere
654 2103 683 2124 se
697 2097 840 2132 signiﬁcat,

66 2141 91 2163 ut
102 2139 240 2168 discordia
253 2148 347 2168 omnes
364 2141 513 2175 sopiantur.
535 2142 653 2178 Utraque
665 2149 740 2178 parte
751 2145 841 2172 audita

65 2185 198 2214 veritatem
219 2177 362 2222 perspexit
391 2187 564 2223 Theophilus,
586 2177 616 2216 et
636 2177 712 2217 malis
739 2191 841 2219 artibus

66 2236 112 2257 non
126 2231 221 2259 bonam
233 2239 342 2260 causam
358 2241 373 2260 a
389 2233 491 2262 Joanne
509 2235 622 2270 aliisque
635 2235 717 2264 foveri
734 2245 842 2272 compe-
857 2233 879 2261 D

66 2273 141 2309 riens,
154 2277 294 2304 adversam
318 2277 355 2305 ita
380 2278 519 2314 amplexus
533 2284 583 2311 est,
607 2285 636 2306 ut
655 2287 782 2316 utrosque
798 2287 838 2308 ta-

66 2325 121 2346 men
137 2323 169 2349 ad
182 2323 315 2350 sinceram
328 2324 501 2351 concordiam
520 2332 649 2354 revocare
664 2327 839 2362 niteretur,el

65 2371 238 2402 repugnantes
249 2369 415 2404 Origenistas
430 2370 546 2398 molliter
559 2380 591 2399 ae
601 2372 717 2407 benigne
729 2373 840 2402 adhibe-

65 2416 112 2438 ret.

855 1562 876 1591 C

98 2467 163 2498 XIV.
178 2471 321 2504 Caeterum,
334 2472 369 2500 ad
392 2473 569 2501 coercendam
594 2475 727 2509 serpentis
747 2475 840 2511 Orige-

66 2514 137 2542 Itismi
158 2517 237 2550 luem,
248 2524 376 2552 sequente
390 2526 461 2546 anno
473 2519 651 2554 Hieronymus
664 2521 839 2556 Augustinum

67 2561 158 2593 pietate
176 2563 314 2592 ﬂorentem
334 2569 361 2592 et
379 2565 540 2600 eruditione,
557 2568 664 2602 quicum
680 2568 730 2595 sibi
747 2568 840 2595 notitia

67 2604 147 2640 aliqua
160 2609 358 2644 intercesserat,
371 2612 479 2644 parario
489 2612 584 2648 Alypio
597 2613 754 2648 Tagastensi
767 2619 841 2648 post-

66 2653 169 2695 tIIOdum
188 2655 324 2690 episcopo,
339 2656 438 2691 quique
451 2657 507 2691 jam
522 2663 583 2686 ante
599 2663 692 2694 optare
707 2666 737 2686 se
755 2659 840 2695 signi-

68 2694 198 2733 ﬁcaverat,
220 2705 249 2727 ut
263 2701 388 2735 Origenis
401 2708 482 2736 opera
506 2704 539 2730 ab
564 2703 725 2739 Hieronymo
746 2694 841 2732 Latine

67 2742 247 2778 redderentur,
260 2751 351 2774 monet
363 2753 410 2781 per
420 2747 570 2782 epistolam,
587 2757 646 2783 qua:
655 2750 799 2782 intercidit,
812 2754 841 2777 ut

67 2784 91 2812 in
106 2787 225 2824 Origenis
237 2791 427 2826 scriptionibus
442 2797 534 2820 cautus
549 2794 664 2827 incedat,
687 2797 841 2831 approbatis

68 2831 226 2868 melioribus,
239 2836 409 2870 sequioribus
422 2836 546 2871 rejectis;
558 2843 585 2866 at
597 2839 717 2874 Origenis
727 2841 775 2868 sibi
790 2849 839 2869 no-

68 2876 114 2904 tari
129 2886 232 2908 errores
250 2883 422 2916 responsione
436 2891 483 2910 sua
506 2884 669 2920 Augustinus
685 2887 838 2920 postulavit.

180 2930 316 2961 ΡΑτιιοι..
335 2932 394 2964 Cn.
410 2932 505 2963 XVI].

493 141 774 174 ORIGENIANORUM
792 146 856 175 LIB'.
877 145 909 180 ll,
928 146 1004 175 CAP.
1024 146 1068 179 IV,
1090 144 1185 175 SECT.
1206 144 1227 173 1.

1608 145 1677 177 1150

892 205 970 233 Certe
986 205 1019 232 ab
1036 205 1078 232 his
1092 202 1305 231 dissensionibus
1319 204 1437 230 animum
1456 203 1546 239 procul
1567 204 1610 232 ltic
1627 206 1678 233 ha-

896 249 963 282 buit,
979 257 1065 283 neque
1076 249 1188 275 multtun
1211 255 1269 275 sese
1282 248 1443 283 interposuit
1464 248 1676 284 Origenistarum

895 296 975 323 rebus
994 303 1000 322 :
1018 302 1125 323 errores
1157 295 1286 322 duntaxat
1316 295 1471 322 Adamantii
1497 303 1546 331 pro
1568 303 1597 324 re
1614 302 1677 327 nata

895 340 1069 375 impugnavit,
1083 339 1154 367 velut
1170 340 1195 366 in
1211 339 1287 367 libris
1303 339 1339 366 De
1355 340 1456 368 ciuitate
1470 341 1527 368 Dei.
1546 341 1678 379 Hierony-

895 393 966 413 mum
980 390 1069 413 autem
1089 386 1121 413 ad
1139 385 1367 420 redintegrandam
1389 392 1449 412 cum
1469 385 1566 414 Ruﬁno
1582 387 1677 416 amici~

895 431 959 458 tiam
976 431 1054 458 valde
1069 431 1189 457 hortatus
1198 433 1249 456 est.

928 476 985 504 XV.
997 477 1074 504 Anno
1087 484 1102 504 a
1113 476 1211 504 Christi
1224 480 1284 503 ortu
1299 475 1359 509 597,
1374 481 1432 511 post
1453 477 1544 513 viginti
1558 476 1676 514 quinque

894 529 1023 549 annorum
1034 521 1226 549 discessionem
1241 520 1354 547 Romam
1369 529 1475 549 reversa
1491 528 1531 550 est
1551 523 1674 557 Melania,

893 565 991 594 Rufino
1018 566 1145 593 itinerum
1170 566 1243 593 socio
1274 566 1411 594 comitata.
1436 566 1550 595 Causam
1573 570 1676 599 reditus

893 619 951 640 eam
966 612 1048 640 fuisse
1058 612 1124 639 dicit
1140 610 1274 639 Palladius
1288 619 1296 639 :
1309 612 1448 640 Melaniam
1466 618 1571 648 neptem
1587 623 1674 650 suam,

893 657 997 684 Piniani
1023 664 1144 690 uxorem,
1171 658 1334 692 nuptiarum,
1354 659 1498 693 mundique
1521 664 1674 694 perm-sam,

892 703 1001 731 Christo
1014 704 1144 739 reliquum
1156 704 1218 731 vita:
1230 712 1389 732 consecrare
1402 705 1469 732 velle
1484 713 1543 732 cum
1557 708 1677 742 accepis‘

893 753 943 781 set,
966 750 1079 777 veritam
1099 749 1233 777 seniorem
1261 758 1293 777 ne
1311 751 1337 778 in
1357 758 1499 785 perversos
1514 751 1676 780 secessionis

892 801 948 822 sure
963 795 1043 822 duces
1063 795 1150 830 neptis
1163 803 1210 822 sua
1232 795 1372 827 incideret,
1391 795 1502 823 Romam
1524 797 1676 833 advolasse,

892 845 1007 873 eamque
1021 840 1139 867 consiliis
1153 839 1298 874 adjuvisse.
1326 841 1412 867 Aliam
1435 841 1540 870 itineris
1567 849 1676 870 causam

891 885 1011 920 assignat
1044 885 1194 919 Baronius,
1230 885 1342 914 Romam
1388 895 1482 922 nempe
1515 887 1677 923 Origenisml

892 931 1035 958 invehendi
1063 932 1191 964 studium,
1218 933 1259 960 cui
1292 932 1414 960 Melaniae
1443 933 1557 968 iunioris
1586 941 1677 962 seces-

892 985 937 1005 sus
962 977 1032 1012 apud
1058 978 1164 1013 vulgum
1194 979 1304 1006 obtentu
1337 979 1426 1006 fuerit.
1450 979 1592 1015 Opinionis
1621 988 1676 1009 suat

893 1029 1030 1052 auctorem
1056 1031 1108 1052 non
1126 1024 1214 1057 dedit;
1229 1025 1393 1059 conjecturis
1409 1030 1511 1053 tantum
1532 1026 1676 1055 obsecutus

892 1074 942 1098 est.

928 1114 997 1143 XVI.
1012 1116 1096 1143 Simul
1110 1121 1191 1151 atque
1207 1116 1317 1144 Romam
1333 1116 1432 1151 appulit
1448 1116 1573 1149 Ruﬁnus,
1592 1116 1676 1144 libros

893 1161 1019 1197 Origenis
1032 1162 1102 1196 Περὶ
1114 1161 1215 1197 ἀρχῶν
1230 1170 1245 1189 a
1257 1170 1285 1190 se
1296 1162 1436 1190 Latinitati
1453 1163 1572 1190 redditos
1586 1163 1612 1190 in
1625 1171 1675 1198 pu-

893 1207 992 1235 blicum
1010 1207 1141 1240 editurus,
1156 1208 1272 1242 priorem
1283 1208 1418 1243 Apologia:
1433 1207 1564 1243 Pamphili
1579 1209 1676 1237 librum

893 1259 1053 1280 conversum
1067 1253 1157 1280 itidem
1174 1261 1187 1280 a
1204 1260 1233 1280 se
1244 1258 1269 1281 et
1282 1254 1485 1288 interpolatum,
1498 1261 1524 1282 et
1535 1263 1587 1282 una
1601 1263 1676 1283 suam

894 1297 932 1324 De
949 1297 1141 1324 adulleratione
1165 1298 1292 1325 librorum
1310 1298 1431 1334 Origents
1462 1299 1675 1329 lucubrationem

893 1342 1032 1376 praemisit,
1060 1343 1093 1369 ad
1122 1343 1192 1370 viam
1226 1343 1394 1378 Origenismo
1427 1345 1675 1373 communiendam.

894 1386 1044 1422 Utrumque
1060 1388 1170 1416 Macarii
1185 1389 1293 1417 hortatu
1306 1397 1462 1425 aggressum
1474 1399 1503 1418 se
1521 1396 1634 1419 testatur
1648 1392 1677 1420 in

893 1432 1094 1466 praefationibus
1116 1441 1122 1459 :
1138 1439 1165 1460 at
1178 1434 1204 1461 id
1214 1434 1249 1461 ab
1262 1442 1295 1462 eo
1315 1442 1363 1469 per
1377 1436 1572 1464 simulationem
1591 1436 1679 1471 jacta-

899 1481 955 1504 tum
979 1479 1077 1505 asserit
1097 1478 1277 1514 Hieronymus
1298 1480 1406 1514 Apolog.
1424 1480 1471 1508 lib.
1483 1489 1512 1514 tt,
1528 1489 1587 1516 cap.
1603 1483 1630 1510 5.
1648 1481 1678 1510 In

894 1522 1051 1557 praefatione
1072 1524 1105 1552 ad
1121 1524 1265 1552 Macarium
1288 1525 1419 1561 Pamphili
1449 1527 1581 1562 Apologia:
1609 1535 1677 1563 prte-

897 1573 981 1603 texta,
999 1577 1051 1596 non
1067 1570 1180 1598 obscure
1195 1571 1278 1606 tangit
1294 1571 1338 1599 ille
1352 1572 1528 1606 Epiphanium
1540 1578 1567 1600 et
1581 1572 1677 1601 Hiero-

891 1621 1014 1648 nymum,
1039 1622 1101 1642 cum
1129 1616 1162 1642 de
1181 1623 1228 1643 sua
1246 1617 1468 1651 interpretatione
1494 1619 1534 1646 sic
1548 1619 1676 1647 disserit:

893 1667 902 1684 ε
922 1659 985 1686 Mihi
1024 1664 1113 1687 tamen
1147 1669 1200 1688 non
1225 1661 1316 1690 dubito
1349 1663 1413 1697 quin
1437 1657 1565 1692 offensum
1590 1666 1680 1694 maxi-

891 1712 962 1731 mam
987 1711 1123 1739 comparet
1149 1714 1251 1740 eorum,
1266 1707 1311 1742 qui
1335 1715 1366 1734 se
1384 1708 1461 1736 hesos
1479 1715 1572 1744 putant
1587 1710 1621 1737 ab
1633 1718 1677 1744 eo,

891 1749 937 1783 qui
961 1749 993 1776 de
1010 1750 1125 1785 Origene
1141 1758 1194 1778 non
1213 1752 1312 1786 aliquid
1325 1753 1394 1781 tnale
1409 1754 1535 1782 senserit.
1555 1764 1565 1781 ι
1587 1756 1677 1790 Atque

891 1794 947 1821 haec
968 1795 1082 1823 similem
1110 1796 1194 1831 ipsius
1220 1800 1441 1833 conquestionem
1466 1800 1491 1827 in
1519 1801 1676 1828 memoriam

891 1846 1028 1874 revocant,
1039 1848 1118 1876 quam
1137 1843 1162 1870 in
1172 1844 1372 1878 perorationem
1385 1846 1418 1871 ad
1430 1846 1677 1881 interpretationem

891 1885 1152 1914 Commentariorum
1166 1888 1289 1922 Origenis
1302 1890 1328 1916 in
1339 1888 1487 1923 Epistulam
1503 1891 1537 1917 ad
1546 1890 1678 1919 Romam»

893 1930 998 1958 intersit
1015 1940 1022 1957 :
1042 1941 1051 1958 ‹
1069 1932 1120 1960 Sed
1141 1933 1296 1967 delectabit,
1309 1936 1404 1970 inquit,
1419 1935 1562 1964 indulsisse
1576 1937 1678 1965 labori-

891 1977 952 2010 bus,
967 1978 989 2004 si
1003 1979 1081 2006 modo
1092 1986 1156 2011 non,
1171 1984 1199 2006 ut
1220 1980 1246 2007 in
1267 1981 1328 2008 aliis
1346 1983 1448 2016 experti
1464 1990 1569 2016 sumus,
1591 1984 1677 2012 male-

891 2023 957 2050 vola:
974 2029 1077 2051 utentes
1089 2025 1186 2060 vigiliis
1208 2027 1306 2054 nostris
1321 2028 1496 2056 contumelias
1513 2030 1636 2064 reddant,
1653 2030 1678 2059 ei

892 2075 943 2094 non
959 2069 1045 2095 studia
1058 2069 1312 2106 obtrectationibus,
1336 2077 1363 2100 et
1378 2073 1484 2102 labores
1503 2082 1677 2104 remuneren-

893 2117 936 2138 tur
958 2113 1072 2141 insidiis.
1097 2115 1199 2143 Novum
1226 2118 1324 2153 quippe
1343 2119 1413 2153 apud
1427 2126 1473 2147 eos
1488 2120 1572 2155 culpae
1592 2129 1678 2156 genus

892 2158 1027 2191 subimus;
1046 2169 1056 2185 ι
1073 2165 1099 2188 et
1115 2168 1175 2188 mox
1195 2170 1202 2188 :
1218 2172 1227 2188 ι
1247 2163 1302 2190 Hoc
1327 2170 1417 2192 autem
1429 2170 1526 2201 .totum
1548 2167 1613 2194 mihi
1627 2167 1679 2194 do-

893 2208 969 2234 naut,
982 2212 1033 2231 non
1048 2212 1139 2233 amore
1152 2209 1214 2239 mei,
1227 2209 1274 2235 sed
1288 2209 1349 2237 odio
1374 2211 1491 2238 auctoris
1520 2211 1598 2246 [Sed
1617 2212 1678 2239 red-

892 2257 984 2277 eamus
1003 2250 1036 2278 ad
1046 2251 1179 2287 Apologia:
1195 2254 1387 2288 prtefationem.
1406 2255 1551 2292 Postquam
1562 2265 1678 2293 purgan-

893 2295 918 2321 di
934 2295 975 2322 sui
992 2304 1083 2330 causa,
1098 2298 1169 2324 velut
1193 2299 1388 2333 professionem
1415 2296 1482 2330 ﬁdei
1493 2303 1606 2331 Ruﬁnus
1620 2305 1677 2332 edie

893 2341 932 2367 dit
949 2349 955 2367 :
974 2350 983 2366 ι
1001 2341 1073 2375 Hzec,
1097 2343 1193 2378 inquit,
1217 2344 1393 2382 Jerosolymis
1411 2348 1436 2374 in
1452 2348 1570 2376 Ecclesia
1590 2350 1635 2377 Dei
1661 2358 1678 2377 ει

893 2391 988 2413 sancto
1005 2389 1144 2416 sacerdote
1161 2391 1218 2423 ejus
1232 2390 1333 2419 Joanne
1343 2393 1538 2427 praedicantur;
1558 2395 1615 2422 haec
1628 2403 1677 2423 nos

894 2437 953 2456 cum
977 2431 1034 2465 ipso
1061 2437 1088 2459 et
1115 2433 1229 2462 dicimus
1257 2441 1285 2463 et
1306 2442 1437 2465 tenemus.
1454 2448 1463 2465 ι
1485 2439 1677 2475 Hieronymum

894 2475 974 2502 etiam
1000 2476 1042 2504 his
1058 2478 1147 2505 verbis
1170 2480 1284 2509 defricat
1308 2482 1333 2509 in
1354 2491 1402 2510 suo
1423 2484 1461 2511 De
1486 2485 1677 2513 adulteratione

893 2519 1018 2548 librorum
1031 2520 1149 2558 Origenis
1161 2524 1249 2553 libello
1267 2534 1273 2553 :
1294 2536 1303 2553 ‹
1319 2529 1449 2556 Auctores
1464 2530 1675 2557 obtrectatorum

893 2566 951 2601 ejus
968 2567 1113 2605 (Origenis)
1128 2570 1144 2596 ii
1159 2576 1220 2598 sunt
1240 2574 1284 2606 qui
1301 2574 1343 2601 Vel
1358 2575 1384 2602 in
1400 2575 1517 2602 Ecclesia
1538 2575 1678 2610 disputare

893 2612 974 2641 latius
988 2614 1083 2647 solent,
1098 2615 1138 2644 vel
1153 2617 1232 2644 etiarn
1242 2617 1326 2647 libros
1340 2621 1469 2655 scribere,
1482 2622 1527 2657 qui
1544 2626 1628 2649 totum
1643 2623 1678 2648 de

894 2658 1010 2694 Origene
1030 2661 1071 2688 vel
1083 2661 1237 2697 loquuntur,
1248 2664 1288 2690 vel
1304 2665 1426 2694 scribunt
1440 2677 1447 2694 :
1463 2675 1496 2695 ne
1511 2675 1576 2703 ergo
1586 2667 1677 2703 plures

894 2705 1012 2740 ipsorum
1031 2707 1102 2734 furta
1116 2716 1369 2746 coguoscanthquze
1396 2714 1500 2748 utique,
1526 2715 1550 2741 si
1580 2715 1677 2750 ingrati

894 2750 920 2777 in
936 2752 1092 2787 magistrum
1112 2762 1164 2781 non
1178 2762 1280 2787 essent,
1293 2765 1460 2793 nequaquam
1477 2760 1622 2794 criminosa
1634 2762 1676 2786 vi-

893 2795 1030 2830 derentur,
1045 2799 1223 2834 simpliciores
1233 2809 1353 2837 quosque
1369 2804 1402 2831 ab
1416 2804 1475 2838 ejus
1491 2805 1606 2832 lectione
1631 2806 1678 2833 de-

894 2847 1006 2870 terrent.
1027 2854 1037 2870 ι
1049 2844 1117 2872 Nam
1131 2853 1193 2873 cum
1207 2846 1349 2882 Origeuem
1376 2850 1490 2877 miriﬁce
1513 2850 1677 2878 celebrasset

892 2889 1071 2926 Hieronymus
1082 2893 1163 2921 etiam
1179 2898 1233 2922 tum
1243 2895 1359 2931 juvenis,
1371 2901 1397 2924 et
1413 2896 1470 2931 plus
1479 2897 1607 2933 quam‘70
1622 2897 1676 2924 ho-

1491 2945 1530 2974 36
