1927 3076
260 139 325 168 “Si

884 142 913 170 Ρ.
932 131 1093 172 υΑΝιΕιιέ
1106 143 1221 172 nuern

1800 145 1864 171 H32

259 201 389 229 mileticos
410 202 492 236 ipsius
516 201 607 233 libros,
629 201 708 229 multa
732 202 811 229 etiatn
836 203 870 230 de
895 204 974 230 tomis
1007 204 1032 230 in
1049 207 1072 233 Α
1121 204 1200 231 XVII.
1219 205 1252 230 At
1274 203 1458 231 Pammachius
1481 209 1507 230 ct
1525 203 1649 230 Oceanus
1676 203 1710 230 dc
1735 203 1816 230 rebus
1840 205 1862 230 iu

257 248 413 283 Apostolum
436 248 543 281 scriptis
566 247 661 274 Latine
677 249 847 282 reddidisset,
869 257 902 276 ex
923 248 1035 284 eiusque

256 293 332 321 libris
345 293 558 322 Commentarios
574 300 636 321 suos
648 293 845 328 locupletassel,
859 302 920 321 mox
933 295 959 321 in
973 302 1033 322 eum

256 339 397 366 calcitrare
421 339 512 373 capit.
540 338 699 374 Neutiquam
725 348 787 367 vero
818 340 860 367 his
890 342 1033 375 perstringi

255 382 445 419 Hieronymum
461 389 536 418 putat
555 384 701 419 llalloxius,
712 387 774 420 quia
787 386 842 420 jatn
863 388 1033 415 reconciliata

253 429 341 456 luerat
355 430 427 457 inter
443 438 489 457 eos
499 432 596 466 gratia,
608 436 635 458 et
650 432 728 466 paulo
739 433 862 467 superius
878 433 1031 469 Hieronymi

253 483 312 502 cum
325 476 404 503 laude
415 477 573 504 meminerat
586 478 627 505 his
635 478 723 505 verbis
737 487 743 505 ε
756 489 765 504 ‹
778 479 814 506 Da
820 480 918 507 masius
929 481 1032 514 episco-

252 529 312 556 pus,
322 529 381 549 cum
395 522 427 550 tle
441 523 600 558 recipiendis
608 524 801 558 Apollinaristis
815 525 969 553 deliberatio
981 527 1030 552 ha-

251 570 370 601 beretur,
383 569 526 596 editionem
540 570 728 597 ecclesiasticae
743 571 812 603 ﬁdei,
826 572 868 598 cui
883 572 961 599 iidem
973 572 1030 599 edi--

252 614 328 646 tioni,
341 614 361 640 si
377 614 506 641 Ecclesiae
518 614 591 650 iungi
605 615 696 647 velint,
708 617 878 644 subscribere
889 618 1028 650 deberent,

249 659 466 686 conscribendam
481 661 618 688 mandavit
632 662 718 687 amico
734 669 783 688 suo
797 663 902 690 cuidam
919 663 1028 698 presby-

249 709 307 731 tero
323 705 380 732 viro
402 705 589 738 disertissimo,
605 707 649 740 qui
665 706 715 733 hoc
733 706 769 734 illi
789 715 822 734 ex
844 715 918 735 more
945 716 1026 743 nego-

249 751 313 776 tium
325 750 495 785 procurabat.
509 760 518 776 ι
529 751 635 779 Addere
643 756 749 786 poterat
760 752 896 780 llalloxius
903 754 1026 780 eumdem

247 804 262 823 a
274 796 371 823 Ruﬁno
382 797 494 823 honoris
510 804 588 824 causa
604 797 768 824 nominatum
781 798 806 824 itt
822 799 976 832 praalatione
993 799 1025 826 li-

246 842 354 869 brorum
369 843 438 877 Περὶ
460 842 568 877 ἀρχῶν,
583 844 627 878 qui
649 844 700 871 hoc
719 849 837 878 tempore
857 846 1023 879 prodierunt.

1086 250 1157 278 Urbe
1169 250 1250 285 gestis
1265 249 1454 284 Hieronymum
1470 249 1610 276 certiorem
1627 249 1743 280 l'aciunt,
1753 254 1780 276 et
1795 249 1865 275 Rull-

1084 297 1192 322 nianam
1207 295 1336 322 librorum
1351 295 1419 328 Περὶ
1430 294 1529 329 ἀρχῶν
1544 294 1795 328 interpretationem
1807 301 1862 320 cum

1084 340 1237 376 praefatione
1253 341 1448 373 transmittunt,
1470 339 1657 374 postulantquc
1672 343 1703 366 ut
1715 339 1799 366 libros
1810 346 1864 365 eos-

1083 388 1143 414 dem
1160 387 1262 414 meliori
1277 387 1327 414 ﬁde
1340 391 1487 419 convertat,
1504 391 1530 412 et
1551 386 1663 420 injectas
1680 385 1714 412 de
1733 392 1764 412 se
1780 386 1864 418 suspi-

1082 434 1174 460 ciones
1191 433 1287 459 diluat.
1301 432 1498 459 Re‘dieratcntn
1510 430 1690 464 illojamftum
1708 430 1733 456 in
1751 430 1862 463 gratiam

1082 477 1204 509 Ruﬁnus,
1223 484 1283 504 cum
1301 476 1473 511 Jcrosolymis
1498 476 1723 510 proﬁcisceretur.
1749 473 1863 500 Subdola

1081 526 1172 560 itaque
1187 525 1274 551 Ruﬁni
1290 524 1445 559 prmfatione
1458 524 1527 550 clam
1542 530 1662 550 arrosum
1684 530 1714 549 se
1735 526 1762 549 et
1779 522 1861 556 impe-

1081 572 1158 598 tittttn
1173 571 1292 598 sentiens
1308 569 1497 604 Hieronymus,
1507 575 1534 596 et
1550 570 1619 595 inter
1635 567 1806 602 Origenistas
1815 574 1859 600 po-

1080 617 1173 649 situm,
1187 617 1257 644 hanc
1268 624 1327 643 cutn
1343 623 1375 642 eo
1393 615 1517 650 injuriam
1531 614 1617 641 amice
1631 619 1657 641 et
1673 613 1773 640 leniter
1782 619 1862 647 expo-

1079 663 1190 690 stulavit
1215 670 1263 696 per
1284 662 1423 697 epistolam
1436 681 1442 692 ,
1460 659 1612 695 cujus.boe
1637 665 1679 686 est
1700 658 1859 686 exordium:

1081 718 1090 734 (
1104 709 1150 736 Diu
1166 713 1192 735 te
1208 708 1298 736 Romae
1312 712 1444 734 moratum
1456 714 1545 734 sermo
1558 705 1683 741 proprius
1697 703 1857 734 indicavitp

1078 756 1147 782 unde
1168 754 1229 781 licet
1253 754 1388 789 conjicere
1403 753 1458 788 jam
1480 756 1542 779 ante
1560 752 1593 778 ad
1608 758 1668 778 eum
1684 750 1790 777 litteras
1808 748 1860 775 Rn-

1078 800 1158 827 ﬁnum
1177 799 1290 827 dedisse.
1311 797 1364 825 Sed
1385 805 1444 825 cum
1467 804 1515 831 per
1535 801 1651 823 vecturae
1673 802 1764 821 moras
1775 794 1859 821 serius

1076 845 1187 872 Romam
1205 845 1292 872 delata
1310 843 1405 870 luisset
1421 841 1575 877 Hieronymi
1592 841 1742 875 resporrsio.
1761 847 1859 866 renun-

245 887 343 915 Verum
360 876 481 915 hocerat
495 876 603 924 ingenio
622 888 752 922 Ruﬁnus;
769 876 864 923 palam.
878 891 904 917 in
918 898 948 918 os
963 891 1022 918 lau-
1041 876 1061 903 Β
1078 892 1170 918 tiatum
1188 891 1290 918 interea
1303 889 1392 917 fuerat
1414 888 1510 915 Ruﬁno
1523 876 1624 914 novam
1642 886 1774 913 librorum
1790 884 1858 918 Περὶ

244 933 335 963 dabat,
349 932 417 959 clam
431 932 604 966 detrahebat;
618 934 778 961 simultatem
796 934 900 962 fovebat
915 936 940 963 in
951 936 1021 970 sinu,

244 977 388 1005 amicitiam
404 977 490 1005 fronte
507 979 627 1013 gerebat.
642 979 732 1013 Itaque
750 979 855 1014 palpum
871 988 962 1007 coram
973 982 1022 1008 ob-

243 1023 368 1051 trudebat
392 1023 566 1059 Hieronymo,
589 1029 618 1051 ut
639 1025 727 1052 acrius
751 1026 854 1053 occulte
876 1027 1020 1054 morderet.

241 1069 297 1097 Hoc
316 1069 441 1104 amplius,
454 1070 632 1107 Hieronymus
644 1071 700 1106 ipse
713 1071 822 1107 Apolog.
844 1072 861 1099 2
875 1073 902 1099 in
918 1072 1020 1107 Ruﬁn.,

241 1123 300 1149 cap.
312 1115 338 1147 6,
349 1116 405 1143 haec
421 1117 500 1143 verba
519 1117 554 1143 ita
569 1118 674 1151 repetit,
689 1118 764 1152 quasi
780 1119 935 1152 neutiquam
947 1120 980 1146 ad
993 1127 1022 1147 se

239 1162 391 1195 pertineant
407 1170 413 1188 :
432 1163 478 1189 sed
495 1163 534 1190 vel
545 1164 625 1190 tacite
640 1164 727 1191 notari
744 1172 772 1191 se
784 1172 835 1192 non
853 1165 956 1198 sensit;
980 1166 1021 1193 vel

238 1213 408 1242 perspectam
431 1209 592 1236 calumniam
609 1210 732 1237 simulate
750 1211 866 1239 reticuit.
887 1211 952 1240 Utttt
967 1217 1019 1247 est,

239 1261 316 1280 suum
331 1259 438 1282 maneat
451 1255 680 1290 lectorijudicium
696 1265 702 1283 :
720 1258 859 1291 sequentia
875 1264 949 1285 certe
962 1267 1020 1286 ma-

239 1297 334 1325 nil'este
355 1298 530 1334 Epiphanium
555 1305 670 1334 petunt:
687 1311 697 1328 ι
718 1303 837 1338 Denique
852 1304 961 1337 quidam
985 1312 1018 1331 ex

238 1343 312 1378 ipsis,
333 1344 378 1378 qui
401 1352 430 1372 se
455 1346 527 1373 velut
551 1347 748 1383 evangelizandi
772 1350 958 1377 necessitatem
973 1358 1021 1385 per

236 1396 329 1416 omnes
344 1395 436 1423 gentes
448 1395 474 1418 et
489 1399 536 1425 per
551 1399 643 1420 omnes
662 1393 766 1428 linguas
783 1395 880 1422 habere
895 1399 971 1429 putat
988 1396 1020 1423 de

237 1434 352 1469 Origene
372 1436 441 1463 male
465 1436 599 1470 loquendi,
619 1445 665 1465 sex
677 1439 758 1466 millia
776 1439 903 1467 librorum
920 1440 978 1475 ejus
991 1448 1020 1469 se

235 1480 342 1514 legisse,
358 1481 553 1516 quamplurima
567 1482 681 1510 fratrum
702 1484 870 1512 multitudine
884 1486 1019 1519 audiente,

236 1525 376 1553 confessus
389 1531 440 1553 est.
462 1535 470 1552 ι
485 1528 556 1561 Ipsos
573 1528 668 1556 deinde
683 1530 751 1564 Περὶ
760 1529 860 1564 ἀρχῶν
878 1531 960 1559 libros
970 1531 1019 1559 Ur-

235 1571 262 1598 bi
275 1571 420 1606 pt‘opinans
435 1572 556 1605 Ruﬁnus,
573 1581 625 1608 quo
646 1575 731 1609 magis
756 1575 871 1604 lectores
895 1576 1016 1608 illiceret,

234 1617 418 1652 prtel'ationem
436 1619 510 1653 operi
532 1619 661 1653 prteﬁxit,
686 1627 771 1654 eaque
790 1621 936 1649 declaravit
958 1630 1019 1650 sese

234 1663 343 1698 reliquis
354 1663 520 1699 dogmatibus
534 1665 641 1692 intactis
656 1665 737 1693 falsas
751 1665 874 1701 Origenis
887 1667 918 1695 de
928 1667 1018 1695 Trini-

234 1714 289 1737 tate
311 1711 476 1743 sententias,
502 1716 592 1746 utpote
618 1712 652 1739 ab
673 1712 806 1740 haereticis
833 1713 959 1747 insertas,
975 1715 1017 1742 vel

233 1756 401 1789 emendasse,
419 1756 461 1784 vel
475 1757 676 1791 prtetermisisse
693 1766 699 1784 :
715 1765 841 1793 grassans
868 1759 939 1786 enim
966 1760 1018 1787 hoc

233 1805 352 1835 tempore
367 1801 535 1829 Arianismus
549 1802 677 1830 adversus
689 1802 842 1838 Origenem,
859 1804 935 1839 cujus
958 1812 1016 1832 ant-

231 1845 323 1873 biebat
335 1846 523 1880 patrocinium,
539 1846 691 1875 Catholicos
705 1853 895 1877 commoverat.
919 1850 1016 1877 Exem-

231 1894 276 1925 plo
291 1899 397 1926 quoque
419 1891 586 1928 Hieronymi,
605 1894 749 1921 multorum
770 1894 826 1928 jam
845 1895 970 1930 Origenis
983 1897 1016 1924 li-

230 1937 341 1964 brorum
363 1937 528 1972 interpretis,
547 1938 689 1966 adductum
704 1947 733 1966 se
748 1940 880 1975 signiﬁcat
893 1941 943 1969 hac
959 1941 1015 1976 ipsa

231 1983 387 2017 praefatione
411 1983 541 2015 Ruﬁnus,
570 1989 599 2011 ut
624 1985 778 2020 scriptionis
805 1986 876 2013 illius
900 1994 1015 2014 conver-

229 2029 332 2056 sionem
351 2030 508 2065 susciperet.
527 2030 559 2057 Et
576 2038 664 2059 causa:
686 2036 776 2059 tamen
791 2032 827 2058 ita
847 2031 947 2059 diﬁisus
961 2036 1013 2066 est,

229 2081 258 2103 ut
281 2076 432 2112 prtel‘ationi
455 2084 552 2104 nomen
571 2085 648 2104 suum
664 2078 799 2105 ascribere
813 2085 866 2105 non
883 2078 1010 2111 auderet;

227 2127 256 2148 et
272 2129 382 2150 assensu
395 2127 524 2157 praeterea
539 2122 679 2158 Theophili
697 2128 723 2151 et
740 2123 895 2159 Hieronymi
910 2123 1012 2158 gloria-

228 2173 314 2194 retur.

1075 937 1174 972 ἀρχῶν
1186 936 1433 971 interpretationem
1446 934 1480 960 ab
1490 940 1522 960 eo
1537 932 1638 967 parari,
1650 939 1733 965 quam
1748 938 1781 958 eo
1797 938 1857 957 con-

1074 983 1135 1010 silio
1149 982 1283 1010 conditam
1300 989 1314 1008 a
1329 988 1358 1008 se
1374 979 1468 1008 scribit
1479 978 1656 1013 Hieronymus
1671 977 1782 1011 Apolag.
1811 975 1856 1002 lib.

1075 1036 1094 1061 ι,
1109 1035 1167 1062 cap.
1183 1027 1211 1060 2,
1229 1034 1280 1054 non
1296 1031 1325 1052 ut
1340 1025 1461 1053 crederet
1473 1024 1555 1051 lector
1571 1023 1604 1050 iis
1621 1029 1680 1056 quae
1696 1022 1857 1056 interpreta-

1075 1073 1170 1105 batur;
1186 1071 1232 1099 sed
1255 1078 1288 1098 ne
1309 1070 1430 1097 crederet
1454 1069 1487 1096 iis
1509 1075 1568 1103 quae
1591 1072 1653 1094 ante
1681 1065 1857 1093 transtulerat

1075 1117 1197 1145 Rulinus.
1208 1118 1294 1151 Atque
1313 1116 1350 1143 ita
1369 1115 1498 1148 dirempta
1515 1115 1584 1140 inter
1597 1121 1645 1140 eos
1658 1112 1856 1145 gratia,datam

1074 1162 1106 1189 ad
1136 1161 1260 1188 Ruﬁnutn
1288 1160 1429 1196 epistolam
1449 1159 1604 1194 Hieronymi
1630 1157 1789 1190 familiares,
1812 1157 1856 1192 qui

1074 1208 1219 1235 curandam
1236 1214 1295 1234 eam
1315 1210 1491 1241 acceperant,
1509 1208 1729 1239 suppresserunt.
1757 1202 1857 1230 Susce-

1073 1259 1146 1290 ptam
1157 1254 1275 1286 interim,
1292 1252 1458 1281 Pammachii
1478 1255 1505 1279 et
1520 1251 1621 1278 Oceani
1642 1255 1747 1285 rogatu,
1763 1250 1856 1277 since-

1074 1301 1172 1328 riorem
1185 1300 1312 1326 librorttm
1328 1299 1365 1325 De
1375 1297 1510 1333 principii:
1521 1296 1725 1323 conversionem
1738 1294 1857 1322 absolvit

1073 1337 1295 1379 Hieronymtis,et
1307 1345 1340 1372 ad
1351 1351 1398 1372 eos
1417 1343 1527 1370 Romam
1541 1342 1621 1373 misit,
1640 1348 1700 1368 cum
1719 1339 1856 1367 luculenta

1073 1392 1196 1428 epistola,
1207 1400 1258 1427 qua
1271 1391 1394 1426 Origenis
1405 1390 1553 1418 doctrinatn
1564 1394 1591 1416 et
1603 1383 1783 1416 eruditionem
1799 1387 1857 1414 lau-

1073 1440 1150 1467 dasse
1163 1446 1192 1467 se
1200 1439 1310 1470 fatetur,
1329 1438 1453 1471 dogmata
1468 1435 1585 1463 tenuisse
1605 1439 1743 1468 pernegat.
1759 1443 1769 1458 ε
1786 1433 1857 1460 Lau-

1071 1484 1149 1516 davi,
1173 1483 1268 1518 inquit,
1296 1482 1485 1516 interpretem,
1511 1487 1561 1506 non
1586 1479 1784 1513 dogmatisten;
1816 1478 1858 1504 in-

1071 1531 1190 1565 genium,
1213 1536 1265 1556 non
1283 1528 1360 1555 ﬁdem
1375 1535 1382 1559 ;
1399 1525 1597 1560 philosophum,
1621 1532 1674 1551 non
1689 1523 1856 1557 apostolum.

1072 1576 1147 1610 Quod
1157 1575 1178 1602 si
1195 1574 1286 1602 volunt
1297 1581 1377 1608 super
1392 1573 1506 1607 Origene
1525 1578 1613 1598 meutn
1629 1570 1700 1597 scire
1709 1569 1857 1603 judicium,

1069 1623 1156 1657 legant
1181 1621 1207 1648 in
1233 1620 1407 1646 Ecclesiasten
1432 1617 1659 1648 Commentarios,
1676 1616 1812 1650 replicent
1827 1615 1856 1642 in

1068 1668 1213 1703 Epistolam
1234 1666 1266 1693 ad
1281 1664 1410 1700 Ephesios
1431 1663 1481 1690 tria
1501 1663 1648 1695 volumina,
1661 1667 1688 1689 et
1703 1661 1858 1696 intelligent

1068 1721 1110 1741 tne
1118 1720 1225 1746 semper.
1235 1712 1291 1746 ejus
1304 1710 1470 1745 dogmatibus
1482 1708 1657 1741 contraiisse;
1673 1716 1683 1734 ι
1693 1712 1721 1734 et
1735 1707 1834 1734 iterum
1846 1715 1855 1733 :

1069 1769 1078 1785 t
1097 1759 1123 1787 Si
1136 1759 1200 1785 mihi
1217 1757 1336 1790 creditis,
1344 1755 1506 1790 Origenistes
1522 1761 1659 1789 nunquam
1682 1753 1719 1780 l'ui
1736 1762 1743 1786 ;
1761 1753 1785 1781 si
1802 1761 1856 1780 non

1065 1805 1185 1836 creditis,
1201 1810 1271 1831 nunc
1292 1810 1350 1830 esse
1378 1801 1500 1833 cessavi;
1518 1809 1527 1825 ι
1550 1806 1577 1826 et
1598 1799 1724 1833 sequenti
1743 1799 1855 1833 capite:

1068 1861 1078 1877 ι
1096 1850 1149 1878 Fac
1165 1857 1209 1877 me
1220 1856 1328 1876 errasse
1343 1849 1369 1875 in
1383 1846 1606 1878 adolescentia,et
1618 1845 1854 1880 philosophorum,

1065 1897 1091 1924 id
1113 1900 1154 1924 est
1169 1895 1306 1930 gentilium
1330 1893 1427 1920 stu-liis
1453 1889 1585 1919 eruditum
1602 1892 1627 1917 in
1643 1891 1778 1926 principio
1792 1890 1854 1917 ﬁdei

1064 1942 1187 1977 dogmata
1215 1942 1353 1976 ignorasse
1372 1939 1527 1966 Christiana
1544 1946 1552 1970 ;
1568 1942 1596 1964 ct
1620 1937 1672 1964 hoc
1697 1942 1811 1971 putasse
1825 1937 1854 1963 in

1064 1986 1202 2022 apostolis,
1217 1986 1289 2021 quod
1308 1986 1336 2012 in
1359 1984 1520 2019 Pythagora,
1531 1987 1558 2009 et
1573 1982 1694 2014 Platone,
1708 1987 1736 2009 et
1753 1982 1854 2016 Empe-

1063 2033 1139 2061 docle
1154 2033 1269 2068 legeram
1287 2041 1294 2058 :
1308 2039 1355 2058 cur
1370 2029 1473 2065 parvuli
1487 2029 1514 2056 in
1527 2028 1634 2056 Christo
1647 2033 1730 2062 atque
1745 2027 1853 2055 lacten-

1062 2079 1098 2106 tis
1111 2085 1230 2105 errorent
1245 2075 1387 2111 sequimini
1401 2075 1412 2101 ?
1426 2081 1473 2101 cur
1487 2075 1519 2101 ah
1533 2081 1565 2101 eo
1583 2073 1748 2107 impietatem
1766 2071 1852 2098 disci-

1063 2124 1108 2155 tis,
1126 2122 1171 2157 qui
1198 2121 1311 2149 necdum
1338 2122 1465 2155 pietatem
1491 2117 1626 2145 noverat?
1644 2116 1771 2144 Secunda
1790 2121 1852 2150 post

1062 2168 1228 2203 naufragium
1244 2167 1332 2194 tabula
1351 2171 1392 2193 est
1409 2165 1516 2200 culpam
1534 2163 1693 2198 simpliciter
1711 2162 1848 2190 conﬁteri.

263 2213 352 2240 Multis
370 2215 507 2242 enimvero
529 2214 604 2242 cordi
629 2215 678 2242 luit
705 2222 772 2250 opus
789 2216 853 2244 illud
876 2225 891 2244 a
915 2217 1011 2246 Ruﬁno
1027 2222 1048 2250 Ι)
1062 2214 1161 2242 lmitati
1175 2215 1240 2242 estis
1261 2217 1407 2245 errantem,
1430 2210 1572 2238 imitamini
1597 2215 1622 2237 et
1648 2214 1816 2236 correctum.
1837 2217 1847 2233 ι

228 2260 396 2292 translatum,
413 2265 441 2288 et
458 2260 569 2295 Origeni
593 2261 760 2294 sacerdotes,
784 2263 930 2290 monachos
947 2269 974 2290 et
996 2270 1011 2290 e

226 2305 443 2333 Christianorum
454 2306 532 2341 vulgo
548 2307 644 2334 multos
661 2306 792 2341 adjunxit,
800 2313 827 2335 et
842 2307 932 2336 Sirieii
944 2316 1010 2343 quo-

226 2359 279 2386 que
294 2359 368 2386 papae
389 2353 554 2387 simplicitati
573 2353 665 2380 illusit.
688 2354 723 2379 At
742 2353 832 2388 plures
850 2359 939 2382 tamen
963 2355 1011 2382 do-

226 2398 321 2424 ctrinae
347 2398 452 2425 novitas
467 2398 600 2432 perculit;
616 2399 682 2426 adeo
698 2403 727 2425 ut
742 2403 828 2426 totum
842 2400 936 2426 orbem
952 2405 1012 2434 post

224 2443 316 2470 Ruﬁni
327 2444 576 2478 interpretationctn
589 2445 615 2470 itt
627 2444 751 2479 Origenis
759 2444 849 2471 odium
862 2445 1009 2477 exarsisse,

224 2494 252 2516 et
276 2489 436 2516 translatum
453 2490 527 2524 Lepus
554 2490 694 2524 expavisse
720 2489 858 2516 tradiderit
879 2489 1010 2525 Hierony-

224 2542 285 2562 mus
299 2535 345 2562 lib.
375 2535 488 2568 tApo/.,
512 2543 572 2570 cap.
595 2536 622 2562 5.
638 2536 739 2562 Auctor
765 2542 872 2569 quoque
895 2534 938 2562 ille
955 2539 1007 2566 est,

223 2580 337 2614 primam
351 2579 515 2615 glllarcellam
547 2579 709 2612 Romanam,
732 2579 872 2607 nobilitate
887 2579 1006 2613 generis,

223 2631 250 2652 ct
261 2625 358 2660 pietate
375 2625 516 2658 illustrem,
540 2625 754 2652 subolescentem
772 2632 893 2651 errorem
911 2625 1008 2659 depre-

224 2670 349 2698 hendisse
366 2678 397 2698 tte
413 2671 584 2706 repressisse.
599 2671 751 2698 Discessum
765 2670 856 2705 itaque
871 2670 1008 2697 destinan-

224 2720 263 2741 tes
275 2716 337 2742 facti
349 2721 483 2750 auctores,
498 2717 626 2751 cum’jam
640 2716 696 2743 lere
710 2720 738 2742 ut
753 2716 872 2743 haeretici
886 2716 1009 2751 designa-

224 2765 325 2793 rentur,
344 2762 541 2789 ecclesiasticas
563 2761 690 2795 epistolas
707 2769 721 2787 a
736 2760 833 2787 Siricio
853 2761 1006 2794 impetrant,

225 2809 254 2830 ut
271 2805 397 2832 Ecclesia:
424 2807 610 2833 communione
640 2806 749 2841 gloriari
778 2810 886 2840 possent
903 2814 909 2832 :
925 2809 1005 2840 atque

222 2850 266 2878 bis
283 2851 460 2879 communitus
473 2851 592 2888 Ruﬁnus
606 2852 755 2886 Aquileiam
774 2852 913 2880 remeavit.

1062 2260 1191 2288 Similiter
1205 2260 1232 2286 in
1248 2258 1324 2293 epist.
1338 2258 1383 2289 ΒΞ,
1399 2257 1432 2284 ad
1448 2255 1624 2290 Theophilum
1638 2264 1644 2281 :
1658 2263 1668 2280 ‹
1682 2255 1759 2282 Sicut
1774 2254 1849 2281 enim

1062 2306 1307 2341 interpretationem
1331 2309 1357 2331 et
1372 2303 1498 2331 idiomata
1517 2301 1720 2335 Scripturarum
1735 2299 1850 2334 Origeni

1061 2359 1167 2386 semper
1184 2351 1303 2382 attribui,
1320 2350 1356 2376 ita
1373 2350 1527 2384 dogmatum
1541 2346 1763 2374 constantissime
1787 2346 1851 2373 abs-

1063 2398 1109 2424 tuli
1126 2397 1274 2424 veritatem.
1295 2405 1304 2421 ›
1322 2395 1354 2422 Ει
1370 2399 1458 2421 tamen
1477 2401 1537 2420 cum
1553 2392 1771 2420 Commentarios
1784 2399 1851 2419 suos

1062 2445 1088 2470 t'n
1104 2442 1292 2474 Ecclesiasten,
1308 2446 1334 2468 et
1348 2439 1494 2475 Epistolam
1505 2441 1540 2465 ad
1553 2438 1680 2473 Ephesios
1693 2439 1849 2465 Adamanlii

1061 2488 1137 2516 scitis
1154 2487 1299 2520 referserit,
1314 2486 1358 2512 vix
1374 2486 1406 2512 iis
1421 2484 1504 2512 setnel
1515 2483 1678 2511 contradixit
1692 2491 1697 2506 :
1716 2483 1771 2511 imo
1784 2491 1849 2510 vero

1061 2543 1095 2562 ne
1111 2533 1252 2567 Origenem
1270 2532 1377 2566 quidem
1397 2534 1534 2556 auctorem
1559 2528 1664 2555 citavit.
1683 2528 1759 2561 Quod
1774 2536 1798 2555 Si
1816 2535 1847 2553 ea

1061 2588 1109 2615 pro
1122 2579 1196 2606 falsis
1208 2577 1311 2608 habuit,
1324 2582 1372 2602 cur
1390 2581 1511 2602 censura:
1525 2577 1614 2600 notam
1632 2580 1686 2600 non
1701 2573 1848 2608 apposuit?

1059 2633 1107 2652 cur
1120 2631 1180 2651 cttm
1201 2624 1226 2650 id
1247 2621 1297 2649 sibi
1312 2621 1377 2647 vitio
1390 2620 1508 2650 daretur,
1530 2618 1555 2644 id
1569 2617 1620 2645 sibi
1637 2617 1732 2652 gloriae
1744 2618 1821 2644 duxit
1836 2618 1848 2642 ἓ

1061 2680 1070 2696 t
1088 2670 1153 2696 Nam
1170 2669 1240 2703 quod
1253 2667 1352 2696 dicunt,
1368 2675 1377 2691 ι
1389 2665 1476 2699 inquit
1490 2663 1596 2699 Prolog.
1607 2663 1634 2690 in
1652 2663 1700 2690 lib.
1731 2670 1750 2689 ll
1771 2662 1847 2688 Cont-

1060 2721 1138 2742 ment.
1156 2715 1184 2741 in
1197 2713 1292 2743 ΜὶοΙι..
1307 2721 1317 2737 ι
1337 2710 1461 2745 Origenis
1476 2717 1520 2737 me
1536 2709 1670 2736 volumina
1687 2708 1843 2742 compilare,

1059 2766 1086 2788 et
1101 2758 1278 2787 contaminari
1300 2764 1352 2784 non
1373 2756 1467 2783 decere
1482 2759 1621 2791 _veterum_
1631 2753 1735 2786 scripta
1750 2760 1757 2778 :
1775 2750 1843 2785 quod

1059 2806 1097 2832 illi
1116 2805 1286 2832 maledictum
1302 2803 1448 2829 vehemens
1463 2807 1522 2828 esse
1535 2798 1712 2832 existimant?
1719 2798 1840 2826 eamdem

1055 2853 1161 2883 laudem
1172 2857 1220 2884 ego
1233 2850 1376 2878 maximam
1387 2848 1546 2881 duco,tcum
1561 2846 1636 2874 illum
1651 2845 1754 2873 imitari
1772 2841 1840 2875 volo,
