1927 3076
64 142 151 171 1155

517 140 797 173 ORIGENIANORUM
817 145 878 173 LIB.
901 146 931 179 Il,
952 147 1026 175 CAP.
1047 148 1091 182 IV,
1113 145 1207 177 SECT.
1227 149 1247 177 1.

1619 152 1687 187 1154

63 211 161 239 quem
174 203 277 232 cunctis
300 203 476 239 prudentibus
488 210 516 232 et
532 206 607 234 vobis
624 206 731 241 placere
744 215 796 236 nou
812 208 862 235 du-
876 209 899 237 A
913 215 961 240 pro
972 216 1062 236 rerum
1080 218 1112 238 ac
1129 215 1277 246 temporum
1293 213 1408 248 ratione,
1423 215 1493 243 trahi
1511 223 1540 245 se
1551 221 1579 244 et
1588 218 1685 253 jactari

63 251 152 284 bito;
170 259 180 277 ι
195 258 244 278 cur
263 251 291 277 in
305 250 463 284 praefatione
479 251 512 279 ad
534 252 633 279 librum
653 252 692 280 De
709 254 856 280 nominibus

67 298 229 331 Hebraicis,
246 299 284 326 ait
295 299 428 326 neminem
447 299 497 327 nisi
514 299 677 335 imperitum,
691 308 788 336 negare
799 300 858 329 Ori-

64 352 174 379 genem
185 349 246 379 post
259 344 394 380 apostolos
405 345 587 373 Ecclesiarum
601 354 660 374 esse
677 347 857 382 magistrum?

106 389 195 425 Igitur
215 398 268 419 non
291 391 350 418 sine
374 399 453 419 causa
477 393 588 420 Ruﬁnus
607 392 786 429 Origenistam
805 392 856 420 ali-

60 436 184 470 quando
206 437 286 465 fuisse
302 437 491 474 Hieronymum
513 439 642 473 jactabat.
662 449 671 465 t
689 439 751 467 Haec
775 444 825 473 est,
843 449 853 466 ι

61 483 174 518 inquit,
191 485 288 512 invect.
303 493 323 517 ι,
346 494 355 510 t
377 490 420 512 ttta
447 486 513 513 tanti
537 486 655 521 magistri
676 491 809 521 gravrtas,
827 490 858 513 ut

59 537 136 557 eum
165 538 244 565 quem
262 531 287 558 in
308 531 369 558 aliis
393 531 496 564 laudas,
517 532 678 560 condemnes
699 533 726 560 in
744 533 804 560 aliis
829 537 856 560 ει

60 583 155 609 quem
171 577 197 603 in
213 576 417 611 praefationibus
440 578 492 604 tuis
510 578 621 605 alterum
641 583 700 613 post
721 579 855 614 apostolos

61 621 257 649 Ecclesiarum
274 623 429 657 magistrum
442 624 543 657 dixisti,
562 631 632 651 nunc
647 625 801 653 haereticum
816 625 856 652 di-

60 674 120 694 cas
135 667 147 693 ?
165 667 230 700 Quis
247 668 389 695 haereticus
403 667 582 696 Ecclesiarum
595 669 721 704 magister
734 670 855 704 aliquan.

60 711 104 740 do
120 713 174 739 dici
189 712 300 747 potuit?
318 722 327 738 ι
345 713 439 741 Futilis
454 714 486 741 ad
502 714 559 741 haec
576 714 729 750 Hieronymi
744 722 855 743 excusa-

62 759 120 790 tio,
138 759 184 793 qui
200 759 316 786 Protem.
331 759 358 786 in
374 760 419 786 lib.
435 768 461 787 ιι
487 759 631 789 Comment.
653 761 733 788 Iraiw
747 768 855 796 respon-

61 805 118 831 det
143 803 300 839 Origenem,
318 805 471 838 Eusebium,
489 806 693 841 Apollinarium,
708 807 827 842 aliosque
839 815 855 835 a

61 857 96 878 Se
122 851 150 877 in
174 851 374 878 commentariis
399 852 432 879 ad
458 852 540 879 libros
568 851 693 886 Danielis,
712 853 855 888 magistros

64 895 204 922 Ecclesiae
219 897 371 923 nominatos
382 916 389 928 ,
405 897 438 924 ad
454 897 653 924 distinctionem
677 899 854 932 quorumdam

62 943 116 976 qui
132 950 148 969 a
166 943 266 978 Christi
284 943 334 969 fide
353 948 429 970 erant
449 942 539 970 alieni.
553 943 645 978 Pergit
662 943 855 980 Hieronymum

62 986 207 1015 lacessere
220 988 469 1023 Ruﬁnus.eumque
485 988 609 1023 Origenis
625 990 703 1017 ﬁdem
718 998 855 1026 nunquam

62 1041 96 1060 se
119 1034 245 1061 laudasse
263 1033 410 1068 iactantem
437 1036 553 1070 propriis
574 1036 656 1071 ipsius
673 1036 762 1065 verbis
779 1044 857 1064 coar-

61 1079 139 1113 guit.
151 1078 252 1111 Quibus
263 1079 308 1106 ille
323 1079 394 1107 velut
418 1081 557 1108 convictus
578 1081 670 1109 scribit
682 1081 727 1109 lib.
741 1090 771 1110 ttt
783 1081 855 1116 Apo-

62 1124 139 1159 log.,
156 1132 215 1159 cap.
231 1125 257 1152 3.
279 1134 288 1150 ι
315 1125 415 1152 Eodem
434 1126 538 1154 fervore
556 1134 608 1161 quo
631 1126 771 1162 Origenem
795 1132 856 1154 ante

60 1169 250 1201 laudavimus,
261 1177 333 1197 nunc
349 1171 502 1198 damnatum
516 1175 572 1199 toto
583 1171 648 1199 orbe
663 1172 852 1205 damnemusp

63 1220 94 1244 et
110 1223 175 1244 mox
193 1225 221 1243 ι(
242 1217 396 1244 Erravimus
409 1217 531 1251 juvenes,
547 1217 719 1245 emendemur
733 1225 826 1251 senes;
842 1227 851 1244 ι

61 1268 92 1289 et
106 1263 208 1289 iterutn
224 1271 230 1290 :
256 1259 265 1288 ι
288 1263 397 1298 Ignosce
415 1263 481 1290 tnihi
500 1263 571 1298 quod
586 1262 711 1298 Origenis
725 1263 856 1291 eruditio-

62 1314 144 1338 nem,
159 1311 186 1334 et
204 1307 320 1334 studium
336 1307 550 1342 Scripturarum,
571 1312 713 1342 antequam
729 1307 786 1342 ejus
798 1307 852 1334 hae-

62 1352 153 1378 resim
172 1351 275 1386 plenius
302 1359 418 1384 nossem,
433 1353 459 1379 in
480 1352 591 1386 juvenili
612 1357 691 1380 aetate
704 1352 820 1380 laudavi.
843 1362 852 1378 ι

61 1396 135 1424 Inde
148 1397 356 1425 Posthumianus
370 1398 439 1432 apud
453 1397 598 1432 Sulpicium
613 1397 741 1425 Severum
760 1397 856 1425 merito

64 1443 105 1469 ait
124 1451 132 1469 :
153 1452 162 1468 ι
183 1442 248 1469 Illud
264 1450 305 1470 me
319 1443 462 1470 admodum
477 1444 659 1478 permovebat,
673 1443 745 1478 quod
762 1443 855 1471 Hiero.

62 1495 180 1521 nymus,
195 1488 236 1514 vir
258 1488 372 1515 maxime
386 1487 549 1521 Catholicus,
568 1493 595 1515 et
606 1495 691 1515 sacrae
704 1487 769 1523 legis
780 1489 853 1523 peri-

63 1532 202 1566 tissimus,
220 1533 363 1568 Origenem
383 1524 492 1561 secutus
505 1534 594 1568 primo
608 1537 727 1568 tempore
741 1534 853 1568 putaba-

63 1583 125 1611 tur.
142 1586 222 1614 quem
248 1587 318 1607 nunc
345 1581 414 1608 idem
440 1580 644 1615 praecipue,vel
671 1580 761 1607 omnia
784 1580 854 1608 illius

63 1626 171 1660 scripta
187 1627 337 1653 damnaret.
364 1635 373 1652 ι
400 1626 464 1654 lude
480 1631 507 1653 et
525 1625 688 1661 Vigilantius
713 1626 798 1660 ipsum
815 1626 854 1653 sic

64 1673 200 1704 tanquatn
216 1670 397 1706 Origenistam
414 1670 574 1704 incessebat,
598 1678 678 1706 quam
694 1676 782 1698 tamen
798 1671 852 1698 cri-

64 1716 246 1743 minationem
261 1717 394 1751 depcllere
411 1722 526 1744 certatur
536 1718 615 1752 epist.
629 1717 747 1745 75.1nde
762 1720 790 1743 et
804 1717 854 1743 Att-

64 1762 195 1797 gustinus
210 1762 417 1790 inconstantiam
433 1768 460 1791 et
477 1763 654 1791 mobilitatem
678 1763 777 1798 ingenii
791 1761 854 1790 Ilie-

64 1814 183 1842 ronymo
194 1807 335 1843 Origenem
352 1809 401 1836 sibi
416 1809 479 1837 olim
488 1817 629 1844 percarum
644 1809 699 1844 jam
712 1808 851 1835 infamanti

65 1853 237 1883 subobscure
260 1855 416 1890 exprobrat,
433 1856 512 1891 epist.
534 1855 561 1883 8.
598 1865 608 1881 ‹
627 1854 747 1883 Petlmus
778 1862 852 1889 ergoI

65 1900 169 1934 inquit,
196 1906 223 1928 et
244 1902 381 1929 nobiscum
397 1903 464 1936 petit
482 1902 570 1929 omnis
595 1901 782 1928 Africanarum
800 1899 852 1927 Ec-

65 1947 213 1975 clesiarum
231 1948 349 1975 studiosa
365 1948 490 1980 societas,
502 1952 530 1974 ut
547 1947 573 1974 iu
589 1946 795 1981 interpretandis
806 1953 853 1973 eo-

65 2001 131 2020 rum
159 1992 250 2025 libris,
269 1993 313 2027 qui
344 1993 437 2021 Graace
461 1991 615 2028 Scripturas
639 1996 745 2018 nostras
772 1996 851 2025 quam

65 2040 170 2073 optime
184 2043 375 2071 tractaverunt,
390 2046 482 2065 curam
494 2042 574 2072 atque
591 2044 699 2072 operam
717 2036 851 2071 impende-

66 2091 97 2111 re
120 2092 173 2110 non
187 2084 328 2119 graveris:
348 2088 423 2119 potes
445 2084 516 2111 enim
540 2083 654 2116 eﬂicere,
672 2088 700 2110 ut
720 2090 768 2110 nos
787 2090 852 2116 quo-

66 2138 122 2165 que
147 2130 293 2159 habeatnus
313 2131 372 2158 illos
398 2130 464 2158 tales
487 2131 569 2162 viros,
593 2135 620 2157 et
636 2137 718 2156 unttm
747 2129 853 2163 potissi-

66 2183 145 2202 mutn
158 2195 166 2206 ,
184 2183 262 2210 quem
287 2180 314 2203 tu
338 2176 465 2203 libentius
483 2176 508 2202 in
536 2175 588 2203 tuis
612 2175 709 2202 litteris
725 2182 822 2201 sonas:
840 2183 849 2199 ι

908 253 1041 286 scivisset,
1051 262 1241 290 nonnunquam
1257 257 1337 285 etiam
1349 259 1481 288 maximos
1495 262 1566 290 viros
1578 265 1688 293 amarise

907 299 982 327 simis
996 300 1122 328 conviciis
1134 302 1292 336 perfudisset
1304 311 1310 329 :
1320 304 1455 333 fatendum
1467 307 1564 343 quippe
1577 315 1618 337 est
1626 311 1688 345 jure

907 351 968 371 eum
982 352 1052 379 saepe
1063 353 1078 372 a
1092 345 1191 374 Ruﬁno
1203 346 1287 375 fuisse
1300 350 1490 384 reprehensum
1503 360 1592 388 καῖρε
1604 356 1686 384 etiam

908 388 1033 417 Ruﬁnum
1048 391 1081 418 ab
1098 392 1193 419 eodem
1204 392 1263 420 sine
1275 401 1355 422 causa
1369 395 1452 424 fuisse
1473 398 1686 433 culpatum.Ha3c

906 442 987 470 porro
997 443 1057 464 cum
1074 443 1226 472 agerentur,
1246 447 1333 468 annus
1346 441 1445 470 Christi
1464 445 1620 475 trahebatur
1632 451 1687 476 tre-

906 483 1069 510 centesimus
1082 484 1269 520 nonagesimus
1283 493 1379 515 nonus.

940 548 1032 576 XVIII.
1053 549 1112 583 Quo
1140 554 1263 586 tempore
1295 553 1530 591 Hieronymlanam
1555 559 1683 590 librorum

905 594 975 628 Περὶ
990 594 1090 629 ἀρχῶν
1104 595 1353 631 interpretationem
1364 599 1552 631 Pammachius
1563 606 1684 633 centines

905 637 952 665 bat
972 646 980 670 ;
996 646 1087 666 verum
1101 640 1135 667 ab
1148 641 1236 669 amico
1252 642 1334 677 ipsius
1344 644 1459 675 quodam
1474 645 1567 675 fraude
1582 649 1686 678 deseri--

905 689 949 719 pta
963 686 988 713 iu
1002 686 1096 721 vulgus
1109 688 1205 716 emissa
1222 694 1271 716 est.
1288 689 1519 725 Interpretationis
1534 700 1623 723 autem
1631 700 1686 724 sitat

905 731 1044 766 perﬁdiam
1061 741 1094 760 ex
1109 733 1189 767 hujus
1203 735 1328 763 conﬂictu
1341 743 1509 772 perspectum
1527 740 1576 774 iri,
1591 745 1686 770 Versus

906 778 1009 812 tiasque
1029 786 1092 806 suas
1104 780 1159 814 jam
1181 781 1301 815 proditas
1326 783 1476 819 intelligens
1500 785 1631 820 Ruﬁnus,
1649 788 1685 816 ad

905 831 1022 867 eumque
1045 826 1155 859 perlatis
1178 827 1325 861 Aproniani
1346 837 1428 864 opera
1448 830 1556 865 litteris,
1572 839 1639 867 quas
1651 834 1685 861 ad

870 883 892 910 Β
904 866 1109 913 Pammachium
1123 874 1151 896 et
1168 869 1303 898 Oceanum
1322 880 1373 900 una
1387 881 1447 901 cum
1463 874 1537 902 libris
1549 866 1619 911 Hepl
1635 878 1686 913 dp‘

905 909 968 946 χῶν
978 919 1072 941 recens
1086 920 1101 940 a
1117 921 1146 941 se
1156 913 1302 943 Latinitate
1316 916 1422 945 donatis
1436 909 1614 955 Hieronymus
1632 909 1685 949 ηιίέ

907 962 990 990 serat,
1003 958 1149 986 triennium
1161 959 1186 986 i't
1199 960 1360 989 elaboranda
1372 962 1470 998 duplici
1481 964 1610 1001 Apologia
1621 973 1686 994 con-

905 1003 993 1031 trivit.
1009 1003 1087 1031 Prior
1095 1009 1231 1034 vetustate
1245 1006 1380 1035 intercidit
1396 1017 1404 1035 :
1420 1010 1553 1043 posterior
1564 1015 1686 1046 superest

906 1049 933 1076 iu
948 1049 1014 1077 duas
1040 1050 1138 1078 divisas
1161 1056 1263 1086 partes,
1283 1060 1394 1087 quarum
1411 1056 1496 1089 prima
1516 1057 1684 1086 criminatioa

906 1102 953 1122 nes
979 1096 1012 1123 ab
1028 1095 1193 1132 Hieronymo
1208 1098 1339 1134 impactas
1359 1100 1465 1134 refellit,
1483 1101 1566 1130 altera
1589 1103 1684 1131 Hiero-

905 1148 1015 1177 nymum
1031 1142 1118 1178 ipsum
1135 1145 1269 1180 suggillet.
1286 1145 1350 1178 Quae
1369 1154 1429 1174 cum
1445 1148 1471 1175 in
1487 1153 1604 1183 apertam
1621 1158 1686 1178 cnn-

906 1186 1053 1214 tentionem
1079 1193 1262 1222 erumperent,
1276 1190 1342 1217 duas
1366 1191 1392 1218 in
1410 1197 1499 1226 partes
1509 1213 1517 1225 ,
1533 1197 1563 1220 ut
1576 1194 1616 1227 fit,
1629 1194 1683 1222 llos

905 1241 1046 1262 manorum
1058 1233 1274 1263 Christianorum
1289 1237 1370 1264 animi
1385 1238 1485 1270 abiere,
1504 1246 1565 1266 cum
1586 1239 1685 1268 Ruﬁno

905 1279 960 1313 alii,
976 1280 1020 1308 alii
1039 1280 1202 1316 Hieronymo
1227 1282 1366 1317 faverent;
1382 1291 1431 1312 nec
1454 1285 1567 1314 Romani
1587 1288 1685 1315 dunta-

905 1330 963 1357 xat,
976 1325 1022 1353 scd
1037 1329 1063 1353 et
1087 1331 1219 1361 quotquot
1233 1327 1290 1354 fere
1313 1335 1362 1363 per
1383 1328 1476 1357 orbem
1493 1332 1579 1365 sparsi
1595 1337 1685 1368 erant,

905 1371 1018 1399 diversis
1033 1371 1130 1399 studiis
1145 1372 1308 1400 ferebantur.

939 1437 1010 1466 XIX.
1033 1437 1101 1465 Tum
1120 1445 1183 1465 vero
1206 1439 1325 1473 partium
1347 1447 1455 1468 suarum
1473 1448 1534 1469 esse
1552 1442 1685 1471 intellexit

904 1483 1063 1512 Anastasius
1077 1491 1155 1519 papa,
1171 1492 1224 1511 non
1243 1485 1352 1520 quidem
1374 1487 1526 1516 exorientes
1543 1493 1631 1517 motus
1649 1489 1686 1517 lea

905 1530 1034 1558 nimentis
1047 1530 1177 1559 adhibitis
1189 1531 1343 1566 consopire,
1358 1533 1429 1567 quod
1449 1533 1549 1562 factum
1560 1543 1575 1563 a
1594 1535 1685 1564 deces-

904 1582 966 1603 sore
983 1576 1042 1611 ejus
1062 1575 1161 1604 Siricio
1181 1578 1346 1610 notavimus,
1379 1580 1425 1606 sed
1451 1579 1550 1608 malum
1580 1581 1686 1611 occulte

904 1629 1031 1650 crescens
1049 1622 1198 1656 apostolica
1223 1623 1386 1651 auctoritate
1401 1625 1565 1654 rescindere.
1582 1620 1622 1654 Re
1635 1627 1686 1655 itaa

904 1675 956 1702 que
981 1668 1026 1695 diu
1045 1675 1077 1695 ac
1091 1673 1195 1696 mature
1216 1669 1243 1696 in
1257 1674 1399 1705 utramque
1417 1675 1521 1706 partem
1541 1679 1684 1707 perpensa,

904 1713 1028 1748 Origenis
1044 1715 1149 1741 tandem
1160 1715 1299 1743 erroribus
1317 1716 1450 1743 haereseos
1460 1720 1550 1743 notam
1569 1717 1684 1752 impres-

903 1758 939 1785 sit
950 1765 1020 1785 anno
1034 1757 1098 1785 400.
1113 1758 1252 1794 Theophili
1267 1759 1383 1787 studium
1396 1760 1525 1794 imitatus,
1544 1761 1589 1796 qui
1605 1769 1684 1798 supe-

904 1804 976 1830 riore
989 1810 1060 1830 anno
1075 1803 1101 1830 in
1116 1803 1299 1831 Alexandrina
1319 1806 1422 1840 synodo
1439 1805 1549 1833 eosdem
1570 1806 1684 1835 damnau

903 1854 989 1878 verat.
1001 1850 1098 1877 Statim
1111 1857 1174 1877 vero
1186 1850 1304 1878 dimissis
1320 1851 1347 1878 in
1362 1858 1457 1879 omnes
1470 1857 1561 1887 partes
1572 1848 1682 1887 nuntiis,

903 1896 1126 1931 Origenianorum
1153 1903 1274 1923 errorum
1304 1897 1502 1924 damnationem
1531 1896 1684 1933 promulgat

902 1941 1078 1975 Anastasius;
1107 1949 1160 1976 qua
1180 1946 1290 1976 accepta
1316 1942 1395 1970 iidem
1420 1943 1520 1977 passitu
1547 1942 1683 1978 reprobali

902 1992 974 2015 sunt.
990 1987 1028 2014 Ea
1045 1987 1078 2014 de
1100 1994 1129 2014 re
1149 1987 1329 2015 disserentem
1349 1988 1489 2016 audiamus
1505 1985 1683 2024 Theophilum

903 2033 929 2060 in
950 2031 1070 2067 Epistula
1095 2035 1129 2059 ad
1155 2034 1283 2067 quosdam
1305 2034 1461 2066 monachos,
1477 2041 1558 2068 quam
1582 2034 1686 2069 profert

903 2077 1022 2105 Julianus
1040 2078 1068 2104 in
1085 2077 1205 2113 Epistola
1228 2079 1263 2105 ad
1286 2078 1388 2106 Menum
1403 2074 1527 2106 :Ut'ntobv
1548 2079 1684 2116 ἅναθεμαδ

902 2123 1019 2156 τιζοντες
1043 2123 1088 2150 τὸν
1106 2123 1255 2159 Ὡριγένην,
1267 2124 1314 2150 καὶ
1332 2125 1395 2156 τοὺς
1411 2124 1506 2156 ἄλλους
1519 2121 1683 2160 αἱρετικοὺς,

903 2169 995 2206 ὥςπερ
1011 2170 1089 2205 ἡμεῖς
1113 2169 1159 2196 καὶ
1170 2169 1184 2195 ὁ
1198 2168 1247 2204 τῆς
1269 2169 1408 2204 Ῥωμαίων
1428 2170 1507 2204 ἁγίας
1523 2166 1684 2206 Ἑκκλησίας

67 2221 214 2256 Origenem
243 2221 387 2253 nimirum,
409 2220 484 2254 cujus
511 2227 634 2254 magnam
664 2225 719 2246 tum
745 2226 852 2254 quoque

905 2216 1048 2248 ἐπίσκὸπος
1078 2215 1262 2247 Ἀναστὰσιος,
1279 2216 1312 2242 ὲκ
1328 2211 1512 2252 παλαιοτέρων
1529 2216 1684 2251 ἀγωνισμά-

68 2267 155 2294 fuisse
169 2267 195 2294 in
215 2268 305 2294 Africa
319 2267 502 2294 celebritatem
518 2274 550 2293 cx
566 2274 599 2292 en
614 2265 784 2292 manifestum
800 2269 851 2291 est.

68 2312 135 2340 lude
147 2319 174 2340 et
188 2312 310 2348 Pelagius
323 2321 389 2348 papa
402 2313 434 2345 II,
449 2313 475 2340 in
487 2312 605 2347 Epistola
620 2311 653 2337 ad
670 2310 756 2337 Elian:
772 2310 852 2344 Aqui-

69 2360 237 2392 leiensem,et
251 2359 315 2386 alios
327 2359 414 2386 Istriw
426 2360 569 2394 episcopos,
583 2365 592 2383 ι
613 2357 707 2384 Annon
719 2376 726 2388 ,
753 2356 850 2390 inquit,

69 2412 97 2434 et
124 2406 305 2442 Hieronymus
325 2411 422 2433 nostra:
439 2405 564 2432 Ecclesiae
583 2403 733 2438 presbyter,
754 2408 780 2428 et
799 2402 851 2428 sin-

69 2453 173 2487 gularis
192 2452 296 2480 Hebraei
317 2452 449 2479 sermonis
470 2451 603 2485 interpres
622 2453 695 2476 tanto
709 2455 771 2482 erga
792 2447 852 2475 Ori-

71 2506 168 2532 geuem
181 2498 272 2525 favore
284 2498 476 2529 intenditur,ut
486 2503 554 2530 perte
568 2494 714 2529 discipulus
726 2494 784 2527 ejus
793 2500 853 2520 esse

43 2561 54 2580 ι,
69 2544 224 2572 videatur?
244 2554 252 2570 ι
272 2544 334 2571 Inde
358 2544 472 2578 denique
495 2542 546 2570 sub
573 2540 727 2575 Hieronymi
745 2540 852 2566 nomine

71 2591 189 2618 conﬁcta
204 2596 246 2618 est
259 2591 382 2625 epistola,
398 2590 425 2617 in
448 2597 500 2625 qua
524 2596 553 2616 se
575 2586 685 2622 Origeni
708 2585 852 2620 aliquando

72 2637 219 2665 adluesisse
233 2637 310 2664 dolet.

108 2683 237 2716 Quamvis
257 2686 346 2710 autem
361 2682 411 2709 viri
427 2681 463 2716 pii
482 2685 509 2708 et
528 2679 669 2708 orthodoxi
685 2678 770 2706 ofﬁcio
793 2676 851 2704 fun-

73 2735 134 2756 ctus
155 2728 200 2760 sit,
215 2736 275 2756 cum
295 2727 399 2762 agnitos
413 2725 572 2760 Origenismi
590 2731 695 2751 errores
713 2722 828 2757 ejuravit
844 2729 852 2754 ;

74 2774 191 2809 optabile
218 2778 306 2801 tamen
333 2773 415 2804 foret,
435 2777 463 2798 ut
488 2773 674 2798 sanctissimus
700 2769 744 2797 Ille
759 2769 852 2796 doctor

75 2819 243 2847 constantior
258 2819 338 2845 animi
353 2818 447 2845 fuisset
461 2821 487 2844 et
501 2816 675 2848 moderatior,
694 2822 779 2850 neque
796 2820 850 2841 tam

77 2865 154 2893 facile
167 2865 213 2892 bili
236 2872 290 2893 suae
305 2864 399 2891 fuisset
414 2863 601 2896 morigeratus,
615 2867 644 2889 ut
662 2862 688 2889 in
702 2860 849 2894 contraria,

905 2270 958 2288 των
979 2261 1081 2294 ἔνδθξος
1092 2260 1242 2296 στρατηγὸς
1252 2261 1386 2296 ἐπισήμου
1399 2260 1464 2287 λαοῦ
1476 2260 1683 2296 χειροτονηθεὶς,

905 2306 927 2342 ᾦ
940 2309 986 2335 καὶ
998 2309 1073 2335 πᾶσα
1087 2307 1140 2335 τῶν
1157 2308 1295 2344 μακαρίων
1309 2308 1379 2334 κατὰ
1389 2308 1437 2344 τὴν
1444 2309 1518 2336 δύσιν
1529 2308 1684 2337 ἐπισκόπων

904 2354 997 2381 ἕπεται
1004 2353 1119 2386 σύνοδος,
1128 2354 1311 2390 ἀποδεχομένη
1318 2354 1366 2389 τῆς
1372 2349 1620 2390 τῶνἊλεξανδρέων
1628 2350 1685 2382 Ἐκ-

903 2400 1015 2436 κλησεας
1024 2400 1072 2436 τὴν
1080 2400 1150 2427 κατὰ
1162 2400 1208 2427 τοῦ
1219 2400 1331 2432 ἀσεϐοῦς
1340 2400 1438 2436 ψῆφον.
1450 2410 1459 2426 ι
1472 2393 1555 2434 Igitur
1573 2400 1685 2427 anatheh

903 2452 946 2472 ma
960 2445 1079 2472 dicentes
1096 2445 1122 2471 in
1137 2443 1422 2480 0rigenem,aliosque
1433 2445 1583 2476 haereticos.
1593 2452 1684 2479 quem-

903 2491 1048 2518 admodum
1065 2490 1164 2517 factum
1185 2496 1227 2518 est
1245 2498 1259 2516 a
1280 2491 1367 2523 nobis,
1377 2497 1404 2518 et
1417 2491 1450 2518 ab
1468 2490 1612 2518 Anastasio
1624 2497 1684 2516 sau-

902 2542 951 2565 cta:
965 2536 1147 2564 Romanorum
1160 2536 1285 2564 Ecclesiae
1299 2538 1434 2572 episcopo,
1445 2536 1489 2571 qui
1499 2543 1532 2562 ex
1548 2533 1684 2562 veteribus

903 2582 1096 2611 certaminibus
1122 2582 1227 2615 clarus,
1246 2582 1299 2610 dux
1331 2582 1443 2610 illustris
1465 2580 1554 2617 populi
1575 2585 1684 2608 creatus

903 2634 954 2662 est,
974 2636 1052 2664 quem
1069 2634 1097 2656 et
1110 2629 1198 2656 omnis
1216 2629 1356 2656 beatorum
1368 2627 1523 2655 Occidentis
1543 2627 1684 2662 episcopos

903 2684 962 2703 rum
975 2676 1096 2711 sequitur
1111 2680 1207 2707 coetus,
1224 2673 1468 2702 Alexandrinorum
1485 2670 1613 2700 Ecclesiae
1625 2679 1685 2699 sen-

903 2722 1013 2750 tentiam
1029 2722 1158 2749 adversus
1176 2721 1286 2755 impium
1308 2719 1388 2746 latam
1415 2719 1573 2753 suscipiens.
1593 2726 1604 2743 ι
1621 2715 1684 2743 Hie-

902 2775 1031 2803 ronymus
1046 2771 1119 2794 certe
1138 2767 1186 2794 lib.
1203 2775 1223 2794 tt
1240 2765 1441 2801 Apolog.,!cap.
1462 2764 1488 2796 6,
1502 2768 1598 2797 praeter
1611 2762 1684 2788 Aua-

904 2814 1016 2841 stasium
1040 2819 1066 2840 et
1084 2812 1282 2847 Theophilum,
1303 2811 1385 2838 tradit
1403 2810 1549 2837 Venerium
1576 2810 1684 2843 quoque

904 2859 1130 2888 Mcdiolancnsem
1157 2859 1331 2891 episcopum.
1352 2862 1379 2886 et
1399 2855 1582 2886 Chromatium
1600 2852 1686 2886 Aquiv
