1927 3076
245 120 311 150 1155

872 121 903 150 Ρ.
921 121 1077 150 DANIELIS
1097 122 1213 151 HUETII

1792 131 1853 159 “36

245 182 380 213 'cieusem,
399 181 539 216 Origenem
559 179 689 214 subjectis
709 181 760 208 sibi
784 181 889 217 populis
914 182 1023 210 hazreti—
1036 186 1059 213 Δ
1075 184 1118 218 pio
1134 184 1169 211 ita
1191 184 1283 212 haberi
1301 192 1315 211 a
1335 185 1434 213 nostris
1454 186 1574 221 partibus
1594 187 1725 221 alienum,
1751 195 1779 216 at
1797 191 1853 224 quid

243 234 301 253 cum
322 226 508 253 denuntiasse.

273 269 333 298 XX.
354 271 389 297 At
402 278 494 305 parum
508 276 569 298 sese
580 277 746 305 promovnsse
765 276 838 299 ratus
852 272 1022 306 Anastasius,

241 316 261 342 si
282 323 334 343 non
361 315 488 343 tumultus
510 319 648 343 auctorem
667 315 803 348 Ruﬁnum,
820 320 847 343 et
865 316 964 344 bellum
982 325 1024 345 re-

240 367 382 388 novantem
401 361 569 395 retunderet,
589 361 703 389 Romam
719 369 780 389 eum
804 362 838 389 ad
858 370 967 390 causam
983 363 1024 390 di-

239 406 350 433 cendam
363 406 479 434 accersit
504 415 511 434 :
528 407 719 442 tergiversatur
735 407 866 440 Ruﬁnus,
883 413 910 435 et
926 408 1023 443 Apolo—

238 452 307 488 giam
327 452 424 480 scribit
436 453 469 480 ad
483 453 666 485 Anastasium,
687 461 738 488 qua
757 453 863 482 levibus
875 455 908 482 ad
928 455 1021 483 detre-

237 498 362 526 ctandam
390 498 581 533 profectionem
606 499 823 527 cxcusationibus
847 507 912 528 usus
940 501 1020 529 ﬁdem

236 551 314 571 suam
331 543 490 578 proﬁtetur:
509 543 605 571 deinde
616 544 653 571 ait
669 552 675 570 :
700 552 708 569 ι
726 543 849 579 Origenis
868 552 917 579 ego
933 552 1021 580 neque

237 590 374 622 defensor,
394 597 481 626 neque
499 595 620 618 assertor
638 598 713 624 sum,
726 598 812 625 neque
825 591 927 625 primus
941 591 1021 619 inter-

235 644 316 671 pres:
338 636 457 664 aliiante
477 644 519 664 me
537 637 588 664 hoc
608 637 678 664 idem
694 644 760 671 opus
775 636 913 670 fecerunt;
930 637 980 665 feci
994 642 1021 665 et

235 689 284 716 ego
302 685 465 716 postremus,
485 686 596 716 rogatus
613 688 628 707 a
650 681 792 708 fratribus.
810 681 838 708 Si
856 681 966 716 jubetur
986 690 1019 710 ne

234 727 293 761 ﬁat,
305 727 391 762 jussio
402 726 540 754 observari
557 727 637 755 debet
653 727 679 754 in
694 732 842 762 posterum.
861 726 889 754 Si
902 727 1015 763 culpan-

234 778 277 801 tur
299 773 345 808 qui
369 777 432 800 ante
451 772 602 808 jussionem
628 772 767 805 fecerunt,
789 772 867 808 culpa
888 781 901 800 a
923 774 1017 808 primis

234 818 352 853 incipiat.
373 817 429 852 Ego
442 818 514 845 enim
534 821 632 852 praeter
648 817 717 844 hanc
734 817 824 850 ﬁdem,
840 825 920 852 quam
936 825 1016 852 supra

232 863 353 898 exposui,
367 863 394 890 id
406 866 448 890 est
467 870 549 897 quam
565 862 687 889 Romana
712 862 845 894 Ecclesia,
858 866 885 889 et
897 861 1015 889 Alexan~
1030 858 1054 887 Β

231 909 318 941 «trina,
339 913 366 936 et
379 907 556 942 Aquileiensis
582 912 675 935 nostra
692 913 783 940 tenet,
812 915 924 943 qumque
939 908 1016 935 Jero-

231 953 341 989 solymis
354 953 526 988 prmdicatur,
545 953 659 981 alienam
677 960 726 980 nec
745 953 824 980 habui
849 961 968 989 unquam
990 954 1016 981 in

230 999 281 1026 isto
291 999 406 1031 homine,
416 1006 464 1027 nec
474 999 571 1032 habeo,
583 1007 631 1027 nec
647 999 760 1027 habebo.
779 1009 788 1024 ι
798 998 958 1034 Neutiquam
974 1005 1016 1027 ta-

231 1052 292 1071 men
309 1045 511 1073 excusationem
526 1045 595 1072 hanc
608 1045 768 1072 Anastasius
784 1045 897 1080 accepit,
912 1046 958 1074 sed
974 1045 1016 1073 in-

230 1095 319 1117 stante
333 1090 471 1125 llarcella,
483 1091 591 1124 Ruﬁno,
600 1096 630 1118 ut
643 1091 732 1119 verbis
743 1095 804 1118 utar
815 1090 969 1127 Hieronymi
980 1092 1013 1123 ¹⁸,

229 1137 377 1164 cauterium
392 1137 526 1165 haereseos
546 1138 653 1170 inussit,
676 1144 793 1172 eumque
809 1137 949 1165 damnavit
967 1145 1015 1165 an-

229 1190 262 1209 n0
274 1183 336 1210 401.
355 1191 365 1209 α
388 1183 575 1211 Damnationis
590 1183 790 1218 hereticorum,
810 1193 819 1210 ι
842 1184 928 1219 inquit
943 1183 1012 1211 idem

228 1227 406 1264 Hieronymus
428 1229 508 1264 epist.
524 1229 568 1262 I6,
592 1239 602 1255 ι
622 1229 679 1257 haec
703 1229 828 1257 Marcella
846 1229 896 1256 fuit
909 1230 1011 1264 princi-

226 1273 312 1307 pium,
324 1273 387 1301 dum
410 1273 520 1302 adducit
536 1278 626 1307 testes,
640 1274 686 1309 qui
706 1275 781 1309 prius
795 1274 829 1302 ab
847 1273 887 1302 eis
901 1273 1012 1306 eruditi,

225 1322 250 1346 et
264 1323 356 1353 postea
374 1319 407 1346 ab
423 1319 550 1347 heretico
565 1319 672 1347 fuerant
684 1327 779 1347 errore
794 1319 928 1355 correpti;
950 1319 1011 1347 dum

225 1365 344 1393 ostentit
356 1365 553 1393 multitudinem
571 1366 745 1401 deceptorum
755 1385 763 1398 ,
775 1365 837 1392 dum
854 1365 934 1400 impia
941 1365 1010 1399 Περὶ

223 1410 324 1446 ἀρχῶν
344 1412 442 1447 ingerit
454 1412 600 1445 volumina,
612 1420 671 1447 qua:
686 1412 826 1440 emendata
839 1419 918 1438 manu
936 1419 1009 1439 scor-

223 1458 261 1492 pii
281 1458 517 1490 monstrabantur;
536 1458 598 1485 dum
611 1458 691 1485 acciti
705 1457 893 1492 frequentibus
912 1457 1010 1484 litteris

224 1503 359 1536 haeretici,
379 1508 408 1530 ut
426 1510 455 1531 se
473 1502 668 1535 defenderent,
684 1503 777 1530 venire
794 1510 846 1530 non
860 1506 922 1529 sunt
938 1503 1008 1535 ausi,

224 1555 350 1586 tantaque
362 1551 402 1579 vis
413 1551 586 1579 conscientiae
605 1551 666 1583 luit,
680 1555 709 1578 ut
726 1551 853 1578 absentes
873 1550 1005 1583 damnari,

222 1604 302 1631 quant
319 1602 465 1632 praesentes
479 1597 589 1632 coargui
611 1597 765 1625 maluerint.
781 1596 866 1630 Hujus
881 1600 933 1622 tam
950 1595 1006 1631 glo-

221 1644 300 1672 riosa:
315 1643 435 1671 victoriae
453 1643 529 1678 origo
548 1642 674 1670 Marcella
692 1647 742 1670 est.
764 1652 773 1668 ι
790 1641 873 1676 Cujus
887 1642 1006 1669 victoria:

221 1691 291 1718 fama
309 1698 368 1718 cum
392 1697 439 1725 per
459 1694 544 1717 toturn
567 1689 659 1716 urbem
681 1688 870 1721 increbuisset,
891 1688 1004 1716 Anasta-

219 1738 288 1765 sium
303 1738 391 1773 ipsum
407 1744 486 1772 super
500 1735 599 1763 Ruﬁno
614 1735 749 1764 consuluit
759 1735 877 1764 Joannes
892 1736 1003 1764 Jeroso-

219 1783 376 1819 lymitanns,
404 1782 517 1817 ejusque
534 1782 696 1809 sententiam
725 1782 885 1817 exploravit.
908 1782 1003 1809 Exstat

218 1828 352 1856 Anastasii
365 1827 504 1863 responsio
521 1827 582 1854 data
595 1827 628 1854 ad
641 1834 685 1854 an.
702 1827 765 1859 402,
786 1827 812 1854 in
833 1834 886 1861 qua
906 1831 1003 1854 notan-

218 1875 280 1902 dum
297 1875 385 1909 primo
403 1873 470 1901 illud
488 1878 539 1906 est,
565 1873 656 1901 multis
677 1873 712 1900 ab
726 1880 758 1900 eo
781 1873 906 1900 laudibus
921 1872 1003 1900 Joan-

217 1930 279 1949 nem
300 1921 461 1957 Origenismi
480 1921 543 1948 licet
558 1924 715 1955 suspectum
741 1919 960 1952 extolli;deinde
975 1926 1002 1948 et

217 1968 305 1996 istud:
320 1976 328 1993 ε
344 1966 474 2002 Origenes
495 1971 596 1997 autem,
615 1965 694 1999 cujus
705 1965 732 1992 in
745 1969 864 1992 nostram
882 1964 999 1999 linguam

216 2013 362 2060 composita
383 2011 515 2041 derivavit
533 2009 668 2047 (Ruﬁnus)
685 2015 748 2037 ante
773 2011 834 2045 quis
861 2009 952 2044 fuerit,
973 2011 998 2038 in

215 2056 462 2094 quaf'processerit
478 2057 569 2091 verba,
586 2061 707 2084 nostrum
725 2056 888 2091 propositum
909 2056 999 2084 nesci-

216 2104 263 2130 vit.
276 2113 286 2129 ι
303 2103 384 2130 Addit
403 2102 530 2129 Ruﬁnum
557 2101 607 2129 hac
623 2100 844 2136 interpretatione
860 2099 940 2127 ﬁdem
964 2101 999 2128 ab

216 2148 343 2182 apostolis
357 2152 531 2183 propagatam
541 2145 643 2174 violare
656 2146 790 2178 voluisse;
803 2153 856 2172 non
870 2145 998 2173 damnare

215 2199 315 2226 tamen,
333 2195 355 2221 si
369 2203 383 2221 a
397 2193 505 2221 traditis
521 2193 548 2220 in
570 2193 747 2227 interpretato
762 2199 845 2226 opere
866 2191 997 2226 dogmatis
1012 2204 1034 2232 Ι)

213 2241 371 2274 abhorreat;
391 2241 519 2267 damnare
537 2246 566 2267 se
586 2239 701 2273 penitus,
717 2239 740 2266 si
754 2238 848 2266 iisdem
860 2239 994 2265 assentia-

214 2292 268 2314 tur.
280 2286 347 2313 Tum
365 2284 443 2320 paulo
462 2289 532 2320 post,
558 2294 567 2311 ‹
585 2284 650 2312 Illud
664 2291 786 2319 quoque,
808 2283 904 2318 inquit,
923 2283 994 2315 quod

212 2332 334 2360 evenisse
348 2331 462 2366 gaudeo,
477 2335 568 2357 tacere
594 2337 646 2356 non
663 2329 753 2363 potui,
774 2329 993 2357 beatissimorum

210 2378 361 2413 principum
383 2383 508 2403 manasse
534 2383 660 2410 responsa
672 2395 680 2407 ,
696 2375 793 2410 quibus
808 2375 994 2410 unusquisque

211 2425 265 2451 Deo
296 2423 417 2451 serviens
435 2423 468 2450 ab
478 2421 600 2457 Origenis
613 2421 727 2449 lectione
744 2425 902 2454 revocetur;
917 2421 994 2448 dam-

210 2469 380 2504 nandumque
406 2468 537 2496 sententia
561 2467 720 2503 principem,
743 2473 824 2501 quem
849 2465 929 2494 lectio
947 2474 994 2494 re-

210 2523 268 2542 rum
279 2514 392 2549 profana
403 2513 564 2548 prodiderit.
584 2522 594 2539 ι
613 2512 695 2540 Suam
719 2511 825 2539 demum
841 2519 922 2547 super
937 2512 991 2540 Rus

209 2559 262 2587 tino
273 2560 434 2587 sententiam
450 2560 492 2587 his
511 2559 602 2586 verbis
618 2557 748 2593 exponit:
767 2566 776 2583 ι
798 2557 890 2592 Itaque
908 2558 992 2586 frater

209 2605 378 2637 charissime,
392 2604 466 2632 omni
477 2604 630 2639 suspicione
640 2603 767 2638 seposita,
782 2603 910 2631 Ruﬁnum
923 2605 991 2633 scito

209 2649 278 2682 quod
290 2649 398 2683 propria
407 2653 498 2676 mente
510 2648 633 2684 Origenis
646 2647 718 2675 dicta
734 2648 759 2674 in
770 2647 891 2676 Latinum
903 2654 991 2677 trans-

209 2694 270 2720 tulit
288 2701 319 2721 ac
334 2695 467 2728 probavit,
484 2702 535 2722 nec
548 2693 688 2722 dissimilis
699 2694 733 2721 ab
745 2701 778 2721 eo
794 2699 837 2722 est
860 2695 904 2729 qui
922 2695 989 2723 alie-

209 2740 250 2767 nis
264 2739 335 2767 vitiis
361 2745 472 2776 prastat
491 2748 642 2769 assensum.
660 2740 729 2769 Illud
744 2745 833 2769 tamen
853 2741 923 2771 scire
941 2748 988 2770 Cu-

243 2837 265 2852 ”
280 2837 388 2865 Llierou.
401 2839 478 2868 Αυοι.
491 2839 586 2873 5,cap.
601 2840 628 2867 6.

1077 236 1150 265 agat,
1158 232 1202 258 tibi
1215 231 1260 261 sit,
1273 232 1376 260 nescire
1389 233 1539 267 cupiamus.
1551 233 1610 268 Ipse
1623 234 1741 269 denique
1755 236 1852 271 viderit,

1075 279 1118 306 ubi
1134 279 1222 314 possit
1235 279 1347 308 absolvi.
1372 290 1382 306 ι
1403 281 1532 314 Quocirca
1548 280 1674 309 Ruﬁnum
1689 283 1726 310 ita
1748 282 1853 317 alloqui-

1076 328 1118 351 tur
1147 324 1326 360 Hieronymus
1352 326 1460 362 Apolog.
1486 326 1533 354 lib.
1551 334 1600 359 tn-,
1616 334 1674 362 cap.
1700 328 1717 354 6
1732 337 1740 356 :
1756 337 1766 353 ι
1788 329 1854 357 Vade

1073 371 1163 404 potius
1188 370 1314 404 Romam,
1336 377 1363 399 et
1392 380 1509 407 praesens
1526 374 1596 407 apud
1613 381 1674 400 cum
1692 372 1861 408 (Romanum’

1072 417 1239 453 episcopum)
1259 419 1469 453 expostula,cur
1482 419 1530 447 tibi
1554 424 1581 447 et
1603 421 1720 453 absenti,
1735 425 1764 448 et
1786 421 1854 449 inuo-

1072 463 1142 490 centi
1153 463 1248 491 fecerit
1263 465 1450 492 contumeliam
1462 473 1470 498 ;
1482 465 1597 500 primum
1614 471 1709 494 utnon
1727 467 1854 502 reciperet

1073 510 1266 544 expositionem
1289 511 1351 538 ﬁdei
1377 515 1439 545 tuas,
1463 519 1543 547 quam
1567 513 1674 546 omnis,
1699 518 1730 540 ut
1748 514 1854 547 scribis,

1071 555 1145 583 Italia
1170 558 1374 592 comprobavit,
1390 562 1416 585 et
1436 557 1531 586 baculo
1554 563 1660 586 tuarum
1681 560 1721 587 uti
1745 559 1854 587 noluerit

1070 601 1220 629 litterarum
1244 607 1338 629 contra
1351 609 1433 630 canes
1449 607 1509 630 tuos
1531 611 1538 628 :
1553 603 1650 631 deinde
1667 609 1697 631 ut
1724 604 1854 640 Epistolas

1069 651 1163 674 contra
1176 651 1201 674 te
1215 647 1248 675 ad
1270 647 1406 675 Orientem
1433 647 1562 682 mitteret,
1579 654 1605 677 et
1631 651 1783 678 cauterium
1809 651 1853 679 tibi

1069 693 1203 720 haereseos
1215 693 1279 720 dum
1296 694 1385 722 nescis
1395 695 1524 728 inureret,
1534 695 1690 730 diceretque
1703 697 1786 724 libros
1796 696 1854 724 Ori-

1068 739 1145 772 genis
1160 739 1230 773 Περὶ
1245 739 1345 774 ἀρχῶν
1359 747 1373 767 a
1389 745 1415 767 te
1430 746 1490 768 esse
1513 741 1660 769 translatos
1670 763 1678 774 ,
1695 747 1722 770 et
1741 743 1852 778 simplici

1068 783 1195 812 Romana:
1204 785 1330 813 Ecclesia:
1349 785 1418 820 plebi
1440 786 1562 819 traditos,
1579 792 1608 814 ut
1622 787 1682 815 ﬁdei
1698 789 1850 819 veritatem.

1068 838 1149 866 quam
1166 833 1199 859 ab
1213 832 1341 867 Apostolo
1353 833 1520 865 didicerant,
1537 841 1584 868 per
1607 839 1632 862 te
1653 835 1853 869 perderent;et

1067 885 1121 913 quo
1135 878 1181 906 tibi
1195 879 1323 913 majorem
1339 878 1441 907 faceret
1454 879 1595 912 invidiam,
1608 887 1690 908 ausus
1707 882 1744 908 sit
1763 881 1848 909 crimi-

1068 924 1127 952 nari
1143 925 1192 952 hos
1208 925 1299 960 ipsos,
1317 925 1480 960 prazfationis
1498 931 1549 953 tuae
1567 928 1721 954 testimonio
1744 928 1851 956 rubora~

1069 973 1136 997 tos.)
1159 969 1229 1002 Quin
1246 971 1327 998 etiam
1341 973 1367 998 in
1382 971 1500 1006 Epistula
1517 972 1560 1005 82,
1577 973 1612 999 ad
1633 973 1850 1002 Marcellinumct

1065 1017 1268 1051 Ariopago/riam,
1287 1024 1347 1045 sese
1366 1018 1403 1045 ait
1430 1018 1570 1046 subdolum
1589 1019 1709 1047 libellum
1724 1028 1739 1047 a
1757 1020 1851 1049 Ruﬁno

1065 1062 1183 1089 oblatum
1201 1063 1341 1091 Anastasio
1361 1072 1445 1100 papae,
1458 1065 1579 1100 aliasque
1591 1065 1677 1101 ipsius
1690 1067 1850 1101 scriptiones

1064 1109 1199 1144 opusculis
1213 1110 1371 1145 quibusdam
1388 1112 1547 1147 explosisse,
1559 1121 1625 1148 quas
1639 1121 1692 1141 non
1705 1115 1781 1142 aliud
1793 1122 1851 1143 esse

1064 1155 1209 1190 conjecurit
1228 1157 1371 1191 quispiam,
1390 1166 1470 1193 quam
1483 1159 1627 1195 Apologias
1643 1161 1727 1195 ipsas,
1743 1162 1778 1190 de
1792 1163 1853 1198 qui-

1064 1200 1112 1227 bus
1125 1201 1248 1236 proxime
1266 1204 1547 1232 commemorabimus.

1098 1267 1167 1296 XXI.
1189 1268 1244 1297 Hoc
1258 1270 1316 1305 ipso
1335 1279 1405 1299 anno
1427 1273 1560 1307 geminam
1586 1274 1676 1302 Ruﬁni
1706 1276 1848 1304 adversum

1061 1321 1091 1341 se
1106 1314 1381 1352 Apologiam‘gemina
1392 1317 1482 1345 itidem
1494 1319 1623 1347 adversus
1636 1320 1762 1349 Ruﬁnum
1778 1323 1851 1357 Apo-

1061 1359 1129 1394 logia
1151 1360 1330 1397 llieronymus
1349 1364 1455 1399 excepit
1470 1373 1477 1391 :
1493 1372 1554 1392 nam
1570 1372 1632 1393 cum
1655 1374 1686 1394 ex
1701 1367 1850 1397 Occidente

1060 1404 1254 1442 Jerosolymam
1267 1414 1409 1437 remeasset
1425 1410 1507 1445 ipsius
1519 1410 1603 1440 frater
1618 1412 1847 1448 Paulinianus,li-

1060 1451 1123 1479 bros
1135 1452 1193 1480 illos
1204 1453 1333 1482 adversus
1344 1462 1404 1482 eum
1420 1455 1582 1489 elaboratos.
1599 1458 1718 1486 nondum
1735 1461 1845 1493 quidem

1061 1498 1094 1525 ab
1105 1503 1224 1533 auctore,
1241 1507 1321 1535 quem
1346 1506 1433 1529 metus
1455 1502 1559 1530 scilicet
1581 1509 1608 1530 et
1631 1505 1719 1538 pudor
1742 1505 1849 1534 inhibe-

1061 1542 1134 1575 bant,
1150 1543 1175 1570 in
1191 1544 1278 1572 lucem
1290 1552 1351 1573 esse
1372 1546 1469 1578 editos,
1483 1547 1530 1574 sed
1549 1547 1619 1574 inter
1640 1547 1731 1576 Ruﬁni
1752 1555 1846 1578 tamen

1059 1588 1205 1617 familiares
1233 1590 1402 1618 circumferri
1434 1592 1614 1627 signiﬁcavit;
1631 1602 1646 1621 e
1660 1595 1760 1630 quibus
1782 1604 1845 1624 cum

1059 1634 1085 1661 in
1097 1635 1190 1670 vulgus
1205 1636 1334 1664 exiissent
1353 1638 1490 1671 nonnulla,
1505 1639 1614 1667 collecta
1628 1648 1661 1668 ea
1678 1641 1710 1668 ad
1730 1641 1846 1674 fratrem

1058 1681 1168 1716 pertulit
1181 1690 1189 1708 :
1202 1683 1272 1716 quod
1287 1682 1372 1716 ipsum
1390 1684 1572 1717 pra-stiterunt
1583 1693 1630 1720 per
1644 1686 1748 1714 litteras
1763 1687 1847 1715 Pam-

1058 1727 1179 1754 machius
1201 1731 1228 1755 et
1249 1727 1428 1757 Marcellinus.
1448 1729 1504 1757 Non
1531 1731 1565 1758 ad
1591 1731 1640 1759 has
1659 1732 1731 1767 ipsas
1753 1734 1849 1770 itaque

1057 1771 1147 1800 Ruﬁni
1160 1773 1328 1807 scriptiones,
1339 1775 1385 1803 sed
1397 1775 1430 1803 ad
1443 1775 1540 1804 relatas
1551 1784 1565 1804 a
1578 1776 1762 1811 Pammachio,
1773 1779 1850 1807 Mar-

1056 1817 1153 1846 cellino
1177 1823 1204 1846 et
1226 1818 1387 1848 Pauliniano
1403 1821 1604 1850 criminationes
1620 1824 1737 1857 priorem
1759 1833 1847 1860 quam

1056 1865 1185 1893 habemus
1206 1866 1362 1901 Apologiam
1389 1866 1569 1903 Hieronymus
1593 1870 1743 1898 adornavit.
1770 1872 1846 1900 Duo-

1054 1909 1104 1936 bus
1119 1917 1151 1937 ea
1168 1910 1323 1938 continetur
1339 1911 1425 1946 libris,
1440 1919 1467 1941 et
1487 1913 1654 1942 Parnmachii
1675 1923 1706 1943 ac
1724 1917 1846 1945 Marcel-

1054 1953 1101 1982 lini
1125 1956 1233 1984 nomine
1257 1957 1385 1992 inscripta
1407 1963 1464 1991 est,
1480 1967 1594 1994 quortnn
1621 1962 1724 1990 monitu
1751 1963 1846 1992 fuerat

1053 1999 1227 2035 clucubrata;
1243 2003 1276 2030 ad
1301 2011 1347 2031 eos
1372 2011 1436 2031 vero
1454 2005 1624 2039 tranSmissa,
1636 2015 1704 2042 quos
1726 2010 1845 2045 scriptis

1052 2047 1108 2074 suis
1125 2047 1237 2076 Ruﬁnus
1253 2048 1410 2077 aﬁlaverat:
1432 2050 1456 2078 in
1469 2058 1554 2086 eaque
1572 2053 1690 2086 declarat
1704 2054 1845 2092 Hierony-

1052 2100 1111 2120 mus
1128 2093 1305 2121 constitutum
1321 2102 1382 2123 esse
1396 2096 1448 2123 sibi
1464 2097 1592 2131 peculiari
1606 2106 1687 2133 opere
1702 2099 1844 2135 Pamphili

1051 2143 1077 2167 et
1094 2139 1201 2167 Eusebii
1215 2141 1372 2176 Apologiam
1388 2142 1519 2170 refellere.
1534 2143 1595 2172 Ilaec
1607 2145 1686 2172 simul
1707 2151 1792 2181 atque
1805 2148 1843 2176 ad

1051 2185 1176 2213 Ruﬁnum
1193 2187 1295 2221 perlata
1311 2193 1362 2215 est.
1376 2187 1418 2215 Ira
1445 2189 1587 2224 incitatus,
1606 2198 1767 2226 responsum
1786 2202 1844 2222 una

1049 2240 1108 2260 cum
1126 2233 1261 2268 Apologiis
1277 2234 1349 2261 misit
1370 2235 1403 2262 ad
1426 2234 1628 2271 Hieronymum,
1647 2245 1700 2272 quo
1721 2239 1844 2267 hastatis

1048 2286 1108 2306 enm
1127 2279 1248 2313 apicibus
1279 2280 1436 2314 territabat,
1460 2288 1572 2308 mortem
1594 2283 1733 2316 minitans,
1754 2289 1784 2311 et
1804 2285 1843 2313 ad

1050 2325 1191 2352 tribunalia
1208 2332 1268 2353 sese
1291 2331 1509 2360 provocaturum,
1532 2328 1583 2354 nisi
1600 2328 1752 2357 maledictis
1773 2330 1843 2357 abs-

1047 2370 1153 2399 tineret.
1169 2369 1268 2398 Verum
1279 2370 1368 2399 futiles
1383 2372 1469 2399 minas
1479 2373 1677 2408 parvipendcns
1697 2375 1840 2412 Hierony—

1047 2425 1117 2450 mus,
1131 2418 1307 2453 posteriorem
1321 2419 1479 2455 Apologiam
1493 2422 1622 2449 continuo
1643 2423 1797 2458 rescripsit.

1080 2463 1158 2491 XXII.
1173 2463 1235 2491 Post
1258 2469 1358 2498 septem
1386 2473 1473 2493 annos
1494 2473 1575 2501 quam
1601 2467 1660 2494 hzec
1674 2474 1733 2495 acta
1754 2475 1835 2502 sunt.

1043 2510 1113 2538 diem
1131 2511 1225 2539 clausit
1238 2515 1389 2539 extremum
1404 2511 1517 2539 Melania
1538 2513 1647 2546 senior,
1664 2515 1709 2541 vix
1733 2523 1749 2541 a
1766 2523 1840 2550 qua-

1043 2556 1165 2591 draginta
1200 2557 1292 2585 diebus
1323 2556 1517 2593 Jerosolymam
1548 2566 1668 2589 reversa.
1701 2560 1836 2589 Ruﬁnum

1042 2609 1148 2637 quoque
1162 2608 1290 2637 sequente
1306 2611 1391 2635 anno,
1406 2604 1450 2638 qui
1465 2604 1514 2631 fuit
1528 2613 1542 2632 a
1558 2604 1668 2634 Christo
1683 2612 1749 2635 nato
1767 2608 1835 2641 410,

1042 2648 1161 2682 Aquileia
1177 2650 1211 2676 ab
1227 2649 1335 2678 Alarico
1350 2654 1452 2677 vastata
1473 2650 1498 2678 in
1513 2650 1606 2678 Sicilia
1622 2652 1768 2687 profugum
1786 2662 1836 2688 pe-

1041 2695 1119 2722 riisse
1136 2697 1217 2724 tradit
1232 2697 1372 2725 Raronius.
1393 2697 1429 2724 At
1441 2698 1466 2725 in
1484 2697 1602 2732 Epistofa
1619 2700 1655 2726 ad
1671 2699 1832 2731 Ursacium,

1038 2750 1117 2777 quam
1135 2744 1348 2779 interpretationi
1370 2743 1632 2773 Commentariorum
1657 2744 1788 2782 Origeuis
1803 2746 1832 2773 in
