1927 3076
105 117 178 145 115³1

532 116 815 146 ORIGENIANORUM
834 117 897 144 LIB.
915 116 947 149 II,
966 114 1041 144 CAP.
1062 116 1105 148 IV,
1127 115 1221 143 SECT.
1236 116 1260 143 ῐ.

1635 115 1702 144 H58

99 178 203 206 librum
216 177 393 206 Numerorum
406 177 521 213 praeﬁxit
536 178 657 211 Ruﬁnus,
677 186 808 213 quamque
823 185 883 205 cum
897 179 920 208 Α
935 183 994 210 cap.
1005 176 1032 203 2.
1043 176 1076 203 Et
1089 176 1252 211 Augustinus
1265 174 1312 203 lib.
1328 183 1348 202 ιι
1364 174 1402 202 De
1411 179 1511 209 peccat.
1522 175 1628 209 origin.,
1643 175 1701 201 adv.

99 224 221 251 nondum
237 224 307 251 edita
323 229 404 257 esset,
418 231 520 252 mecum
543 225 606 252 olim
627 225 738 260 benigne
758 231 876 251 commu-

99 270 378 298 nicaruntclari‘ssimi
390 270 485 298 fratres
501 270 605 305 Bigotii,
622 271 656 297 ita
669 270 763 298 scribit
779 279 786 297 :
806 269 878 297 «Sed

99 317 246 344 reddendae
264 317 447 352 pollicitationi
477 324 529 344 non
554 318 756 352 tempestivum,
775 321 804 344 ut
833 316 878 343 ille

100 363 160 395 ait,
187 363 234 390 sed
264 367 473 398 tempestuosum
498 363 574 391 nobis
587 368 690 398 tempus
702 370 733 390 ac
744 362 877 390 turbidum

101 410 167 437 fuit.
188 411 252 444 Quis
268 411 338 439 enim
354 411 389 438 ibi
400 410 474 446 stylo
487 411 623 443 locusest,
639 409 683 438 ubi
700 409 804 437 h05tilia
827 409 878 436 tela

100 456 339 483 metuunturiubi
362 456 386 483 in
400 455 486 484 oculis
511 460 551 484 est
576 456 681 483 urbium
703 462 879 490 agrorumque

99 501 239 529 vastatio?
258 501 302 528 ubi
321 501 420 536 fugitur
432 509 479 536 per
496 501 595 528 marina
615 501 772 528 discrimina
783 520 791 532 ,
808 505 879 527 etne

100 545 163 582 ipsa
181 547 287 581 quidem
308 546 408 581 absque
422 552 492 573 metu
508 547 641 574 habemur
653 545 765 573 exsilia?
779 546 806 573 In
817 553 880 573 con-

99 597 198 627 spectu
216 592 325 623 etenim,
339 596 367 618 ut
379 592 487 619 videbas
497 592 576 619 etiam
592 591 657 626 ipse,
675 596 766 618 nostro
779 591 878 619 Barba-

100 644 163 670 rus,
178 637 223 671 qui
239 636 362 672 Bhegino
386 637 483 672 oppido
497 636 626 664 miscebat
651 636 783 668 incendia,
798 643 879 671 angu-

98 683 223 711 stissimo
237 690 251 710 a
266 682 343 710 nobis
355 682 441 715 freto,
459 681 503 709 ubi
518 682 598 709 Italiae
614 681 697 709 solum
711 681 800 709 Siculo
815 682 880 708 diri-

98 728 198 761 mitur,
214 728 365 755 arcebatur.
384 737 394 754 ι
413 727 514 763 Agebat
527 735 592 762 ergo
607 732 662 754 tum
684 728 710 754 in
722 727 825 754 Sicilia.
837 727 881 754 Ait

98 772 219 800 deinde:
239 782 248 799 ι
258 773 316 800 Iam
328 773 400 800 enim
413 781 446 800 ex
458 773 580 801 omnibus
595 780 654 807 qua:
673 773 699 800 in
713 773 770 807 lege
783 772 881 807 scripta

98 816 210 850 reperi,
225 817 288 844 sola;
309 820 337 843 ut
352 823 417 851 puto
433 817 459 844 in
474 817 679 845 Deuteronomio
700 817 796 845 desunt
817 825 880 844 ora-

928 222 1018 258 Pelag.
1033 226 1060 250 et
1072 221 1191 254 CcelesL,
1206 221 1289 249 refert
1314 221 1340 247 in
1354 220 1455 255 judicio
1477 221 1619 256 episcopali
1638 220 1703 248 Car-

929 269 1037 304 thagine
1052 268 1153 299 habito,
1171 267 1301 302 quaerenti
1315 266 1426 293 Paulino
1439 266 1551 294 diacono
1565 267 1704 301 presbyte-

929 322 1017 341 rorum
1032 314 1139 340 nomina
1152 333 1160 346 ,
1181 321 1195 339 a
1209 313 1303 347 quibus
1324 311 1491 346 pestilean
1507 319 1583 339 suam
1607 312 1705 339 doctri-

928 368 988 387 nam
1002 359 1142 387 Caelestius
1157 358 1317 393 accepisset,
1337 357 1506 392 respondisse
1527 356 1679 384 Coelestium
1694 365 1702 383 :

932 415 942 432 ι
958 406 1075 433 Sanctus
1099 405 1238 440 presbyter
1263 404 1395 436 Ruﬁnus,
1420 403 1512 431 Romae
1536 403 1581 438 qui
1608 402 1705 430 mansit

929 459 988 480 cum
1002 455 1096 478 sancto
1112 450 1292 478 Pammachio.
1311 450 1367 485 Ego
1384 449 1471 476 audivi
1484 448 1555 476 illum
1572 449 1704 476 dicentem

929 497 989 532 quia
1006 496 1100 523 tradux
1127 496 1230 531 peccati
1250 502 1302 523 non
1331 495 1375 522 sit.
1394 504 1404 520 ι
1427 494 1529 522 Idcirco
1552 494 1703 530 Origeniani

929 542 1044 569 numinis
1057 542 1183 569 invidiam
1209 541 1234 568 in
1261 548 1290 568 se
1314 547 1469 567 conversam
1490 540 1609 567 sentiens
1630 539 1706 568 Pela-

929 587 998 622 gius,
1014 595 1073 614 cum
1091 588 1159 621 apud
1176 587 1359 614 Innocentium
1374 593 1468 621 papam
1483 592 1512 612 se
1527 591 1662 620 purgaret,
1678 585 1704 611 iu

928 631 1018 659 libello
1051 631 1111 658 ﬁdei
1133 632 1278 666 praecipuos
1299 631 1421 666 Origenis
1442 637 1548 658 errores
1570 626 1706 664 proterere

930 684 958 704 se
983 677 1126 705 simulavit.
1141 677 1226 704 Porro
1248 681 1277 704 ut
1291 677 1457 712 Origeniante
1476 676 1570 703 haeresi
1588 675 1707 711 Pelagia-

930 731 973 756 na,
987 723 1026 751 sic

1104 767 1296 796 ...Ncstariatta
1313 769 1367 795 lues
1379 769 1499 796 successit
1517 768 1677 802 Pclagiame,

932 814 1018 849 inquit
1031 814 1146 849 Prosper
1159 815 1184 841 in
1200 814 1340 849 Epitaphio
1355 814 1520 842 Nestorianae
1541 818 1569 841 et
1584 812 1705 847 Pelagia-

99 861 240 895 tiunculm,
258 870 324 898 quas
338 863 360 890 si
373 863 502 890 Dominus
519 862 628 896 iuverit,
642 867 669 890 et
683 863 824 890 sanitatem
836 863 881 890 de-
897 857 917 883 Β
932 866 972 887 nr
987 859 1134 887 hatreseon.
1149 859 1202 887 Sed
1227 859 1352 894 quoniam
1368 863 1465 893 praeter
1488 859 1637 886 institutum
1660 865 1706 886 no-

98 907 174 935 derit
194 908 289 942 oculis,
321 909 442 943 cupimus
468 908 572 944 reliquo
599 916 710 942 corpore
741 909 844 936 sociare
871 917 877 934 :

97 954 227 989 quamvis
246 956 444 983 amantissimus
465 955 536 982 ﬁlius
562 959 653 982 noster
668 955 814 987 Pinianus,
833 963 880 983 cu-

97 1000 147 1035 ius
163 1001 313 1036 religiosum
329 1006 429 1029 coetum
450 1009 498 1036 pro
522 1009 614 1028 amore
640 1001 773 1036 pudicitiae
792 1001 881 1036 profu-

98 1053 167 1080 gum
184 1046 353 1079 comitamur,
376 1046 496 1081 injungat
522 1051 548 1073 et
575 1046 637 1073 alia.
658 1055 668 1072 ι
689 1045 814 1073 Pinianus
826 1046 880 1079 ille,

99 1091 184 1125 cujus
196 1091 222 1118 in
239 1092 364 1119 comitatu
381 1099 410 1119 se
424 1096 477 1118 tum
499 1091 580 1119 fuisse
595 1092 632 1118 ait
647 1092 769 1124 Ruﬁnus,
787 1092 809 1119 is
824 1095 881 1119 erat

100 1135 227 1163 Melaniae
246 1135 360 1169 junioris
381 1136 501 1163 maritus.
527 1135 602 1163 Hunc
621 1136 704 1162 Roma
727 1135 882 1163 discessisse

100 1188 180 1208 anno
193 1180 255 1213 408,
270 1185 296 1209 et
315 1179 501 1216 Carthaginem
514 1181 648 1215 appulisse
659 1189 729 1208 anno
742 1181 804 1215 409,
825 1182 881 1217 ipse

99 1227 228 1261 agnoscit
242 1227 380 1254 Baronius.
397 1227 479 1261 Igitur
501 1227 542 1254 vel
557 1227 680 1254 Ruﬁnum
707 1227 733 1254 in
750 1227 841 1254 Sicilia
865 1234 880 1254 a

100 1272 218 1300 Piniano
231 1278 259 1300 et
270 1278 385 1308 utraque
402 1272 514 1300 Melania
526 1273 648 1300 relictum
669 1280 741 1300 mors
754 1279 824 1300 anno
840 1279 882 1300 se-

98 1318 197 1353 quenti
212 1319 395 1353 oppresserit;
410 1318 451 1346 vel
466 1323 538 1346 certe
551 1323 654 1353 tempus
675 1326 690 1344 a
707 1318 820 1345 Baronio
839 1324 881 1345 as-

98 1365 238 1400 signatum
253 1372 306 1392 uno
317 1365 410 1392 saltem
426 1372 495 1392 anno
511 1365 600 1392 Ruﬁni
621 1365 711 1391 obitus
732 1368 882 1392 anteverte-

99 1411 153 1442 rit.
169 1411 218 1437 viri
235 1410 403 1445 Origeniana‘.
414 1410 542 1438 doctrinm
557 1410 593 1437 ita
607 1410 733 1442 studiosi,
753 1414 782 1437 ut
793 1409 882 1437 inﬁni-

99 1460 148 1483 tas
167 1455 217 1483 sibi
234 1456 335 1489 turbas,
353 1456 482 1488 convicia,
499 1455 634 1482 infamiam
646 1460 672 1482 et
685 1455 881 1482 damnationem

99 1497 220 1532 denique
241 1498 298 1532 ejus
318 1505 398 1525 causa
422 1497 553 1533 pepererit
574 1505 580 1523 :
604 1497 649 1532 qui
671 1497 693 1524 si
722 1497 811 1524 animo
834 1504 882 1524 suo

98 1541 201 1570 fuisset
217 1543 379 1575 moderatus,
396 1547 422 1571 et
437 1551 451 1570 a
467 1543 594 1570 librorum
608 1543 677 1577 Περὶ
688 1541 787 1576 ἀρχῶν
798 1542 881 1569 inter-

97 1588 255 1623 pretatione
269 1589 441 1616 abstinuisset
454 1596 563 1615 manum
575 1608 582 1620 ,
602 1596 678 1616 suum
691 1588 741 1615 sibi
753 1588 881 1623 Origenes

100 1634 199 1666 decus,
212 1633 377 1668 gloriamque
398 1634 424 1661 in
448 1634 591 1662 Occidente
614 1637 765 1664 servasset;
786 1640 880 1660 verum

100 1679 169 1707 dum
186 1679 265 1706 tradit
278 1679 350 1706 illum
365 1678 466 1707 Latinis
478 1679 627 1714 legendum,
644 1687 676 1707 ex
693 1679 810 1705 omnium
826 1685 881 1704 ma-

100 1722 186 1750 nibus
202 1723 319 1750 excussit
333 1732 340 1750 :
357 1732 366 1749 ι
381 1724 464 1751 Totus
487 1724 557 1750 enim
572 1723 661 1755 orbis,
678 1732 687 1748 ι
711 1723 797 1757 inquit
821 1721 882 1749 Hie-

100 1775 235 1802 ronymus
260 1769 335 1802 Apol.
361 1776 380 1799 ι,
406 1776 465 1799 cap.
482 1769 508 1800 5,
536 1777 544 1794 l
567 1772 626 1801 post
652 1767 853 1794 translationem
871 1775 880 1792 ι

102 1813 196 1840 Ruﬁni
221 1823 230 1839 ι
246 1814 272 1841 in
294 1813 414 1849 Origeuis
440 1814 529 1841 odium
555 1813 672 1845 exarsit,
701 1819 780 1848 quem
804 1817 882 1839 antea

102 1858 265 1892 simpiiciter
287 1859 432 1886 lectitabat.
451 1868 460 1884 ι
486 1858 664 1885 Nihilominus
685 1859 718 1885 ab
740 1857 884 1885 Anastasio

103 1904 171 1932 licet
185 1905 326 1931 damnatus
343 1904 422 1932 fuerit
434 1903 557 1937 Ruﬁnus,
576 1902 632 1937 ejus
643 1908 732 1930 tamen
746 1907 886 1930 consuetu-

103 1950 168 1977 dine
194 1958 270 1977 usum
295 1950 376 1977 fuisse
397 1950 579 1977 Chromatium
599 1949 797 1983 Aquileiensem
826 1948 884 1983 epi~

103 2003 217 2030 scopum
233 1997 375 2031 persuadet
388 1996 471 2030 ipsius
487 1995 612 2022 Praefatio
625 1994 780 2025 Eusebium!)
795 1994 885 2022 Histo-

104 2041 155 2067 ria:
175 2048 190 2066 a
210 2048 238 2068 se
251 2048 386 2068 conversa:
399 2041 534 2076 przcmissa
546 2059 553 2072 ,
566 2048 618 2075 qua
640 2046 731 2075 rogatu
754 2040 885 2068 Chroma-

105 2086 147 2117 tii,
163 2086 252 2113 animo
269 2094 300 2113 ex
312 2087 405 2121 patria:
419 2087 494 2114 clade
505 2086 602 2114 aillicto
617 2087 735 2114 solamen
757 2087 885 2113 adhibere

106 2132 235 2164 volentis,
257 2139 405 2167 susceptam
423 2133 493 2160 illaut
513 2141 526 2160 a
550 2141 578 2161 se
595 2134 712 2161 ostendit
745 2133 885 2161 Melaniam

932 909 1017 934 struat
1032 909 1073 933 est
1086 905 1188 932 illarum
1203 904 1324 936 historia,
1339 909 1364 932 et
1378 904 1490 931 aliorum
1505 903 1640 931 laboribus
1652 903 1706 937 jam

932 951 997 978 satis
1012 951 1156 982 illustrata,
1173 951 1206 978 ad
1218 951 1357 985 sequentia
1371 957 1554 985 properamus.

966 995 1061 1023 XXIV.
1081 996 1204 1023 Obtritus
1224 995 1302 1030 plane
1324 1003 1355 1023 ac
1378 997 1564 1030 pessumdatus
1583 995 1609 1022 in
1629 993 1707 1022 Occi-

931 1041 1011 1069 dente
1034 1041 1172 1069 videbatur
1187 1041 1385 1076 Origenismus,
1402 1049 1462 1069 cum
1479 1048 1542 1068 ecce
1561 1040 1630 1068 Aviti
1656 1040 1707 1069 duo

932 1086 1053 1121 Hispani,
1068 1087 1180 1114 Romam
1194 1087 1270 1117 alter.
1289 1087 1357 1114 alter
1373 1087 1565 1122 Jerosolymam
1583 1086 1706 1121 profecti,

932 1132 959 1160 In
973 1133 1087 1168 patriam
1106 1137 1167 1167 post
1185 1133 1299 1160 reditum
1322 1140 1425 1160 merces
1446 1132 1620 1167 Origenianas
1635 1132 1706 1159 intus

932 1178 1028 1205 lerunt.
1043 1178 1142 1205 [lorum
1158 1177 1225 1205 alter
1238 1178 1282 1214 (is,
1299 1178 1325 1204 ni
1344 1178 1431 1210 fallor,
1447 1178 1492 1212 qui
1510 1177 1704 1213 Jerosolymam

932 1222 1116 1254 contenderat,
1138 1229 1270 1257 quemque
1286 1222 1382 1250 adiisse
1402 1222 1592 1257 Hieronymum
1615 1223 1640 1249 in
1653 1222 1706 1250 Pa-

932 1268 1033 1295 laestina
1046 1267 1185 1302 degentem
1204 1267 1348 1295 verisimile
1361 1267 1411 1302 est)
1435 1267 1469 1295 ab
1481 1267 1641 1303 Hieronymo
1660 1275 1707 1302 po-

933 1312 1088 1346 stulaverat,
1107 1318 1136 1341 ut
1146 1313 1267 1348 Origenis
1281 1312 1362 1340 libros
1378 1313 1447 1347 Περὶ
1464 1313 1566 1348 ἀρχῶν
1577 1333 1585 1346 ,
1603 1313 1707 1341 sincere

932 1362 960 1386 et
976 1358 1089 1386 ﬁdeliter
1109 1366 1254 1387 conversos
1279 1359 1311 1386 ad
1338 1366 1368 1386 se
1399 1359 1535 1391 mitteret;
1553 1359 1622 1394 quod
1647 1366 1707 1385 cum

935 1403 1012 1431 facile
1027 1404 1207 1439 impetrasset,
1228 1403 1415 1438 cavendosque
1429 1411 1536 1431 errores
1550 1411 1598 1437 per
1609 1403 1710 1438 episto-

934 1449 986 1477 lam
1001 1450 1178 1486 Hieronymus
1191 1454 1442 1485 praemonstrasset,
1463 1450 1496 1477 iis
1520 1455 1605 1476 tamen
1623 1449 1709 1484 impli-

935 1495 990 1522 cari
1007 1502 1036 1523 se
1049 1500 1076 1523 et
1090 1495 1163 1523 illudl
1176 1503 1269 1530 passus
1285 1500 1344 1528 est;
1360 1503 1391 1523 ac
1398 1495 1511 1523 alterum
1527 1503 1632 1530 quoque
1643 1495 1709 1522 Avi-

933 1544 986 1566 tum
1002 1540 1027 1566 in
1042 1540 1150 1568 easdem
1166 1540 1334 1574 opinationes
1346 1540 1490 1575 pertraxit.
1506 1539 1603 1567 Patria:
1618 1547 1711 1567 consua

931 1585 987 1612 lens
1003 1584 1100 1612 Paulus
1116 1585 1227 1613 Orosius
1238 1605 1248 1620 ,
1263 1593 1343 1620 quam
1366 1586 1422 1613 haec
1433 1605 1440 1618 ,
1465 1590 1544 1619 atque
1567 1585 1624 1612 alia;
1648 1586 1710 1612 item

931 1631 1047 1658 haereses
1068 1632 1262 1665 pervadebant,
1283 1631 1422 1666 Augustini
1447 1638 1523 1665 opem
1547 1631 1637 1658 oblato
1661 1630 1715 1665 ipsi

932 1676 1141 1704 Commonitorio
1162 1676 1323 1711 imploravit.
1346 1675 1453 1710 Scripto
1479 1675 1568 1702 statim
1591 1676 1624 1703 ad
1644 1675 1711 1703 Oro-

932 1722 1001 1750 sium
1026 1722 1256 1749 Commentariolo
1280 1722 1408 1749 adversus
1441 1720 1659 1749 Priscillianistas
1685 1725 1712 1747 et

933 1767 1111 1802 Origenistas,
1124 1767 1248 1794 haeresim
1262 1771 1404 1801 utramque
1417 1766 1571 1800 Hispaniam
1584 1765 1712 1792 infestan-

934 1818 986 1840 tem
1005 1812 1172 1847 proculcavit
1182 1812 1363 1847 Augustinus;
1376 1816 1403 1839 et
1415 1812 1443 1838 in
1461 1811 1561 1839 eximio
1583 1815 1718 1845 praeterea.

934 1858 972 1885 De
986 1859 1087 1885 civitate
1109 1857 1154 1884 Dei
1169 1864 1259 1892 opere,
1274 1857 1344 1891 quod
1367 1862 1432 1885 tunc
1454 1857 1623 1889 elaborabat,
1640 1862 1668 1884 ut
1685 1862 1713 1884 ct

935 1904 960 1931 in
976 1904 1036 1931 aliis
1051 1911 1157 1938 quoque
1171 1903 1375 1937 scriptiouibus,
1393 1910 1452 1930 cum
1472 1901 1630 1937 Origenistis
1646 1909 1713 1937 prae-

935 1950 1016 1977 liatus
1033 1955 1085 1977 est.
1104 1949 1281 1982 Quaestionem
1297 1956 1389 1980 unam,
1410 1956 1471 1983 qua:
1491 1953 1532 1975 est
1560 1948 1592 1975 de
1610 1948 1713 1982 origine

935 1996 1096 2028 animarum,
1113 1995 1227 2022 definire
1242 2003 1293 2022 non
1305 2002 1399 2027 ausus,
1414 1994 1537 2021 Orosium
1554 1994 1580 2020 in
1594 1993 1714 2020 Palaesti-

935 2049 997 2069 nam
1019 2041 1092 2069 misit
1114 2043 1147 2069 ad
1169 2042 1380 2076 Hieronymum,
1408 2047 1488 2075 quem
1511 2040 1714 2074 disceptationis

936 2088 1013 2122 hujus
1025 2088 1154 2115 arbitrum
1177 2094 1236 2114 esse
1255 2087 1347 2114 voluit.
1374 2086 1544 2113 Manifestum
1568 2085 1659 2120 itaque
1678 2093 1713 2113 ex

936 2140 968 2160 eo
981 2136 1031 2164 est,
1046 2132 1141 2159 merito
1156 2133 1224 2159 inter
1247 2131 1415 2166 supposititia
1436 2136 1462 2158 et
1480 2131 1628 2166 Augustino
1649 2138 1714 2165 per-

106 2184 216 2212 quoque
225 2177 269 2204 diu
293 2184 352 2213 post
369 2178 494 2205 inllictam
519 2179 614 2207 Rufino
638 2187 779 2207 censuram
799 2183 887 2206 certa-
902 2189 924 2217 ο
938 2184 1030 2212 peram
1045 2177 1158 2211 ascripta
1173 2176 1248 2211 rejici
1262 2176 1378 2203 libellum
1408 2176 1444 2202 De
1471 2176 1567 2203 deitate
1578 2181 1603 2203 et
1626 2176 1714 2203 incar-

105 2223 157 2249 tim
175 2222 297 2250 laudibus
312 2223 462 2250 extulerunt
476 2224 637 2259 Augustinus
650 2228 676 2251 et
695 2224 823 2251 Paulinus
839 2232 845 2250 :
860 2228 887 2251 et

105 2273 170 2302 post
190 2272 302 2296 mortem
330 2268 435 2295 demum
459 2268 485 2295 in
516 2267 668 2296 Graecorum
692 2268 888 2303 Martyrologiis

106 2315 182 2342 inter
195 2318 300 2341 sanctos
318 2314 432 2342 ascripta
447 2319 498 2341 est.

146 2358 240 2386 XXIII.
256 2359 291 2386 At
306 2366 357 2386 non
382 2359 470 2386 Ruﬁni
491 2358 563 2386 obitu
582 2364 637 2385 sata
663 2359 696 2386 ab
719 2359 775 2393 ipso
798 2357 887 2393 Origt»

107 2405 192 2432 nismi
217 2405 318 2432 semina
341 2405 470 2433 exstincta
498 2409 568 2432 sunt.
594 2404 726 2440 Pelagius,
744 2405 889 2432 monachus

108 2451 220 2478 natione
228 2451 384 2484 Britannus,
397 2455 502 2485 arrepta
519 2451 639 2485 quzedam
650 2450 773 2485 Origenis
782 2451 889 2485 dogma-

109 2502 140 2524 ta
160 2504 174 2523 a
194 2496 291 2523 Ruﬁno
313 2497 418 2524 exculta
435 2501 461 2524 et.
478 2502 622 2531 propagata
646 2497 792 2524 renovavit.
817 2495 889 2529 Quo-

111 2542 186 2569 circa
203 2541 381 2577 Hicronymus
398 2542 425 2569 in
445 2542 578 2570 Procemio
600 2541 633 2569 ad
652 2542 698 2569 lib.
720 2550 729 2569 ι
746 2541 887 2569 Comment.

110 2586 143 2614 in
165 2585 263 2614 Jerem.
288 2586 452 2620 Grunnium,
476 2587 526 2614 hoc
554 2591 596 2614 est
619 2586 764 2618 Ruﬁnum,
792 2587 891 2622 Pelagii

113 2640 126 2659 ι
157 2639 364 2667 praecursorem-
380 2636 407 2660 et
438 2632 592 2667 magistrum
616 2641 626 2658 ι
649 2632 773 2667 appellat.
789 2632 892 2667 ,Dogma

112 2684 222 2713 quoque
236 2677 368 2710 ἀπαθείας
381 2682 409 2706 et
422 2678 624 2714 ἀναμαρῑησίας
633 2698 641 2711 ,
656 2678 727 2712 quod
740 2685 821 2712 supra
836 2683 892 2705 tra-

113 2723 257 2755 ctavimus,
275 2725 309 2751 ab
325 2723 482 2758 Origenistis
499 2725 636 2759 accepisse
657 2723 812 2759 Pelagianos
830 2731 892 2758 pro-

116 2769 157 2796 dit
172 2768 198 2796 in
214 2768 347 2797 Procemlo
366 2768 470 2803 Dialog.
496 2769 554 2796 adu.
573 2769 661 2804 Pelag.
685 2774 711 2796 et
728 2769 754 2796 in
776 2769 892 2796 Promm.

117 2813 167 2841 Iib.
186 2822 210 2842 μ’
224 2813 368 2843 Comment.
383 2815 410 2842 in
424 2814 521 2842 Jerem.
532 2818 559 2842 et
574 2814 600 2842 in
618 2814 702 2848 Epist.
719 2815 752 2842 ad
768 2814 894 2849 Clesiph.,

940 2224 1055 2254 natione,
1073 2223 1105 2250 ad
1120 2222 1288 2254 Ianuarium,
1313 2222 1357 2256 qui
1374 2221 1489 2249 habetur
1517 2222 1543 2248 in
1563 2222 1716 2256 Appendicc

939 2269 1026 2303 quarti
1044 2269 1108 2296 tomi
1127 2276 1134 2294 :
1157 2269 1256 2303 quippe
1284 2268 1329 2302 qui
1357 2267 1525 2302 Origenianis
1550 2267 1606 2295 fere
1621 2267 1716 2302 pannis

940 2319 1065 2341 COIISUIUS
1080 2318 1107 2341 et
1116 2313 1319 2341 εοιιεθνοὶιωιιιδ
1331 2317 1383 2340 est.

976 2359 1087 2387 Circiler
1104 2360 1174 2386 idem
1193 2364 1295 2394 tempus
1320 2358 1538 2393 Semipelagianaa
1557 2359 1652 2386 haeresi
1671 2366 1717 2386 ro-

942 2405 992 2432 bur
1004 2404 1121 2432 Joannes
1134 2404 1278 2432 Cassianus
1293 2404 1319 2431 in
1335 2404 1426 2432 Galliis
1439 2404 1598 2432 conciliabat
1613 2411 1646 2431 ex
1657 2404 1718 2431 Ori-

943 2450 1017 2485 genis
1030 2449 1229 2484 scriptionibus,
1257 2450 1333 2484 cujus
1357 2449 1510 2477 econtrario
1535 2457 1630 2476 nomen
1654 2448 1718 2475 Vin-

941 2494 1045 2522 centius
1058 2494 1206 2522 Lirinensis
1228 2494 1327 2522 ibidem
1346 2496 1504 2523 traducebat
1525 2503 1532 2520 :
1553 2494 1579 2521 in
1592 2494 1719 2522 Commo-

942 2540 1039 2567 nitorio
1062 2539 1193 2574 siquidem
1217 2539 1308 2574 priore
1327 2541 1430 2568 advers.
1461 2539 1564 2567 Hazres.
1601 2546 1661 2573 cap.
1683 2538 1719 2565 25

946 2586 1010 2613 dum
1029 2585 1170 2613 ostendere
1183 2591 1295 2613 conatur
1313 2593 1431 2613 errorem
1452 2585 1574 2621 Origenis
1596 2584 1721 2612 Ecclesire

946 2631 992 2658 Dei
1002 2630 1142 2658 oll'ensioni
1157 2630 1256 2665 fuisse,
1268 2635 1408 2665 postquam
1428 2632 1571 2666 praeclaras
1591 2630 1662 2658 illius
1674 2629 1722 2657 do-
1753 2637 1757 2666 ς

946 2681 985 2704 tes
998 2676 1088 2704 multis
1103 2675 1266 2708 dilaudavit,
1292 2685 1304 2702 ι
1317 2675 1371 2709 Εο,
1388 2676 1488 2711 inquit,
1502 2684 1546 2705 res
1557 2676 1654 2704 decidit
1664 2694 1672 2708 ,
1692 2680 1723 2702 ut

945 2727 1024 2750 tanta:
1039 2729 1172 2758 personae,
1189 2722 1255 2749 tanti
1275 2721 1391 2749 doctoris
1402 2741 1410 2755 ,
1426 2723 1493 2748 tanti
1513 2723 1649 2757 prophetae
1669 2729 1721 2749 non

947 2769 1062 2796 humana
1075 2768 1174 2802 aliqua.
1191 2767 1239 2794 sed
1252 2771 1279 2793 ut
1290 2768 1379 2794 exitus
1395 2766 1497 2799 docuit,
1523 2767 1634 2795 nimium
1651 2767 1723 2801 peri-

948 2814 1037 2842 culosa
1053 2814 1165 2842 teutatio
1180 2814 1308 2849 plurimos
1322 2822 1336 2840 a
1351 2813 1413 2841 ﬁdei
1436 2813 1589 2848 integritate
1610 2813 1722 2841 deduce-
