1927 3076
256 117 326 146 “‘15

881 113 912 142 Ρ.
931 112 1089 142 DANIELIS
1103 112 1221 142 HUE’I‘ll

1801 115 1812 142 Ι
1821 115 1862 143 ιξι

255 179 365 206 larnlare
377 177 530 205 instituerat
543 177 666 209 Ruﬁnus,
683 176 756 204 ntah
778 176 940 212 Hieronymo
959 182 1035 203 acce-
1050 176 1074 204 A
1087 183 1195 211 geriem,
1212 176 1253 204 vel
1268 183 1316 210 pro
1337 176 1454 212 Origene
1473 179 1631 210 argumenta
1651 173 1773 202 studiose
1794 174 1862 201 colli-

255 225 356 258 pimus,
386 222 462 256 cujus
494 222 551 249 haec
570 227 634 249 sunt
662 222 742 249 verba
768 223 803 248 ad
828 221 1035 255 Ctesiphontem,

256 277 315 303 cap.
331 269 349 295 2
365 277 373 295 :
393 277 403 294 ‹
414 268 523 295 Librum
535 275 641 303 quoque
664 269 772 303 scripsit
792 269 868 304 quasi
896 268 929 295 de
945 275 1037 295 mona-

254 315 323 346 chis,
335 313 485 348 multosque
503 313 528 340 in
545 321 578 340 eo
590 320 742 346 enumerat,
768 315 813 348 qui
831 321 965 348 nunquam
980 313 1037 340 fue-

255 363 329 392 runt,
355 363 383 386 et
409 366 478 393 quos
502 358 585 386 fuisse
609 359 715 391 scribit,
743 359 923 394 Origenistas,
950 364 978 386 et
1003 358 1037 386 ab

254 405 388 440 episcopis
405 406 545 432 damnatos
564 412 626 432 esse
651 413 704 433 non
722 405 833 432 dubium
848 409 900 434 est.
928 405 1036 432 Ammo-

254 449 328 476 nium
358 449 492 481 videlicet,
517 453 545 476 et
567 449 727 483 Eusebium;
757 454 785 476 et
811 449 982 483 Euthymion,
1010 453 1038 476 et

255 495 341 529 ipsum
355 495 508 529 Evagrium,
521 494 558 521 0r
571 502 688 530 quoque,
708 500 735 522 et
746 495 886 526 Isidortnu,
898 499 925 521 et
940 494 1038 522 multos

254 538 332 572 alios,
350 546 420 574 quos
434 546 595 566 enumerare
617 539 724 566 taedium
739 543 792 566 est.
824 539 856 566 Et
876 539 952 574 juxta
973 538 1036 566 illud

259 584 377 612 Lucretii
390 593 398 612 :

343 640 380 666 Ac
395 639 472 667 veluti
491 640 578 674 pueris
592 639 724 667 absinthia
743 645 806 667 tetra
819 640 947 667 medentes

343 675 408 710 Cum
423 677 486 701 dare
503 681 641 707 conantur,
661 676 734 708 prius
751 683 811 702 oras
830 676 923 710 pocula
937 675 1036 701 circum

343 709 502 744 Contingunt
519 710 602 736 mellis
613 710 683 736 dulci
699 711 816 746 ﬂavoque
831 710 930 744 liquore
941 710 962 725 η
975 719 982 743 ;

256 768 291 795 ita
308 768 351 795 ille
365 776 447 795 unum
466 767 598 795 Joannem
619 768 645 795 in
667 768 750 803 ipsius
769 768 831 796 libri
856 769 946 803 posuit
962 769 1038 804 prin—

254 814 336 849 cipio,
351 821 430 848 quem
449 819 476 840 et
493 813 655 841 catholicum
683 817 710 841 et
731 819 853 841 sanctum
875 814 958 842 fuisse
981 822 1033 841 non

254 860 363 887 dubium
381 864 432 891 est,
447 864 475 886 ut
491 867 538 893 per
560 859 631 887 illius
644 860 814 887 occasionem
830 865 953 892 caeteros,
970 868 1037 895 quos

255 910 382 941 posuerat
390 906 542 939 haereticos,
550 905 674 934 Ecclesiae
681 906 873 934 introduceret.
887 915 896 932 ι
905 905 1036 934 Joannem

254 952 477 987 Chrysostomum
496 952 539 979 his
561 951 708 987 significari
733 958 806 980 recte
825 953 923 981 asserit
941 951 1038 979 Maria-

255 1006 306 1025 nus
320 997 473 1031 Victorius;
486 998 534 1025 sed
546 998 659 1030 fallitur,
675 998 755 1026 alium
769 999 840 1026 hunc
850 1007 911 1027 esse
923 999 1038 1034 opinans

256 1044 400 1079 Evagriunt
415 1044 450 1071 ab
468 1044 583 1079 Evagrio
604 1044 715 1072 Pontico
734 1045 920 1081 Hyperborita,
939 1045 977 1073 uti
1004 1046 1038 1074 ab

257 1089 420 1124 Hieronymo
432 1090 495 1117 alibi
515 1090 675 1125 appellatur.
695 1090 924 1124 Quemadmodum
948 1096 1037 1119 autem

254 1135 423 1170 Origenistas
442 1135 538 1163 Latine
553 1135 692 1165 celebrare
714 1135 827 1164 Ruﬁnus
844 1135 978 1170 instituit;
1002 1137 1039 1165 ita

257 1180 370 1215 idipsum
385 1180 478 1207 Graece
494 1188 509 1207 a
531 1180 650 1208 Palladio
665 1180 765 1207 factum
786 1185 838 1212 est,
864 1181 890 1208 in
910 1180 1039 1207 Louriaca

255 1226 364 1252 historia
382 1233 392 1252 :
405 1233 458 1260 quo
475 1233 556 1260 opere
579 1225 671 1252 lsidori
684 1245 692 1258 ,
719 1225 844 1253 Doruthei
856 1245 863 1258 ,
886 1225 1033 1259 Amtnonii,

258 1271 376 1306 Evagrii,
400 1271 449 1303 0r,
477 1271 647 1298 Potarnimnm
672 1271 799 1307 Origenis
818 1272 966 1306 discipulae,
993 1271 1040 1298 Di-

256 1316 342 1351 dymi,
356 1315 525 1351 aliortrmque
540 1317 692 1345 Adarnantii
706 1321 870 1345 sectatorum
885 1317 954 1344 vitas
967 1324 1040 1344 corn-

256 1361 350 1396 plexus
363 1366 414 1389 est.
433 1361 517 1389 Porro
533 1370 581 1389 nos
593 1370 767 1397 quoscunque
779 1362 850 1389 inter
865 1362 1041 1389 heterodoxos

256 1407 425 1442 Origenistas
450 1408 586 1442 ponimus,
607 1415 654 1443 pro
677 1407 811 1435 haereticis
834 1407 928 1434 haberi
944 1407 1040 1439 velim;

257 1452 412 1480 tralatitium
429 1453 500 1480 enim
513 1459 565 1486 est,
581 1461 632 1481 non
645 1460 778 1485 errorem,
790 1453 836 1480 sed
849 1452 1041 1487 pertinaciam,

257 1498 412 1526 haereticqu
431 1498 531 1526 facere.
545 1499 667 1531 Melania,
679 1502 751 1533 pttta,
762 1506 796 1527 ex
808 1499 860 1526 ltoc
872 1498 934 1526 licet
950 1506 1040 1534 grege,
1053 1519 1076 1551 Ο

257 1545 330 1572 inter
349 1548 458 1572 sanctos
483 1549 570 1572 tamen
592 1545 675 1572 relata
698 1549 759 1578 est;
785 1549 812 1572 et
837 1551 871 1571 ex
900 1545 1040 1572 monachis

257 1590 311 1617 illis
339 1589 522 1618 Nitriensihus
561 1590 680 1618 nonnulli
713 1592 739 1618 in
769 1591 977 1626 pseudosynodo
1006 1591 1041 1618 ad

257 1637 392 1670 Quercunt
410 1637 501 1665 habita
523 1641 613 1664 errata
626 1645 674 1665 sua
687 1637 739 1665 sibi
756 1638 905 1666 condonari
920 1637 1040 1673 postula-

257 1688 318 1710 runt
337 1688 364 1710 et
375 1683 562 1718 impetrarunt.

291 1731 379 1764 Atque
402 1731 458 1757 haec
488 1730 703 1766 Origcnistarum
733 1730 869 1759 distinctio
899 1731 1041 1766 diligenter

255 1775 373 1802 notanda
391 1780 455 1803 est:
471 1784 532 1803 nam
557 1777 704 1805 monachos
724 1777 784 1805 illos
806 1776 970 1810 Nitrienses,
995 1777 1040 1812 qui

257 1819 308 1845 hac
323 1824 481 1854 tempestate
496 1820 714 1856 Origcnistarum
735 1821 914 1856 appellatione
929 1822 1041 1849 infama-

257 1865 364 1896 bantur,
384 1864 525 1892 haereticos
554 1866 639 1893 fuisse
663 1873 756 1894 censet
776 1875 870 1895 omnes
896 1867 1038 1901 Baronius,

255 1918 306 1937 nec
319 1916 372 1937 tam
385 1910 509 1945 Origenis
521 1912 614 1946 gloria:
626 1912 738 1945 favisse,
750 1921 830 1947 quam
845 1913 929 1948 ipsius
947 1914 1042 1948 opina-

256 1956 374 1983 tionibus
394 1957 530 1983 mordicus
558 1957 704 1985 adhaesisse
733 1965 816 1992 :quze
845 1958 909 1985 mihi
936 1958 1041 1985 videtur

256 2003 387 2029 sententia
420 2002 614 2037 Chrysostomo
651 2008 679 2030 et
722 2003 863 2031 Theotimo
895 2003 1037 2031 Tomitano

256 2049 393 2082 episcopo,
409 2049 589 2076 sanctissimis
612 2050 689 2082 viris,
710 2058 838 2085 perquam
862 2058 924 2077 esse
943 2056 1040 2078 contu-

256 2095 377 2122 rueliosa.
410 2094 450 2122 Ab
467 2095 532 2130 ipsis
547 2095 591 2122 alii
605 2104 714 2123 omnem
738 2096 837 2123 erroris
860 2096 1040 2131 suspicionem

256 2145 374 2167 amotam
389 2147 448 2168 esse
465 2141 568 2174 volunt,
586 2146 614 2168 et
634 2141 716 2169 totius
741 2142 951 2170 concertationis
973 2142 1040 2170 invi-

1087 223 1221 258 gentibus,
1231 223 1339 250 minime
1354 230 1419 250 sane
1430 222 1522 248 luisset
1533 220 1755 256 praetermissum.
1770 218 1862 251 Super-

1087 273 1131 296 est
1154 269 1246 302 igitur,
1268 273 1298 295 ut
1319 268 1440 295 dicamus
1461 266 1628 301 Origenistas
1653 264 1740 291 fuisse
1760 263 1863 297 duplicis

1087 316 1210 351 generis,
1225 315 1398 346 orthodoxos,
1409 319 1436 341 et
1447 313 1644 345 heterodoros;
1659 316 1687 339 et
1706 309 1863 338 invidiosum

1087 362 1140 389 hoc
1155 369 1250 389 nomen
1276 361 1367 388 multis
1384 360 1537 392 «immerito,
1555 358 1678 393 pluribus
1703 356 1787 384 etiam
1812 355 1864 390 jure

1087 407 1169 435 fuisse
1182 407 1320 434 tribututn.
1335 405 1426 432 Fidem
1440 403 1558 438 opinioni
1574 408 1672 430 nostra
1692 401 1796 429 faciunt
1809 401 1864 428 hinc

1086 451 1181 480 Graeca
1196 451 1356 486 tnenologia.
1375 457 1435 485 quae
1452 449 1598 477 nonnullos
1618 456 1649 476 ex
1664 447 1829 482 Origenistis
1841 446 1864 473 in

1086 503 1242 525 sanctortrm
1264 497 1352 524 alhutu
1387 495 1525 527 referunt,
1557 499 1584 522 et
1609 498 1734 527 spectata
1755 492 1866 527 Chryso-

1086 544 1166 572 stomi
1181 544 1266 571 virtus
1287 549 1318 570 ac
1340 542 1441 577 pietas,
1458 541 1505 577 qui
1527 548 1572 568 eos
1590 541 1626 567 ita
1653 544 1759 566 tutatus
1779 542 1828 569 est,
1840 541 1866 564 ut

1088 589 1210 617 eamdem
1236 595 1342 623 quoque
1359 588 1410 615 sibi
1435 586 1642 621 appellationem
1667 584 1863 616 conscisceret;

1087 634 1148 662 inde
1163 634 1316 668 Hieronymi
1330 638 1357 659 et
1371 631 1513 667 Epiphanii
1528 630 1650 666 partibus
1672 629 1727 656 illis
1743 630 1865 655 haareseos

1087 685 1177 707 notam
1191 679 1383 714 imponentium
1402 676 1567 705 testiﬁcatio.
1581 675 1708 703 Profecto
1723 681 1775 700 non
1790 680 1862 700 unam

1088 725 1172 752 fuisse
1181 724 1392 759 Origenistarnm
1401 722 1520 750 omnium
1532 721 1693 753 doctrinam,
1704 725 1756 746 nec
1765 718 1863 745 eosdem

1087 778 1177 798 mores
1189 770 1253 798 satis
1264 778 1298 797 ex
1314 769 1463 804 Epiphanio
1473 768 1616 799 evincitur,
1635 766 1682 801 qui
1707 765 1774 792 haer.
1790 764 1822 790 65
1841 767 1865 790 et

1087 816 1132 848 64,
1149 815 1284 851 geminum
1307 814 1412 841 illorum
1427 813 1548 847 agnoscit
1561 817 1666 846 genus:
1682 809 1711 836 in
1727 815 1782 843 quo
1805 807 1863 834 licet

1089 862 1189 889 incerta
1206 860 1362 896 prodiderit,
1375 864 1403 887 et
1417 863 1474 893 post
1487 858 1572 893 ipsum
1591 855 1771 890 Augustinus,
1788 853 1865 881 multis

1089 909 1184 944 plicem
1199 913 1286 935 tamen
1303 907 1441 934 hominum
1458 905 1562 932 illorum
1578 904 1661 931 fuisse
1673 906 1776 930 sectam
1791 907 1823 928 ex
1835 907 1864 928 eo

1088 955 1258 990 perspicuum
1272 959 1324 981 est.
1345 952 1418 980 inter
1432 959 1478 980 eos
1495 957 1524 979 ut
1544 949 1727 985 integerrimis
1752 946 1863 974 nonnulli

1088 1002 1195 1028 fuerunt
1211 1001 1340 1031 moribus,
1349 999 1387 1026 ita
1401 998 1499 1027 foedam
1511 997 1646 1024 libidinem
1657 999 1685 1022 et
1696 993 1863 1022 Onanisnrutn

1091 1047 1195 1080 aliquos
1210 1045 1364 1073 exercuisse
1380 1043 1506 1071 referenti
1520 1041 1667 1077 Epiphanio
1683 1039 1766 1067 facile
1777 1039 1861 1069 credo;

1089 1091 1219 1127 quidquid
1231 1090 1399 1117 contradicat
1410 1088 1549 1116 llalloxius
1561 1094 1568 1114 :
1582 1094 1615 1114 ex
1625 1092 1715 1120 eoque
1729 1084 1861 1111 adductum

1089 1136 1211 1171 suspicor
1227 1134 1416 1169 Epiphanium,
1435 1138 1536 1160 utcum
1555 1136 1686 1167 praeterea
1699 1135 1762 1167 _non
1781 1127 1862 1155 eadem

1089 1183 1188 1210 sentire
1199 1181 1368 1216 Origenistas
1383 1186 1478 1207 omnes
1495 1177 1654 1209 inaudisset,
1670 1178 1781 1211 putaret
1797 1178 1862 1206 turpe

1089 1227 1153 1255 illud
1170 1227 1280 1258 factum,
1305 1225 1376 1261 quod
1397 1231 1501 1251 tuorum
1527 1227 1587 1250 erat
1611 1222 1716 1254 vitium,
1746 1219 1862 1246 doctrina:

1089 1281 1208 1301 errorem
1230 1272 1323 1304 fuisse,
1344 1277 1426 1306 atque
1443 1271 1479 1297 ila
1496 1268 1629 1304 duplicem
1645 1272 1751 1295 sectam
1772 1264 1861 1292 consti-

1092 1324 1188 1348 tueret.
1207 1318 1310 1347 Utmiti
1322 1318 1443 1352 plerique
1455 1316 1563 1344 fuerunt
1577 1314 1696 1349 ingenio,
1713 1313 1750 1340 ita
1767 1316 1863 1339 conten-

1091 1366 1151 1393 tiosi
1182 1365 1239 1398 alii,
1263 1363 1411 1392 refractarii
1435 1367 1462 1390 et
1477 1359 1710 1392 cervicosi;velut
1724 1366 1769 1392 qui
1792 1356 1862 1382 [ιν-οι

1091 1412 1164 1448 philo
1180 1409 1361 1438 Alexandrino
1385 1407 1491 1444 pralsuli
1515 1406 1645 1433 violentas
1672 1409 1758 1439 prope
1780 1407 1863 1428 manus

1091 1447 1249 1490 intulerunt,
1270 1462 1299 1484 ut
1323 1456 1462 1483 dicemus:
1478 1453 1584 1481 dicaces
1600 1451 1645 1478 alii
1662 1454 1691 1477 et
1713 1447 1861 1484 petulantes.

1092 1505 1211 1534 dicteriis
1223 1511 1293 1539 sape
1303 1507 1331 1530 et
1341 1500 1510 1530 contumeliis
1519 1499 1673 1528 Catholicos
1685 1495 1861 1525 lacessebant;

1091 1555 1162 1579 velut
1187 1552 1213 1578 in
1232 1558 1280 1582 eo,
1303 1549 1372 1583 quod
1395 1555 1546 1578 narramus,
1575 1545 1699 1576 dissidio,
1721 1541 1862 1571 Catholicos

1091 1597 1259 1634 appellabant
1272 1593 1511 1629 Pelusiotas,quod
1526 1597 1651 1627 tanquam
1667 1590 1728 1617 luto
1745 1586 1861 1634 immersi,

1090 1632 1118 1671 et
1128 1632 1206 1670 curvi
1222 1642 1247 1668 in
1267 1647 1353 1668 terras
1370 1648 1400 1667 ac
1425 1638 1574 1667 caelestium
1594 1637 1690 1664 inanes
1707 1638 1814 1666 essent;
1835 1632 1862 1658 ad

1090 1695 1183 1715 vocem
1206 1687 1303 1723 πῆλος.
1319 1692 1345 1713 et
1362 1693 1458 1713 nomen
1478 1683 1587 1715 Pelusii,
1615 1682 1643 1710 in
1660 1680 1860 1716 Origenistarum

1090 1733 1278 1765 Nitriensium,
1293 1737 1424 1759 eteorum
1446 1731 1491 1765 qui
1513 1730 1538 1757 in
1563 1728 1706 1756 Palmstina
1735 1725 1859 1760 degebant.

1092 1779 1189 1806 vicinia
1204 1779 1261 1812 siti,
1277 1778 1372 1813 frigido
1388 1782 1416 1804 et
1434 1776 1538 1804 scurrili
1554 1776 1616 1810 joco
1632 1773 1792 1801 alludentes.
1808 1769 1860 1796 Hie

1093 1833 1220 1861 ronymus
1229 1825 1307 1860 epist.
1315 1825 1359 1857 61,
1373 1826 1407 1851 ad
1425 1822 1592 1853 Parnmach.,
1602 1828 1661 1855 cap.
1673 1819 1690 1846 5
1702 1828 1709 1846 :
1728 1828 1737 1844 ι
1753 1817 1797 1844 llze
1811 1819 1862 1843 suut

1091 1871 1208 1906 stropha:
1223 1876 1321 1898 vestras
1341 1875 1421 1904 atque
1432 1868 1583 1903 praestigiae,
1600 1866 1701 1901 quibus
1725 1871 1773 1891 nos
1792 1862 1860 1889 Prlu-

1091 1919 1185 1950 siotas,
1207 1922 1234 1945 et
1251 1917 1387 1951 jumenta,
1413 1921 1440 1943 et
1466 1914 1596 1942 animales
1621 1913 1747 1940 homines
1771 1909 1858 1937 dicitis.

1091 1964 1153 1999 quia
1168 1971 1219 1990 non
1235 1962 1378 1996 recipimus
1398 1968 1429 1988 ea
1449 1967 1509 1994 qua:
1533 1958 1644 1993 spiritus
1665 1961 1739 1984 sunt.
1754 1965 1763 1982 ι
1789 1953 1859 1981 Baro-

1091 2010 1164 2036 nium
1181 2008 1250 2043 fugit
1265 2007 1327 2034 dicti
1344 2006 1421 2040 hujus
1440 2004 1600 2040 signiﬁcatio
1611 2024 1618 2034 .
1633 2007 1659 2030 et
1676 2010 1744 2038 pro,
1774 2009 1782 2025 t
1795 1999 1860 2026 Pelu-

1091 2055 1183 2087 siotas,
1197 2063 1207 2080 ›
1236 2053 1283 2087 legi
1305 2053 1390 2087 jubet,
1420 2051 1616 2081 «Pilosiotas,r
1637 2050 1709 2083 quod
1737 2051 1860 2074 uterentur

1091 2099 1250 2134 Origenistaz
1276 2107 1286 2123 ι
1300 2098 1350 2124 hac
1370 2104 1445 2128 voce,
1477 2096 1650 2130 suggillantes
1665 2098 1748 2127 atque
1761 2091 1859 2118 subsan-

1092 2149 1187 2173 nantes
1202 2144 1365 2176 Catholicos,
1387 2142 1464 2177 quasi
1484 2142 1624 2169 crederent
1648 2145 1769 2166 mortuos
1783 2142 1859 2164 resur-

257 2186 328 2213 diam
347 2192 508 2214 convertunt
526 2188 551 2214 in
572 2187 712 2222 episcopos
724 2187 888 2224 Origenistis
908 2188 1038 2220 infensos,
1056 2188 1077 2215 Ι)
1091 2196 1211 2219 rectm-os
1222 2191 1303 2217 etiam
1319 2197 1379 2217 cum
1403 2189 1474 2224 pilis,
1497 2187 1558 2214 dum
1579 2190 1652 2213 recte
1677 2185 1799 2212 dicerem
1821 2187 1859 2207 θῦε

256 2239 324 2266 quos
340 2233 455 2268 propriis
471 2233 654 2261 simultatibus
670 2233 833 2269 Origenismi
845 2242 954 2261 causam
970 2243 1038 2270 pra:-

258 2282 389 2309 texentes,
404 2279 494 2313 inique
513 2280 585 2307 viros
601 2280 721 2307 insontes
736 2288 850 2308 vexasse
864 2282 1037 2315 pertendunt;

257 2323 438 2358 piissimoruut
470 2325 608 2353 hominum
643 2322 799 2362 Hieronymi
830 2332 858 2354 et
895 2326 1038 2361 Epiphanii

257 2370 447 2397 auctoritatem
480 2379 512 2398 ac
543 2373 726 2400 testimonium
752 2373 862 2407 insuper
887 2373 1038 2405 habentes,

257 2414 345 2450 iisque
352 2415 477 2449 Palladii,
489 2418 556 2444 meri
571 2417 743 2452 Origenistae,
758 2425 773 2445 a
784 2426 838 2453 quo
850 2419 1038 2459 Cltrysostomi

257 2461 311 2487 vita
324 2462 474 2496 conscripta
490 2467 544 2495 est,
561 2463 720 2498 sulfragium
737 2469 941 2498 anteponentes.
963 2464 1039 2492 Heri-

258 2506 349 2533 hertus
365 2507 546 2542 liosweydus,
560 2508 680 2535 historia:
694 2510 886 2543 ecclesiastica;
903 2514 1040 2537 scrutator

258 2551 382 2586 diligens,
407 2553 455 2579 Iros
476 2553 547 2580 inter
565 2554 671 2581 medius
689 2554 800 2587 incedit,
831 2559 858 2582 et
884 2555 957 2582 viros
979 2555 1039 2582 illos

258 2598 303 2632 qui
328 2598 488 2633 ()rigenismi
514 2599 621 2626 nomine
651 2600 766 2626 traducti
793 2605 880 2631 sunt,
912 2600 1038 2635 dogmata

259 2643 373 2677 primum
382 2643 505 2679 Origenis
518 2645 682 2678 defendisse,
696 2645 793 2673 deinde
805 2653 869 2673 vero
884 2647 1038 2680 repudiasse

259 2688 389 2722 conjectat
403 2696 410 2716 :
424 2691 503 2724 quod,
518 2692 540 2718 si
553 2692 590 2718 ita
603 2696 686 2723 esset,
700 2691 733 2718 ab
747 2691 864 2724 illorum,
878 2691 919 2718 vel
927 2699 1039 2727 sequen-

260 2733 325 2760 tiuur
341 2739 490 2770 temporum
511 2737 700 2772 scriptoribus,
721 2737 810 2765 omnia
829 2738 958 2765 adversus
977 2737 1036 2765 Ori-

1093 2241 1295 2264 resurrecturos
1317 2241 1376 2261 curn
1402 2233 1512 2268 singulis
1529 2231 1650 2266 corporis
1668 2230 1794 2257 membris
1806 2228 1832 2253 ".
1848 2235 1855 2250 ι

1093 2280 1190 2307 Verum
1224 2278 1401 2314 expositiOnis
1429 2283 1528 2305 nostrae
1561 2276 1744 2309 ﬁdeiussorem
1778 2274 1859 2300 damus

1091 2326 1283 2361 Hreronyrnurn
1308 2325 1405 2359 ipsum,
1430 2324 1510 2359 epist.
1535 2322 1579 2354 65,
1607 2322 1641 2349 ad
1657 2319 1813 2348 Pammach.
1835 2322 1856 2343 et

1091 2371 1203 2404 0cean.,
1220 2378 1280 2406 cap.
1294 2370 1321 2399 5.
1341 2378 1349 2394 ι
1361 2369 1520 2400 Pelusiotas,
1534 2368 1633 2402 inquit,
1656 2374 1705 2394 nos
1727 2365 1856 2401 appellant.

1091 2422 1118 2445 et
1131 2417 1229 2448 luteos,
1246 2416 1444 2450 anitnalesqne,
1461 2419 1488 2441 et
1502 2420 1627 2444 carneos,
1645 2413 1716 2446 qtrod
1738 2419 1788 2438 non
1801 2408 1856 2436 reci-

1091 2463 1195 2498 piamus
1209 2470 1240 2490 ea
1254 2470 1314 2497 qua:
1329 2462 1440 2496 spiritus
1454 2465 1535 2492 sunt;
1556 2469 1565 2485 ι
1585 2464 1613 2486 et
1625 2467 1684 2493 cap.
1702 2459 1713 2484 i
1729 2466 1736 2484 :
1750 2467 1760 2483 ι
1774 2456 1857 2483 Putant

1090 2510 1161 2536 enim
1173 2517 1215 2536 me
1228 2516 1305 2536 suum
1319 2515 1379 2536 esse
1390 2507 1561 2543 συμμύστην,
1578 2510 1605 2533 et
1618 2509 1727 2540 propter
1741 2501 1855 2529 animales

1089 2560 1116 2582 et
1130 2555 1215 2582 luteus
1232 2555 1301 2582 nolle
1316 2554 1401 2589 palam
1430 2554 1554 2588 dogmata
1576 2551 1709 2579 cunliteri.
1724 2559 1734 2576 ι
1758 2547 1854 2576 Manife-

1091 2601 1159 2628 slius
1175 2601 1255 2629 etiatu
1269 2600 1402 2627 itzJerem.
1423 2607 1500 2631 utr,
1517 2599 1568 2625 M:
1587 2607 1596 2624 ί
1611 2598 1675 2631 Quae
1690 2604 1750 2624 curn
1761 2594 1856 2622 audiunt

1091 2646 1220 2681 discipuli!
1235 2646 1293 2680 ejus
1315 2645 1475 2681 (Origenis)
1500 2649 1528 2672 et
1551 2643 1713 2671 Grunnianm
1733 2641 1798 2676 (hoe
1820 2642 1853 2664 cst

1092 2692 1201 2727 Ruﬁni)
1219 2692 1328 2719 familia:
1345 2696 1475 2724 stercora,
1501 2694 1596 2726 putant
1618 2695 1648 2717 se
1674 2688 1760 2716 divina
1776 2684 1853 2732 audire

1091 2740 1239 2774 mysteria;
1269 2745 1374 2773 nosque
1406 2738 1451 2773 qui
1477 2737 1529 2765 ista
1552 2735 1765 2767 contemnimus,
1790 2735 1852 2766 Ψιιει

293 2826 315 2842 ⁸⁸
327 2825 432 2858 Lucret.
447 2829 493 2858 lib.
511 2838 549 2865 tv,
565 2838 634 2861 vers.
649 2832 692 2860 ii.
731 2832 753 2848 '°
771 2831 869 2860 Baron.
883 2832 916 2860 ad
931 2840 977 2862 an.
988 2831 1052 2866 595,
1066 2839 1125 2867 cap.
1142 2830 1186 2864 10,
1202 2835 1229 2858 et
1242 2829 1276 2858 ad
1290 2837 1337 2858 an.
1353 2828 1412 2862 ‘00,
1432 2827 1545 2864 cap.86.
