1927 3076
103 100 169 128 1125

556 103 837 132 ORIGENIANORUM
856 103 918 131 LIB.
939 103 969 132 Il.
990 103 1063 131 CAP.
1085 103 1129 135 IV,
1152 103 1248 132 SECT.
1265 104 1284 133 Ι.

1645 111 1713 140 1126

102 166 149 193 pro
162 159 251 187 brutis
272 161 371 189 habent
388 162 584 194 animantibus,
611 168 639 190 et
661 169 757 191 vocant
782 164 883 200 πηλου-
901 168 920 195 Α
936 162 1069 190 Palladius
1096 163 1121 190 in
1146 163 1293 197 Lausiacir,
1323 170 1392 193 sect.
1416 166 1450 194 78
1476 171 1504 195 et
1527 169 1713 204 sequentibus,

103 203 214 237 σιώτας,
229 213 262 233 eo
278 207 348 240 quod
370 207 397 233 in
416 207 472 234 luto
490 207 570 238 istius
593 208 713 242 corporis
733 209 880 240 constituti,

102 256 154 276 non
171 250 308 284 possimus
321 252 422 279 sentire
432 252 578 280 celestis.»
596 253 735 288 Egyptios
751 254 883 288 praecipue

101 295 260 328 monachos,
281 297 350 331 apud
361 304 429 331 quos
443 298 558 325 maxime
579 299 662 332 viguit
685 298 880 333 Origenismus.

101 340 212 375 ingenio
232 341 288 369 fere
310 342 391 370 fuisse
413 343 533 378 inquieto
556 350 582 371 et
597 345 714 376 turbido,
740 351 768 371 et
792 352 881 371 rerum

99 393 232 414 novarum
251 388 389 421 studioso,
403 395 598 424 proptereaque
617 390 642 417 in
658 390 748 417 varias
765 390 881 417 haereses

98 431 230 460 incidisse
243 432 341 460 litteris
353 435 487 468 proditum
499 439 551 462 est.
567 435 631 462 inde
643 435 765 467 Aeriani,
786 435 881 462 Eusta-

99 477 198 510 thiani,
222 478 517 514 Anthropomorphitae,
539 479 685 512 Joviniani,
711 480 879 515 Eutychiani,

97 523 200 557 aliique
216 524 241 550 id
256 531 341 559 genus
362 526 482 552 sexcenti
500 526 623 560 prodiere
639 535 646 553 :
666 530 693 554 et
711 534 726 553 a
741 527 880 554 vetnstiori

96 576 207 604 quoque
221 578 278 597 aevo
306 570 454 599 Meletianis
467 576 494 599 et
520 572 626 599 Arianis
643 572 792 606 haerentes,
809 573 881 600 anti-

95 616 190 641 stitetn
216 623 293 643 suum
325 618 500 644 Athanasium
526 618 631 653 probris
659 618 785 646 fixerunt.
800 618 875 647 Unde

96 660 280 698 Hieronymus
304 664 412 699 Apolog.
438 665 543 692 advers.
570 664 659 698 Ruﬁn.
685 664 745 692 libr.
762 673 801 695 Ill.
819 673 878 701 cap.

96 706 139 746 7':
175 708 329 736 ttiontendi
367 709 539 746 Egyptum,
576 710 685 738 lustravi
718 713 878 740 monasteria

94 752 209 786 Nitriae,
222 759 250 782 et
275 755 344 783 inter
363 761 517 784 sanctorum
537 756 646 791 choros,
666 757 772 792 aspidcs
796 758 879 787 latere

94 800 230 834 perspexi.
248 809 258 827 ι

131 889 199 918 Vili.
214 891 253 919 Ex
267 892 317 920 hoc
335 901 472 922 ntereseon
495 900 523 923 et
542 895 729 926 haereticorum
758 900 875 927 semina—

91 935 136 963 rio
149 936 308 972 Origenistte
327 939 483 968 heterodoxi
506 944 678 972 exstiterunt.
702 945 797 973 Narrat
813 947 875 981 Epi-

91 982 211 1016 phanius
226 984 290 1011 liter.
309 984 353 1019 64,
370 993 430 1021 cap.
447 987 474 1019 4,
496 988 522 1015 in
540 988 656 1024 [Egypto
677 992 792 1026 primum
813 1001 875 1027 pro-

90 1032 221 1063 pagatum
246 1028 444 1064 Origenismum
469 1033 538 1066 apud
563 1032 703 1068 Egyptios
730 1037 875 1064 monachos

92 1079 146 1100 suo
158 1078 277 1108 tempore
289 1074 426 1103 floruisse.
450 1075 488 1103 Ac
511 1077 625 1111 prituutn
645 1078 757 1106 Melania
774 1081 873 1113 senior,

93 1119 193 1146 nobilis
217 1119 333 1153 femina,
362 1128 422 1148 cum
449 1122 535 1156 patria
563 1123 654 1150 relicta
680 1123 873 1160 Jerosolymam

91 1166 202 1201 pietatis
214 1173 295 1194 causa
308 1167 479 1201 concederet,
499 1169 570 1197 facta
586 1169 655 1197 inter
670 1170 762 1199 Nitriae.
779 1179 873 1200 mona-

91 1213 159 1240 chos
190 1214 323 1240 mensium
352 1214 456 1249 aliquot
483 1223 570 1249 mora,
597 1217 722 1252 aditoque
749 1218 872 1254 Didymo,

93 1258 265 1293 Origenianis
282 1260 336 1287 illic
348 1261 486 1289 erroribus
506 1270 558 1290 una
573 1271 634 1291 cum
653 1264 748 1291 Ruﬁno
770 1265 873 1293 itineris

92 1304 191 1332 comite
219 1305 316 1333 infecta
344 1311 395 1334 est.
431 1307 551 1343 Contigit
581 1308 645 1336 illud
673 1310 746 1337 circa
772 1318 871 1338 annum

91 1349 191 1377 Christi
219 1351 280 1378 372.
293 1351 351 1385 Quo
363 1357 483 1387 tempore
502 1354 641 1389 epistolam
656 1354 730 1383 dedit
744 1356 778 1382 ad
796 1356 871 1391 Ruﬁ-

89 1404 152 1422 num
170 1396 349 1433 Hieronymus
364 1398 399 1431 ",
412 1407 464 1434 qua
476 1400 509 1427 ad
521 1408 550 1428 se
564 1401 590 1428 in
602 1401 710 1436 Syriam
727 1407 755 1430 ut
770 1402 870 1436 veniat,

86 1438 178 1471 amice
191 1444 299 1472 invitat.
313 1444 457 1480 Postquam
472 1451 560 1474 autern
572 1447 745 1482 Jerosolymaa
757 1448 872 1476 ﬁxerunt

86 1489 194 1522 sedem,
212 1490 333 1518 fovendis
344 1491 494 1527 peregrinis
504 1512 511 1525 ,
526 1497 553 1520 et
561 1492 641 1521 rebus
656 1494 870 1522 Christianorum

82 1534 215 1568 juvandis
230 1542 295 1570 opes
310 1540 337 1563 et
355 1543 464 1571 operam
486 1543 688 1572 consumentes,
706 1543 870 1574 exceperunt

85 1579 235 1615 Evagrium
271 1580 410 1609 Ponticum
444 1582 679 1618 Constantinopoli
713 1589 802 1612 certas
835 1585 870 1612 ob

84 1633 188 1653 causas
207 1627 400 1660 discedentem,
423 1629 560 1664 ipsiusque
583 1629 674 1657 animo
704 1630 803 1665 primos
821 1629 870 1657 Ni-

85 1671 201 1699 triensis
211 1671 371 1707 Origenismi
388 1678 462 1700 satus
474 1679 659 1709 asperserunl.
677 1673 714 1701 ita
729 1674 869 1702 institutus

84 1715 231 1750 Evagrius,
256 1722 282 1744 et
303 1717 446 1745 aMelania
473 1722 546 1746 veste
570 1718 719 1746 monastica
749 1727 781 1746 ex
806 1724 869 1746 voto

85 1762 209 1794 indutus,
220 1763 246 1789 in
264 1762 408 1798 Egyptum
426 1765 509 1796 abiit,
526 1769 554 1791 et
575 1769 717 1800 postquam
737 1772 797 1792 cum
820 1765 867 1792 Di-

83 1807 169 1842 dymo
180 1815 340 1843 congressus
353 1814 403 1841 est.
421 1809 446 1837 in
459 1809 553 1837 Nitriae
572 1810 680 1837 tandem
696 1810 867 1838 monasteriis

84 1859 149 1879 sese
173 1853 285 1885 abdidit,
309 1858 336 1881 et
358 1854 428 1881 inter
454 1854 581 1883 ﬂorentes
610 1855 667 1883 illic
699 1855 867 1890 Origenistas

85 1905 186 1925 nomen
201 1899 283 1927 dedit.
297 1901 396 1927 Auctor
412 1906 453 1928 est
467 1901 644 1936 Hieronymus
655 1902 681 1929 in
701 1900 818 1936 Epistola
832 1902 865 1928 ad

84 1943 299 1979 CtesiphOutem.
318 1953 377 1980 cap.
390 1946 418 1979 2,
433 1947 571 1981 scripsisse
588 1946 662 1974 illum
686 1947 718 1974 ad
734 1947 864 1982 virgines,

83 1989 120 2015 ad
137 1989 292 2021 monachos,
308 1994 355 2016 ett
375 1991 408 2017 ad
427 1998 486 2017 eam
508 1991 585 2026 cujus
601 1999 698 2019 nomen
718 1993 865 2028 nigrediuis

84 2038 204 2060 testatur
226 2035 343 2069 perﬁdia:
370 2037 514 2064 tenebras»
539 2037 698 2073 (Melaniam
729 2040 863 2067 seniorem

84 2077 220 2113 intellige)
235 2083 262 2106 et
273 2080 390 2108 edidisse
402 2081 512 2115 insuper
526 2081 622 2109 librum
635 2083 705 2118 Περὶ
722 2083 864 2117 ἀπαθείας

83 2130 140 2158 quo
151 2123 255 2158 insigne
269 2124 392 2159 Origenis
403 2125 498 2160 dogma
522 2133 602 2161 supra
619 2134 634 2153 a
651 2135 694 2155 tne
706 2128 861 2155 ventilatutn

83 2169 290 2203 continebatur;
311 2170 394 2198 libros
412 2178 475 2198 vero
500 2171 583 2206 ipsius
606 2179 621 2199 a
648 2172 745 2200 Ruﬁno
766 2173 862 2201 Latine

85 2215 276 2250 interpretatos
294 2216 466 2245 Occidentem
480 2217 625 2246 lectitasse.
643 2218 751 2254 Appulit
767 2221 862 2248 eodem

84 2261 188 2296 aliquot
201 2266 260 2297 post
275 2263 352 2290 annis
372 2262 505 2291 Palladius
525 2263 636 2297 Galata,
656 2270 684 2292 et
703 2265 819 2293 triennio
838 2265 865 2293 in

84 2307 226 2335 asceteriis
259 2312 413 2341 transacto,
439 2308 608 2343 Origenismo
643 2310 774 2343 imbutus,
804 2318 864 2338 cuin

83 2352 237 2380 valetudine
264 2357 422 2387 tentaretur,
444 2353 471 2381 in
495 2354 663 2381 Paltestinam
690 2355 818 2387 secessit,
838 2360 866 2383 et

84 2398 211 2426 haustutn
224 2399 250 2425 in
262 2398 377 2435 Egypto
393 2399 554 2434 Origenismi
572 2400 645 2427 virus
657 2400 756 2434 passim
772 2400 864 2435 prolu-

83 2444 134 2471 dit.
150 2443 276 2472 Florebat
289 2450 351 2472 tunc
371 2445 396 2472 in
422 2445 464 2473 his
485 2445 552 2473 locis
569 2446 712 2473 sanctitate
725 2450 752 2472 et
763 2447 862 2473 virtute

83 2491 167 2520 Paula
183 2492 303 2520 Romana
317 2502 324 2520 :
340 2494 409 2521 hanc
421 2493 541 2520 adoritur
554 2492 699 2525 Palladius,
712 2496 740 2519 et
758 2492 784 2518 in
800 2499 863 2520 suas

82 2537 263 2573 pertraxisset
289 2543 394 2571 partes,
428 2538 479 2565 nisi
507 2538 631 2574 gliscenti
665 2539 735 2564 tnalo
760 2541 863 2564 mature

81 2584 249 2612 occurrisset
272 2583 460 2619 Hieronymus,
485 2589 512 2612 et
538 2583 655 2612 hominis
688 2583 862 2617 petulantiam

81 2629 174 2658 habita
189 2637 249 2656 cum
269 2638 302 2657 eo
318 2630 505 2657 dissertatione
521 2629 697 2657 coercuisset.
715 2628 763 2655 Rei
777 2628 863 2655 histo-

82 2679 150 2705 riam
166 2677 269 2712 prolixc
286 2678 383 2711 narrat!
396 2676 572 2711 Hieronymus
591 2676 617 2703 in
635 2674 773 2709 Epitaphia
790 2673 864 2701 Pau-

79 2725 124 2758 ιω,
141 2732 202 2759 cap.
216 2724 245 2751 11
260 2728 286 2751 ct
302 2724 345 2757 1‘2,
360 2731 440 2759 quam
455 2722 507 2750 sibi
521 2723 555 2749 ab
567 2729 599 2749 eo
610 2726 730 2756 ereptam
743 2719 865 2755 queritur

115 2815 136 2832 "’
150 2814 259 2842 ll'eron.
283 2813 355 2849 Epist
377 2813 426 2846 «il,
447 2813 480 2840 ad
503 2810 592 2845 Ruﬁn.
631 2809 663 2825 "'
673 2809 756 2842 Alias,
767 2806 827 2840 110,
840 2814 863 2835 c.
880 2805 904 2834 l.

933 211 996 238 item
1011 215 1079 238 sect.
1093 210 1157 242 124.
1170 210 1417 247 Hieronymumque
1436 213 1572 248 suggillat.

968 256 1013 284 IX.
1028 257 1065 284 At
1082 256 1214 284 Joannem
1227 256 1482 293 Jerosolymitanum
1500 260 1642 294 praesulem
1654 260 1711 296 jam

932 301 1008 330 labes
1020 302 1113 330 isthaec
1128 303 1304 338 corripuerat.
1332 304 1358 331 is
1376 309 1438 332 ante
1457 305 1581 340 adeptum
1607 307 1712 341 episco-

931 352 1024 382 patum
1040 348 1198 381 monachus,
1213 347 1323 375 Arianis
1338 353 1365 376 et
1385 349 1584 378 Macedonianis
1607 359 1711 379 accom-

932 393 1090 420 modaverat
1121 400 1212 425 aures,
1243 393 1329 428 iisque
1356 394 1456 422 relictis
1480 396 1514 423 ad
1545 397 1710 430 pontiﬁciatn

930 438 1090 473 dignitatem
1117 444 1227 466 evectus
1250 439 1414 474 Origenistis
1442 449 1501 468 sese
1531 442 1708 478 applicuerat.

930 484 1014 519 Egre
1027 484 1052 511 id
1063 485 1124 511 tulit
1135 484 1239 512 scilicet
1253 485 1418 520 Epiphanius
1434 486 1597 515 Salaminius
1607 488 1709 523 episco-

931 537 980 563 pus
1001 537 1049 563 pro
1062 537 1094 556 eo
1104 537 1135 556 ac
1155 529 1246 557 debuit
1257 550 1264 563 ,
1277 536 1303 557 et
1318 531 1414 559 blande
1430 539 1522 559 coram
1537 532 1628 560 multis
1640 541 1709 567 prte-

930 582 993 602 sens
1024 580 1185 610 prtesentem
1208 576 1310 602 erroris
1337 577 1551 609 commonefecit,
1583 585 1636 612 quo
1665 578 1708 605 ille

929 629 989 648 cum
1002 620 1137 655 partiariis
1155 628 1240 654 usque
1261 621 1328 648 adeo
1342 623 1498 654 excanduit,
1520 627 1548 649 ut
1561 623 1709 658 Epiphanio

928 664 1268 699 Anthropomorphitarum
1291 664 1416 692 haeresim
1435 666 1540 699 publice
1562 667 1706 702 obji’ceret;

929 717 1059 744 suamque
1084 713 1158 736 tanta
1188 709 1335 743 pertinacia
1367 709 1501 743 defendit,
1528 716 1557 738 ut
1584 713 1707 740 eumdem

929 754 1106 790 Epiphanium
1124 754 1221 782 habiue
1238 762 1298 781 cum
1318 754 1371 781 illis
1398 756 1595 784 communionis
1620 758 1708 791 paeni<

929 805 1005 828 teret.
1024 799 1092 827 Hinc
1111 799 1238 827 efferatus
1261 798 1380 827 Joannes
1398 801 1489 828 animo
1507 801 1611 829 rixandi
1629 803 1708 830 arido

925 853 1021 874 causas
1033 846 1158 874 vindictae
1180 846 1328 881 quaerebat,
1358 853 1418 873 cum
1446 854 1510 874 ecce
1535 848 1706 876 commodum

925 890 1112 918 Paulinianum
1153 890 1307 926 llieronytni
1351 891 1461 918 fratrem
1500 892 1527 919 in
1564 893 1706 921 Palaestina

925 941 1002 963 extra
1031 935 1160 963 ditionem
1184 943 1259 962 suain
1284 935 1473 970 Epiphanius,
1499 937 1611 965 invitum
1643 939 1706 967 licet

924 989 957 1009 ac
987 981 1164 1009 reluctantem
1182 1001 1191 1014 ,
1229 981 1262 1008 ad
1298 981 1456 1009 diaconatus
1488 987 1516 1010 et
1547 984 1705 1019 presbyterii

925 1028 1080 1063 dignitatem
1110 1028 1255 1062 promovit.
1290 1027 1370 1055 Multa
1398 1029 1503 1063 publice
1531 1034 1557 1056 et
1580 1029 1704 1064 privatim

925 1077 1086 1108 conquestus
1114 1077 1156 1100 est
1184 1072 1318 1105 Joannes,
1345 1080 1401 1100 rem
1425 1081 1485 1101 sese
1506 1075 1578 1108 apud
1611 1083 1705 1103 omnes

925 1125 973 1153 per
1000 1118 1105 1146 litteras
1137 1118 1325 1153 evulgaturum
1359 1118 1503 1151 minitans;
1543 1120 1568 1147 in
1608 1127 1641 1147 eo
1675 1128 1705 1148 se

925 1163 1016 1191 laesum
1046 1163 1156 1197 insuper
1183 1163 1308 1195 addens.
1343 1163 1414 1198 quod
1446 1171 1507 1190 cum
1539 1164 1592 1191 Deo
1624 1171 1703 1192 sacra

924 1210 1024 1239 faceret
1038 1209 1200 1244 Epiphanius
1210 1209 1300 1236 dicere
1312 1209 1411 1236 soleret
1433 1216 1441 1235 :
1467 1208 1587 1241 Domine,
1607 1216 1703 1244 prtum

923 1256 1030 1288 Joanui,
1047 1259 1076 1283 ut
1094 1262 1159 1283 recte
1175 1255 1273 1283 credat.
1295 1255 1404 1290 Objecta
1417 1256 1532 1283 crimina
1546 1256 1625 1283 diluit
1639 1256 1702 1291 Epi—

923 1305 1038 1339 phanins
1065 1303 1123 1331 utili
1147 1304 1270 1339 epistola,
1300 1311 1360 1338 quae
1383 1304 1452 1330 inter
1479 1303 1702 1339 Hieronymiauas

923 1358 1033 1378 numero
1041 1350 1206 1386 sexagesima
1221 1350 1334 1377 habetur
1347 1350 1396 1382 "‘;
1413 1350 1439 1377 in
1465 1357 1518 1385 qua
1534 1357 1585 1377 non
1601 1355 1655 1377 tam
1668 1357 1698 1377 se

922 1398 1069 1432 appetitum
1087 1398 1120 1424 ab
1135 1404 1168 1424 eo
1181 1396 1325 1431 signiﬁcat.
1345 1400 1454 1431 propter
1468 1395 1621 1430 impositum
1633 1394 1702 1422 Pau-

922 1443 1025 1470 liniano
1038 1442 1196 1479 presbyterii
1210 1442 1393 1469 characterem
1415 1445 1492 1468 extra
1516 1449 1592 1469 suam
1621 1442 1701 1468 ditio-

923 1498 994 1523 nem,
1011 1497 1072 1518 cum
1088 1490 1114 1518 id
1129 1490 1154 1517 in
1164 1489 1340 1522 monasterio,
1356 1497 1408 1516 non
1426 1489 1452 1516 itt
1465 1489 1590 1524 parochia
1607 1488 1702 1516 Joanni

921 1536 1040 1571 subjecta
1066 1543 1080 1562 a
1101 1542 1130 1563 se
1144 1535 1243 1562 factum
1264 1539 1347 1566 esset,
1368 1539 1394 1562 et
1412 1540 1518 1569 recepta
1539 1535 1609 1563 inter
1623 1535 1702 1571 Cypri

919 1582 1058 1618 episcopos
1078 1581 1273 1608 consuetudine
1296 1581 1384 1608 facere
1409 1580 1513 1612 liceret,
1531 1588 1611 1615 quam
1632 1582 1702 1616 quod

918 1628 1045 1656 violatam
1061 1626 1232 1661 Origenianis
1247 1626 1415 1662 dogmatibus
1431 1626 1510 1653 fidem
1528 1627 1590 1653 huic
1602 1634 1700 1661 expro-

919 1675 1033 1702 brasset.
1047 1673 1142 1708 Capite
1164 1680 1228 1699 vero
1251 1673 1329 1699 tertio
1347 1673 1404 1699 haec
1423 1672 1516 1699 scribit
1531 1680 1539 1699 :
1555 1681 1565 1697 ι
1582 1671 1663 1699 Doleo
1674 1677 1702 1699 et

918 1719 994 1746 valde
1008 1719 1096 1752 doleo,
1110 1718 1205 1746 videns
1214 1718 1344 1753 plurimos
1358 1717 1481 1750 fratrum,
1495 1723 1521 1744 et
1535 1725 1626 1745 eorum
1638 1726 1703 1752 prte-

917 1767 994 1800 cipue
1008 1766 1052 1800 qui
1068 1764 1260 1799 professionem
1275 1764 1374 1791 habent
1389 1772 1441 1790 non
1467 1763 1615 1794 minimam,
1630 1769 1657 1790 et
1674 1764 1700 1791 in

916 1811 1028 1846 gradum
1048 1818 1154 1846 qttoque
1173 1809 1315 1837 sacerdotii
1340 1809 1486 1836 maxiumm
1509 1813 1700 1842 pervenerunt,

916 1857 973 1892 ejus
987 1855 1130 1892 (Origenis)
1149 1854 1366 1890 persuasionibus
1382 1855 1518 1888 deceptos,
1537 1859 1564 1881 et
1589 1861 1701 1888 pervet-

915 1903 1020 1930 sissima
1043 1901 1167 1929 doctrina
1185 1900 1260 1928 cibos
1281 1900 1368 1926 factos
1385 1906 1444 1926 esse
1457 1899 1566 1927 diaboli.
1583 1909 1593 1925 »
1622 1898 1700 1927 [inde

915 1953 1025 1983 apparet
1040 1955 1120 1981 quam
1137 1946 1236 1974 multos
1247 1945 1302 1980 jatn
1324 1950 1379 1973 tum
1396 1945 1558 1979 Origeuismi
1581 1953 1645 1972 aura
1661 1945 1701 1972 af-

914 1993 1013 2021 ﬂasset.
1027 1993 1136 2020 Demum
1149 1993 1175 2018 in
1190 1993 1246 2019 haec
1259 1991 1340 2018 verba
1353 1990 1492 2018 concludit
1506 1997 1513 2016 :
1528 1999 1537 2016 ε
1554 1990 1699 2017 Palladium

914 2047 978 2067 vero
987 2039 1109 2067 Galatam
1117 2039 1163 2073 qui
1177 2037 1310 2073 quondam
1322 2037 1513 2077 nobischarus
1525 2037 1585 2069 fuit,
1593 2042 1620 2064 et
1631 2044 1701 2064 nunc

916 2085 1104 2113 misericordia
1123 2084 1169 2111 Dei
1187 2084 1298 2119 indiget,
1312 2090 1387 2114 cave,
1401 2082 1462 2117 quia
1482 2082 1604 2116 Origents
1619 2082 1702 2109 incre-

913 2132 964 2159 sitn
976 2132 1104 2166 praedicat
1115 2135 1142 2157 et
1155 2131 1243 2162 docet,
1253 2137 1286 2156 ne
1301 2129 1370 2156 forte
1381 2129 1485 2163 aliquos
1496 2128 1527 2155 de
1543 2127 1638 2163 populo
1652 2122 1699 2154 libi

915 2177 1018 2204 credito
1037 2175 1070 2203 ad
1086 2174 1288 2210 perversitatem
1304 2174 1343 2201 sui
1364 2174 1471 2200 inducat
1484 2173 1594 2199 erroris.
1606 2181 1614 2197 ι
1634 2172 1699 2200 Data

918 2227 960 2250 est
971 2223 1027 2249 haec
1034 2221 1150 2256 epistola
1165 2228 1237 2248 anno
1247 2220 1348 2247 Christi
1361 2219 1424 2249 592.
1441 2219 1556 2246 Arcadio
1568 2223 1595 2245 et
1602 2217 1700 2245 Ruﬁno

917 2274 1000 2299 coss.,
1014 2274 1067 2301 qua
1081 2265 1228 2301 publicata,
1244 2264 1355 2300 aliisque
1369 2264 1487 2299 ejusdem
1502 2263 1652 2298 argumenti
1665 2263 1698 2289 ad

917 2311 1075 2339 Palaestinos
1089 2311 1228 2346 episcopos
1251 2315 1279 2337 et
1303 2310 1458 2342 monachos,
1472 2314 1500 2335 et
1522 2308 1554 2335 ad
1573 2308 1698 2336 Siricium

919 2365 1012 2393 papam
1027 2357 1061 2384 ab
1081 2364 1113 2385 eo
1132 2357 1212 2390 datis,
1239 2355 1413 2383 dissensionis
1432 2363 1523 2382 rumor
1545 2354 1698 2381 universum

917 2404 1009 2430 orbem
1033 2403 1159 2429 continuo
1183 2407 1344 2437 pervagatus
1370 2406 1422 2428 est.
1443 2400 1586 2428 Sciendum
1609 2404 1698 2426 autent

915 2449 1107 2483 Hieronymum
1129 2455 1236 2483 quoqtte
1254 2448 1324 2475 inter
1347 2452 1374 2474 et
1399 2446 1540 2478 Joannem,
1574 2445 1697 2480 ejusdem

915 2492 1076 2523 Pauliniani,
1101 2492 1184 2519 multo
1213 2499 1278 2520 vero
1303 2491 1386 2519 maris
1413 2490 1574 2524 Origeuismi
1606 2496 1698 2520 causa.

915 2537 1026 2565 dissidia
1042 2536 1245 2570 intercessisse;
1261 2544 1322 2563 nam
1334 2545 1395 2564 cum
1410 2537 1444 2563 ab
1455 2535 1603 2570 Epiphanio
1614 2538 1699 2562 staret

916 2581 1104 2616 Hieronymus,
1119 2586 1145 2608 et
1163 2588 1216 2607 non
1233 2580 1319 2607 solum
1338 2588 1381 2607 res
1400 2580 1426 2607 in
1442 2580 1593 2607 Pauliniani
1615 2586 1697 2614 uego-

917 2627 955 2654 tio
969 2629 1058 2661 gestas
1073 2625 1271 2659 comprobaret,
1289 2625 1336 2652 sed
1360 2625 1483 2660 Origenis
1497 2625 1579 2652 etiam
1590 2631 1697 2652 errores

915 2672 1003 2708 palam
1013 2671 1164 2703 damnaret,
1177 2677 1211 2697 eo
1227 2670 1374 2698 iracundiae
1387 2670 1518 2704 processit
1529 2670 1655 2701 Joannes.
1669 2673 1697 2696 ut

916 2719 950 2747 ab
961 2718 1089 2747 Ecclesia
1107 2717 1296 2747 communione
1313 2716 1508 2753 Hieronymum
1532 2720 1695 2752 segregaret,
