1927 3076
272 121 339 148 H21

903 120 933 146 P.
951 118 1107 146 DANIELIS
1125 118 1242 147 HUETII

1819 116 1880 145 "28

272 181 495 212 quemadmodum
515 181 586 215 apud
598 180 801 207 Pammachium
822 180 942 214 quini-itur
958 179 1051 206 Iliero-
1066 180 1089 208 Α
1103 177 1153 204 sibi
1170 177 1272 205 litteras
1288 177 1400 205 reddere
1418 176 1513 203 noluit.
1531 174 1659 209 Querenti
1684 177 1776 201 autem
1792 173 1877 202 Hiero-

272 233 368 261 nymus
394 227 475 261 epist.
491 227 540 259 61,
568 233 628 260 cap.
642 226 686 254 15.
706 235 715 251 ‹
734 226 787 261 Ego
809 225 939 257 misellus,
955 226 1049 260 inquit,

271 272 334 299 dum
346 272 371 298 in
390 271 533 299 solitudine
546 271 686 305 delitesco,
700 280 714 299 a
729 277 803 299 tanto
817 271 942 306 pontifice
953 279 1051 306 repen-

270 321 297 344 te
314 321 452 344 tauncatus
465 318 613 353 presbyteri
630 324 727 345 nomen
747 318 834 345 amisi.
852 325 862 343 ›
879 316 934 344 Nec
950 317 1052 344 idcirco

270 367 358 389 tanten
377 363 497 390 ecclesiae
515 363 646 397 ingressu,
667 363 710 390 vel
733 363 917 398 episcoporum
932 371 963 390 ac
972 363 1051 390 Chri-

271 409 420 435 stianorum
436 409 566 436 societate
580 415 609 436 se
625 409 789 444 prohibitum
807 409 857 436 isto
871 409 957 444 capite
970 415 997 437 et
1010 417 1052 437 se-

269 454 362 488 quenti
380 457 503 483 testatur.
517 454 597 481 Addit
610 454 722 489 epistola
734 453 778 485 62.
790 462 850 489 quae
863 460 903 481 est
917 455 950 482 ad
964 454 1052 482 Theo-

269 499 384 533 philum,
408 507 468 536 csp.
481 499 508 532 4,
528 501 654 528 exsilium
669 500 719 527 sibi
740 507 755 527 a
771 499 875 528 Joanne
891 501 1051 535 postulatum

269 544 354 573 fuisse
371 550 398 573 et
417 546 606 581 impetratum;
621 545 733 573 minime
748 551 836 574 tamen
848 554 877 574 se
891 547 918 574 in
928 546 1051 574 exsilium

270 591 354 619 fuisse
370 591 523 625 depulsum.

306 636 341 664 Χ.
355 636 481 664 Rufinum
493 637 593 664 interea
611 636 669 664 haec
683 645 789 672 quoque
803 637 946 665 discordiae
960 643 1053 665 conta-

272 683 315 717 gio
330 683 438 716 infecit;
461 691 522 710 nam
545 691 605 710 cum
624 684 705 711 semel
718 684 838 711 haustam
860 684 986 720 Origeuis
1004 686 1052 711 do-

270 728 384 754 ctrinam
397 728 422 753 in
437 727 496 754 sinu
508 726 619 761 foveret,
636 728 756 755 eamdem
777 729 803 755 in
820 727 923 757 Joanne
950 735 977 756 et
991 729 1052 756 Pal-

272 772 354 804 latlio,
371 773 485 807 aliisque
499 778 677 809 oppugnatam
693 774 820 802 defendit.
839 775 907 802 llinc
933 775 996 802 illud
1010 780 1052 803 est

272 817 412 852 Epipltattii
427 818 452 845 in
467 819 580 853 cpistola
594 819 627 846 ad
644 819 771 847 Joannem
784 819 911 852 Jerosol.,
927 828 987 855 cap.
1003 821 1020 848 4
1043 831 1049 848 :

1102 229 1183 257 nymo
1200 230 1231 250 ac
1244 223 1341 250 dicenti
1359 232 1365 249 :
1386 232 1395 248 ε
1415 223 1442 249 Si
1465 222 1567 256 legatus
1580 228 1620 253 es,
1640 220 1723 247 redde
1747 219 1880 254 legationis

1101 268 1246 303 epistolas;
1259 269 1280 296 si
1295 268 1422 304 epistolas
1435 276 1486 295 non
1500 268 1595 300 habes,
1610 267 1749 302 quomodo
1770 266 1880 302 legatum

1102 318 1129 341 te
1153 314 1296 348 probabis?
1315 323 1325 340 ι
1343 313 1444 342 litteras
1460 314 1567 349 quidem
1591 315 1624 340 ad
1646 320 1709 341 eum
1733 313 1835 340 habere
1854 320 1882 340 se

1103 359 1252 394 respondit,
1267 363 1388 393 rogatum
1406 366 1436 387 se
1449 364 1535 389 tamen
1548 366 1563 385 a
1579 358 1683 386 Joanne
1701 365 1736 385 ne
1751 358 1882 386 redderet.

1101 404 1140 432 Ita
1163 404 1264 432 favoris
1289 404 1316 432 in
1331 404 1440 433 alteram
1466 409 1569 440 partem
1592 405 1748 440 suspicione
1774 404 1881 438 injecta.

1102 457 1176 486 spem
1193 450 1268 485 pacis
1281 450 1404 485 peremit,
1420 457 1502 485 reque
1520 450 1616 478 infecta
1639 449 1774 478 discessit.
1796 449 1883 479 Disce-

1102 496 1174 524 denti
1186 497 1342 532 Apologiam
1356 504 1404 531 pro
1420 504 1466 524 sua
1482 505 1563 525 causa
1579 498 1613 524 ad
1627 497 1806 531 Theophilum
1827 502 1883 524 tra-

1103 542 1310 574 diditJonnnes,
1331 541 1406 576 cuius
1420 542 1597 570 lucubratimti
1618 542 1779 570 interfuerat
1802 542 1883 571 Isido—

1102 594 1158 620 rus,
1178 592 1205 615 et
1216 595 1325 622 operam
1344 595 1419 616 suam
1436 588 1600 621 contulerat;
1614 597 1623 614 ι
1641 594 1670 615 ut
1690 589 1761 617 idem
1772 594 1854 621 esset,
1872 599 1882 615 ι

1102 634 1139 661 ait
1158 633 1346 670 Hieronymus,
1364 635 1442 669 epist.
1458 635 1502 668 61,
1518 642 1578 669 cap.
1592 634 1610 662 2
1621 640 1649 662 et
1666 635 1711 667 I5,
1730 644 1740 661 ι
1756 640 1784 662 et
1802 635 1885 663 dicta-

1103 683 1146 706 tor
1159 684 1187 706 et
1204 679 1308 712 baiulus
1325 679 1485 708 litterarum.
1500 690 1510 706 ι
1528 679 1671 708 Maximam
1702 680 1811 708 interim
1830 681 1883 708 fra-

1103 728 1173 752 trum
1193 725 1400 758 multitudinem,
1420 730 1448 753 et
1461 726 1653 754 monachorum
1670 726 1770 754 choros
1789 727 1815 754 in
1834 726 1884 753 Pa-

1102 769 1205 798 lestina
1219 770 1269 797 sibi
1287 778 1339 798 non
1353 771 1582 803 communicantes
1604 771 1698 801 (verba
1711 777 1776 799 sunt
1792 767 1884 799 Hiéro-

1103 815 1187 851 nymi)
1202 815 1278 851 quasi
1289 816 1380 843 hostes
1393 815 1514 851 publicos
1524 816 1665 843 aestimavit
1680 815 1815 851 Joannes;
1827 823 1885 844 cum

274 872 284 889 ς
299 861 338 890 Te
354 867 453 895 autem,
469 863 561 897 frater,
573 863 669 891 liberet
684 865 763 897 Deus,
779 870 806 893 et
821 870 943 893 sanctum
961 853 1052 900 βορι.-
1067 859 1088 886 Β
1102 862 1135 889 ad
1151 861 1209 896 ejus
1226 861 1410 897 refugiendam
1426 862 1640 889 communionem
1669 853 1814 896 Epiphanii
1830 870 1885 890 mo-

270 908 325 935 lum
347 908 448 936 Chriin
462 910 507 943 qui
524 909 572 936 tibi
587 910 706 937 creditus
725 914 825 942 est,-ct
843 918 936 938 omnes
956 911 1052 940 fratres

270 954 315 988 qui
330 960 416 982 tecum
427 959 499 987 sunt,
512 959 540 982 et
551 955 666 982 maxime
680 955 804 982 Rufinum
818 957 1002 992 presbyterum
1019 959 1052 986 ab

272 999 366 1027 ita-sesi
377 1000 512 1034 Origeuis,
523 1005 551 1028 et
568 1000 602 1027 ab
615 999 676 1027 aliis
690 1001 837 1029 hmresibus
864 1008 891 1030 et
904 1003 1053 1037 perditione

270 1052 373 1072 earum.
394 1054 404 1072 ι
423 1045 476 1073 Nec
491 1047 570 1073 aliam
586 1047 621 1074 ob
636 1054 744 1074 causam
758 1055 771 1074 a
787 1048 902 1075 conflata
916 1049 972 1083 jam
990 1050 1052 1078 inde

271 1096 286 1116 a
307 1089 397 1117 multis
410 1091 488 1118 annis
509 1098 570 1119 cum
586 1090 748 1127 llierOuymo
765 1093 963 1122 necessitudine
977 1094 1053 1122 Bull-

273 1143 325 1162 nus
341 1135 448 1164 defecit.

305 1181 352 1209 XI.
366 1181 616 1217 lngravescentibus
641 1182 666 1210 in
682 1182 739 1210 dies
767 1182 897 1212 Joannem
917 1184 1054 1222 Jerosoly-

272 1227 401 1254 mitattuut
415 1227 484 1255 inter
496 1233 522 1255 et
533 1228 709 1263 Epiphanium
720 1229 798 1263 odiis,
806 1235 895 1258 tantos
907 1232 1053 1258 amicorum

273 1276 362 1300 motus
373 1280 543 1308 compescere
558 1274 659 1301 studuit
673 1275 822 1303 Archelaus
842 1282 943 1308 comes,
957 1276 1008 1308 vir,
1026 1281 1055 1303 ut

272 1318 309 1345 ait
334 1317 524 1353 Hieronymus,
553 1328 564 1345 ‹
586 1320 779 1349 disertissimus
809 1326 836 1348 et
861 1321 1053 1350 christianissi<

274 1370 343 1390 mus.
368 1373 378 1389 ι
395 1363 497 1391 Placuit
516 1365 542 1392 in
563 1365 668 1400 primis,
683 1371 712 1394 ut
730 1367 854 1401 quoniam
877 1367 981 1395 violatae
994 1367 1054 1395 fidei

271 1409 390 1443 suspicio
417 1411 564 1444 peperisset
589 1411 760 1445 discordiam,
787 1412 906 1447 ejusdem
924 1412 1055 1448 professio

272 1454 343 1481 viam
361 1455 394 1482 ad
410 1456 580 1483 concordiam
595 1457 722 1484 muniret.
736 1457 868 1485 Condicto
892 1459 1002 1490 traderis
1013 1459 1054 1485 lo-

272 1507 315 1533 co,
329 1504 356 1527 et
367 1499 422 1534 jam
436 1505 530 1528 coacto
540 1502 743 1535 monachorum,
756 1503 923 1538 aliorumque
932 1504 1053 1539 complu-

273 1545 437 1577 riuutcoalu,
453 1553 521 1572 unus
548 1546 754 1581 exspectabatur
780 1547 914 1580 Joannes,
935 1556 994 1576 cum
1011 1549 1053 1577 ille

272 1590 435 1618 mulierculae
459 1591 549 1618 nescio
568 1590 645 1625 cujus
660 1593 781 1619 morbqu
795 1599 935 1627 causatus,
954 1602 1010 1622 rent
1026 1595 1053 1622 in

271 1636 343 1663 aliud
358 1636 462 1663 distulit
478 1641 592 1671 tempus,
622 1638 794 1672 monentique
818 1639 959 1671 Archelao,
980 1645 1008 1667 et
1019 1640 1054 1667 ad

272 1681 461 1716 paciscendum
475 1681 611 1714 invitanti,
625 1683 718 1710 eadem
734 1692 797 1711 usus
813 1685 987 1714 excusatione
1001 1694 1053 1713 non

271 1727 371 1761 paruit.
383 1727 451 1754 Tum
466 1734 530 1755 vero
543 1728 622 1755 oilicii
637 1730 678 1756 sui
695 1737 756 1757 esse
773 1732 879 1758 censuit
891 1730 1054 1767 Theophilus

270 1771 469 1800 Alexandrinus
495 1772 626 1801 laboranti
650 1774 776 1802 Ecclesia:
802 1783 973 1810 succurrere;
997 1776 1055 1804 sive

271 1818 342 1844 fama
360 1818 504 1852 excitatus,
528 1820 597 1853 θίγε,
611 1821 682 1854 quod
698 1821 786 1855 potius
797 1822 966 1856 crediderint,
985 1822 1055 1850 invi-

273 1868 344 1890 tatus
354 1872 368 1890 a
383 1863 497 1891 Joanne.
515 1865 643 1892 Isidorunt
661 1866 753 1900 itaque
767 1867 974 1894 Alexandrinum
992 1875 1055 1902 pre-

271 1909 411 1943 sbyterum
421 1917 453 1936 ac
469 1911 640 1942 monachum,
655 1912 762 1946 pietatis
778 1912 848 1939 fama
870 1913 1054 1947 conspicuum,

273 1953 389 1989 legatum
401 1955 434 1981 ad
448 1954 590 1988 Joannem,
605 1957 736 1991 aliosque,
754 1958 933 1985 sedandarum
945 1964 1055 1987 conten-

273 1999 375 2026 tionutn
391 2007 471 2026 causa
487 2000 570 2028 mittit
594 2009 654 2028 cum
675 2001 780 2034 litteris,
808 2003 906 2036 quibus
932 2002 1055 2035 incensos

273 2044 378 2071 animos
401 2044 524 2078 delinire,
539 2050 566 2073 et
591 2047 616 2073 in
641 2047 753 2082 gratiam
775 2048 903 2074 reducere
924 2050 1054 2077 tentabat.

275 2088 373 2116 Verum
400 2098 448 2117 sua
474 2098 536 2125 spes
559 2091 737 2128 Theophilum
754 2095 831 2130 longe
847 2095 955 2128 fefellit;
975 2103 1055 2129 quem

273 2136 345 2162 enim
372 2136 533 2171 allegaverat
553 2137 696 2172 lsidorum,
718 2148 807 2167 merus
819 2147 879 2168 erat
893 2141 1054 2176 Origeuista,

273 2180 433 2215 Origeuistis
445 2181 546 2215 favens,
558 2185 697 2212 turbandis
712 2186 791 2213 rebus
804 2195 882 2221 quam
896 2195 1056 2222 componen-

273 2227 315 2254 dis
326 2228 428 2262 aptior;
447 2236 508 2256 natu
522 2234 585 2257 ante
604 2235 659 2258 tres
672 2239 778 2259 menses
796 2241 875 2267 quam
894 2235 996 2261 veniret
1007 2234 1054 2262 Je-

274 2274 445 2307 rosolymant,
458 2274 560 2303 litteras
582 2277 693 2304 dederat
706 2279 740 2306 ad
759 2278 926 2306 Vincentium
943 2282 1054 2316 presby-

275 2322 372 2350 terunt,
387 2319 484 2352 quibus
496 2327 557 2347 eutn
574 2326 603 2348 ut
619 2322 644 2348 in
661 2323 809 2350 orthodoxa
825 2324 886 2356 Iide,
907 2324 957 2351 hoc
972 2326 1053 2352 estin

273 2362 451 2398 Origenisnto,
465 2372 650 2399 perseveraret
664 2369 838 2402 hortabatur;
858 2370 1010 2398 adfuturum
1024 2379 1053 2398 se

274 2411 427 2444 propediem
450 2411 483 2437 ad
506 2418 606 2440 cuneos
627 2414 839 2445 adversariorum
865 2416 1051 2449 proterendos.

277 2455 361 2483 Verba
376 2462 438 2483 sunt
450 2456 603 2494 llietonymi
616 2460 693 2494 epist.
703 2460 748 2494 61,
759 2461 793 2488 ad
808 2460 976 2494 Pamntach.,
991 2469 1050 2497 cap.

274 2500 319 2533 15,
336 2500 412 2535 cujus
438 2502 550 2537 vestigia
572 2509 696 2532 accurate
712 2505 908 2540 persequimur.
934 2506 980 2534 Sic
991 2513 1055 2542 ergo

275 2546 411 2573 animatus
425 2549 551 2582 egregius
575 2549 618 2576 ille
641 2551 715 2584 pacis
741 2555 891 2586 sequester,
912 2551 1054 2586 Joannem,

275 2591 393 2626 aliosque
406 2592 582 2621 dissensionis
601 2595 678 2628 hujus
702 2597 844 2631 participes
867 2597 933 2629 adit,
947 2596 1057 2632 legatio-

275 2644 391 2672 nemque
405 2645 480 2664 suam
498 2638 642 2668 renuntiat.
659 2638 692 2666 Et
709 2647 799 2674 pacettt
816 2641 986 2669 conciliasset
998 2641 1055 2669 for-

276 2686 357 2714 tasse,
371 2682 393 2709 si
408 2690 460 2710 tton
471 2683 588 2710 animum
601 2683 761 2720 Origenismi
780 2684 913 2714 fermento
924 2686 1055 2715 imbutum

276 2727 453 2761 prodidisset;
469 2736 530 2756 cum
543 2730 613 2757 enim
628 2731 757 2758 doctrinae
773 2732 835 2759 huic
850 2731 982 2762 infensum
995 2732 1056 2761 Hie-

279 2779 418 2806 rouyutum
447 2782 505 2802 esse
519 2776 610 2808 sciret,
639 2776 735 2804 iterum
755 2778 859 2812 quidem
874 2785 906 2805 ac
921 2779 1000 2806 tertio
1022 2779 1055 2806 ad

278 2826 340 2847 eum
359 2821 498 2854 Theophili
521 2823 628 2852 nom-ine
651 2825 777 2858 accessit,
792 2825 949 2854 commissas
965 2830 1054 2853 autent

1103 908 1160 935 nitu
1176 907 1289 936 fuissent
1306 908 1448 943 compulsi.
1466 908 1633 944 Responsum
1645 914 1779 943 pra'terea
1793 910 1827 937 ad
1840 918 1885 936 su-

1102 962 1152 990 pra
1167 960 1341 982 memoratam
1359 955 1498 990 Epiphanii
1514 954 1655 989 epistolam
1676 955 1745 982 dare
1758 955 1886 989 dedigna-

1104 1004 1156 1032 tus,
1173 1000 1283 1035 legatos,
1304 1000 1375 1035 quod
1396 1000 1470 1035 prius
1495 1000 1750 1033 minitatusfuerat,
1764 1007 1886 1035 quaqua-

1103 1054 1198 1074 versus
1206 1047 1294 1079 mittit,
1303 1047 1348 1081 qui
1357 1046 1538 1074 accusatorias
1550 1046 1576 1073 in
1590 1045 1771 1080 Epiphaniqu
1784 1046 1886 1073 litteras

1104 1093 1137 1120 ad
1150 1093 1328 1128 Theophilum
1352 1094 1562 1122 Alexandrinum
1585 1102 1601 1122 a
1616 1102 1645 1122 se
1659 1093 1829 1127 conscriptas
1841 1099 1887 1127 per

1104 1143 1187 1166 totum
1198 1139 1289 1167 orbem
1304 1140 1522 1172 disseminarent,
1539 1140 1585 1167 sed
1600 1140 1626 1167 in
1650 1139 1799 1167 Occidente
1808 1138 1887 1173 potis-

1102 1185 1210 1217 simum,
1225 1185 1333 1220 quibus,
1359 1191 1386 1212 ut
1408 1185 1526 1220 loquitur
1544 1185 1722 1220 Hieronymus
1745 1184 1826 1218 epist.
1843 1184 1886 1215 ϐξ,

1103 1239 1163 1266 cap.
1185 1232 1220 1264 3,
1238 1231 1448 1260 Occidentalium
1475 1231 1644 1259 sacerdotum
1669 1237 1752 1257 aures
1767 1237 1886 1257 commo-

1104 1282 1188 1305 veret.

1139 1322 1195 1352 XII.
1206 1322 1258 1354 .-His
1271 1323 1376 1351 excitus
1389 1322 1588 1355 Pammachius,
1601 1321 1686 1349 Roma
1693 1320 1886 1356 Hieronymum

1104 1374 1181 1405 rogat
1191 1376 1245 1403 per
1259 1368 1372 1401 litteras,
1387 1373 1417 1396 ut
1429 1369 1557 1404 quoniam
1571 1368 1718 1395 multorum
1734 1369 1839 1394 animos
1862 1366 1887 1393 in

1104 1415 1210 1443 diversa
1234 1414 1404 1444 distrahebat
1419 1415 1476 1442 haec
1490 1414 1641 1445 altercatio.
1660 1412 1808 1448 Epiphanii
1825 1419 1884 1440 cau-

1104 1468 1161 1491 sam
1176 1461 1246 1492 aliis.
1262 1460 1323 1488 aliis
1334 1459 1444 1487 Joannis
1459 1459 1607 1492 tuentibus,
1621 1466 1698 1486 suam
1714 1459 1772 1494 ipse
1785 1462 1888 1486 senten-

1106 1507 1169 1535 tiam
1185 1511 1364 1541 expromeret.
1380 1505 1480 1533 Morem
1492 1505 1575 1539 gessit
1589 1505 1783 1540 Hieronymus,
1799 1511 1831 1532 ac
1848 1504 1885 1531 Iu-

1103 1551 1208 1579 culeuta
1224 1551 1406 1586 responsione.
1418 1558 1489 1578 anno
1515 1549 1616 1578 Christi
1636 1550 1689 1577 593
1704 1550 1778 1583 data,
1800 1557 1885 1578 veram

1103 1605 1135 1624 ac
1145 1597 1289 1632 genuinam
1299 1596 1479 1625 contentionis
1492 1603 1601 1623 causam
1613 1602 1676 1623 esse
1690 1595 1823 1628 ostendit,
1837 1602 1886 1622 non

1103 1642 1252 1671 Pauliniani
1276 1643 1521 1674 consecrationem,
1547 1648 1628 1676 quam
1656 1641 1806 1668 iracundia!
1835 1648 1888 1667 suat

1103 1688 1219 1716 Joannes
1240 1688 1433 1724 praetendebat,
1455 1688 1502 1715 Sed
1518 1686 1731 1722 Origenismum.
1749 1694 1830 1722 quem
1857 1686 1887 1713 ad

1104 1740 1165 1763 octo
1177 1739 1330 1763 revocatum
1350 1734 1438 1769 capita
1456 1733 1549 1762 Joanni
1564 1733 1699 1767 objectmu
1715 1732 1802 1761 fuisse
1826 1740 1888 1759 nar-

1104 1785 1156 1813 rat.
1182 1787 1198 1808 e
1222 1780 1320 1816 quibus
1337 1781 1387 1808 tria
1415 1785 1518 1807 tantum
1539 1779 1706 1814 purgaverit.
1728 1779 1819 1813 Atque
1834 1779 1888 1805 base

1104 1826 1246 1861 diligenter
1261 1825 1349 1853 notari
1366 1825 1459 1860 jubeo,
1477 1829 1507 1852 ut
1529 1825 1590 1852 inde
1603 1824 1819 1859 Origcnistarum
1842 1825 1889 1851 hu-

1102 1872 1147 1908 jus
1160 1873 1247 1900 aetatis
1257 1872 1378 1900 doctrina
1392 1876 1419 1899 et
1433 1872 1556 1906 dogmata
1569 1871 1595 1897 in
1607 1870 1794 1898 controversia
1806 1870 1887 1907 posita

1104 1917 1221 1953 spectari
1235 1917 1348 1952 possint.
1361 1917 1479 1944 Primum
1504 1915 1568 1943 illud
1581 1920 1640 1948 est;
1661 1923 1712 1943 nec
1735 1915 1833 1943 Filium
1852 1916 1888 1940 vi-

1104 1964 1170 1991 dere
1188 1970 1267 1998 posse
1289 1961 1408 1995 Patrem,
1433 1968 1483 1989 nec
1495 1961 1624 1996 Spiritum
1645 1961 1739 1989 videre
1751 1968 1833 1996 posse
1848 1960 1886 1987 I-‘i-

1105 2008 1169 2036 lium
1182 2017 1189 2040 ;
1203 2008 1363 2040 secuttdum,
1378 2007 1494 2034 animam
1512 2011 1621 2040 propter
1641 2012 1752 2041 peccata
1781 2013 1799 2033 e
1823 2007 1886 2033 cosio

1106 2054 1190 2081 fuisse
1198 2054 1224 2082 in
1239 2061 1348 2088 corpus,
1360 2053 1400 2081 sic
1409 2058 1534 2087 tanquam
1546 2053 1572 2079 iu
1584 2059 1722 2079 carcerem
1739 2052 1885 2087 dejecta;

1106 2101 1227 2132 tertiunt,
1241 2100 1358 2127 futurum
1375 2103 1405 2126 ut
1424 2098 1557 2126 diabolum
1572 2102 1600 2125 et
1612 2098 1750 2136 dminones
1769 2103 1887 2132 peccato

1106 2153 1164 2173 runt
1175 2144 1319 2180 aliquando
1334 2143 1476 2178 potniteat,
1486 2148 1514 2171 et
1527 2151 1587 2170 cum
1605 2143 1707 2171 sanctis
1717 2143 1746 2171 in
1761 2143 1834 2171 ctelo
1850 2152 1887 2170 re-

1105 2195 1202 2225 gnent;
1217 2194 1357 2225 quartum,
1376 2189 1508 2217 Adamum
1519 2193 1548 2216 et
1562 2187 1647 2216 Evam
1663 2194 1728 2216 ante
1746 2194 1885 2224 peccatum

1105 2244 1217 2270 corpore
1231 2236 1361 2269 caruisse,
1376 2237 1493 2265 humana
1515 2241 1605 2264 autem
1634 2242 1751 2270 corpora
1771 2236 1807 2262 iis
1834 2240 1885 2270 pint

1107 2286 1245 2316 peccatum
1266 2281 1456 2317 circumposita
1477 2282 1573 2311 tunicis
1589 2281 1707 2317 pelliceis
1722 2282 1886 2317 signiﬁcari;

1106 2327 1240 2361 quintum,
1267 2334 1376 2355 carnem
1401 2328 1555 2362 neutiquam
1577 2328 1740 2356 suscitatum
1768 2327 1815 2359 iri,
1840 2335 1886 2354 non

1106 2373 1225 2400 membra
1247 2373 1335 2401 denuo
1352 2373 1506 2406 simulesse
1518 2373 1723 2408 compingeuda.
1749 2381 1821 2402 sexu
1846 2373 1887 2401 ho-

1106 2419 1192 2446 mines
1214 2419 1320 2453 penitus
1341 2419 1489 2451 carituros;
1520 2425 1638 2451 sextum,
1655 2419 1819 2454 paradisum
1840 2425 1888 2446 ter-

1106 2468 1219 2491 restrem
1232 2463 1376 2497 allegorice
1395 2463 1595 2498 intelligendum
1608 2471 1616 2496 ;
1630 2463 1792 2498 septimum,
1808 2471 1888 2498 aquas

1106 2516 1165 2543 quae
1191 2516 1272 2543 super
1283 2509 1382 2536 ctelum
1407 2509 1434 2537 in
1450 2509 1589 2544 Scriptura
1605 2517 1665 2543 esse
1682 2509 1826 2542 dicuntur,
1846 2517 1887 2535 an-

1107 2554 1181 2588 gelos
1194 2561 1266 2585 esse,
1280 2561 1340 2588 qua:
1355 2561 1435 2588 supra
1468 2559 1493 2582 et
1514 2553 1581 2581 infra
1598 2559 1710 2587 terram,
1736 2556 1886 2585 daemones;

1107 2604 1285 2634 postremum,
1300 2600 1444 2634 imaginem
1459 2599 1505 2627 Dei
1517 2600 1654 2635 peccando
1668 2601 1812 2628 hominem
1826 2601 1888 2627 ami-

1107 2647 1185 2675 sisse.
1202 2645 1322 2674 Plurima
1340 2651 1469 2680 praeterea
1490 2645 1559 2674 lcetu
1574 2645 1653 2680 digna
1668 2645 1754 2673 habet
1767 2646 1827 2673 haec
1841 2645 1888 2681 epi-

1103 2692 1182 2724 stola,
1198 2692 1221 2720 si
1236 2692 1297 2727 quis
1312 2696 1464 2723 accuratam
1479 2696 1629 2726 temporum
1643 2691 1754 2719 illorum
1769 2693 1885 2720 notitiam

1104 2737 1232 2772 consequi
1251 2737 1334 2772 cupit.
1353 2737 1381 2764 Id
1403 2737 1537 2772 prmcipue
1560 2736 1712 2765 manifestis
1740 2739 1884 2766 rationibus

1104 2782 1261 2816 comprobat
1275 2781 1462 2816 Hieronymus,
1476 2781 1547 2815 quod
1559 2781 1687 2815 diximus,
1706 2789 1772 2810 ante
1785 2783 1884 2810 ordina-

1105 2831 1161 2854 tum
1184 2826 1382 2860 Paulinianum,
1403 2827 1457 2861 jam
1475 2826 1599 2862 Origcnis
1613 2835 1696 2856 causa
1713 2829 1843 2857 Joannem
1859 2833 1881 2855 et
