1927 3076
79 133 151 163 “9.9

511 137 792 169 ORIGENIANORUM
811 141 874 171 LIB.
896 140 927 175 ll,
947 141 1022 170 CAP.
1042 142 1086 175 IV,
1108 139 1203 170 SECT.
1224 139 1245 169 l.

1627 141 1695 173 H30

77 192 259 228 Epiphanlum
280 192 349 221 inter
364 201 392 221 se
409 193 492 222 fuisse
513 196 665 226 altercatus.
681 198 857 232 Quamobrem
874 202 896 230 Α
910 200 988 228 Certe
1004 200 1037 227 ab
1055 200 1096 228 his
1110 197 1322 226 dissensionibus
1337 199 1455 226 animum
1474 199 1565 234 procul
1586 200 1628 228 hic
1646 201 1696 228 ha-

78 240 232 267 llalloxium
265 240 359 272 miror,
387 246 414 268 et
446 244 608 271 recentiores
637 246 784 280 quosdam,
813 249 858 282 qui

76 286 212 319 nodieque
226 286 424 320 contradicunt,
442 295 491 315 nec
508 288 662 325 Hieronymi
678 292 764 319 solum
785 293 860 320 testi-

76 331 199 359 monium
224 331 300 359 ﬂocci
325 331 435 366 faciant,
464 334 510 360 sed
536 339 562 362 et
581 335 731 371 Epiphanii,
752 338 798 372 qui
822 338 858 366 ita

74 376 209 404 Joannem
233 377 379 412 alloquitur
396 387 403 405 :
423 387 432 404 ι
453 378 535 406 Video
555 380 627 408 cnim
651 382 722 416 quod
751 388 860 417 propter

75 421 150 449 hanc
162 429 271 449 causam
289 422 378 450 omnis
395 427 481 450 vestra
502 424 650 459 indignatio
665 426 797 454 concitata
813 427 858 460 sit,

74 468 150 502 quod
161 467 274 494 dixerint
290 467 374 500 vobis,
390 468 446 495 Arii
459 473 571 503 patrem,
587 469 727 506 Origenem
745 473 857 507 scilicet,

73 518 104 540 et
119 513 234 540 aliarum
249 514 386 541 haereseon
401 514 518 542 radicem
541 520 567 542 et
585 522 723 552 parentem
751 517 859 546 laudare

75 567 130 587 non
144 559 256 587 debetis.
277 559 310 586 Et
326 567 387 587 cum
405 568 453 587 vos
466 568 601 596 rogarem,
616 570 649 590 ne
665 563 700 590 ita
718 564 859 598 erraretis,

73 609 104 631 et
119 612 268 638 monerem,
286 605 498 638 contradixistis,
514 611 539 633 et
559 615 601 635 me
624 608 656 635 ad
674 608 810 636 tristitiam
832 613 859 636 et

73 649 211 685 lacrymas
230 650 380 678 adduxistis
401 658 409 677 :
430 659 483 679 non
495 653 580 680 solum
594 658 683 681 autem
703 662 755 687 me,
770 654 816 682 sed
832 660 859 682 et

72 695 144 723 alios
158 696 289 730 plurimos
312 697 470 731 catholicos,
493 699 538 733 qui
553 699 711 726 intererant.
734 699 807 732 Inde,
829 704 859 728 ut

74 741 207 776 intelligo,
225 742 282 770 haec
298 747 339 770 est
359 743 447 772 omnis
475 745 633 780 indignatio,
655 749 682 772 et
697 745 748 773 iste
765 745 857 780 furor;

72 792 104 815 et
126 788 228 815 idcirco
259 789 471 822 connninamini,
493 790 563 824 quod
585 791 699 818 mittatis
716 791 857 818 adversum

74 843 121 862 me
136 835 273 869 epistolas,
297 840 327 863 ut
340 835 392 863 huc
408 835 523 871 illucque
540 844 629 864 sermo
646 842 735 865 vester
755 837 859 865 discur—

914 245 981 278 buit,
997 251 1083 278 neque
1094 244 1206 270 multum
1229 251 1287 271 sese
1301 243 1461 279 interposuit
1483 244 1695 279 Origcnislamm

913 291 992 318 rebus
1012 299 1019 317 :
1036 297 1144 318 errores
1175 290 1304 318 duntaxat
1335 290 1490 318 Adamantii
1515 299 1564 326 pro
1587 298 1615 319 re
1632 297 1696 321 nata

913 336 1087 370 impugnavit,
1101 335 1172 362 velut
1189 335 1214 362 in
1229 335 1305 362 libris
1321 335 1358 362 De
1373 336 1474 363 civitate
1488 336 1545 363 Dei.
1564 337 1696 374 Hierony-

912 389 983 408 mum
999 385 1087 409 autem
1107 381 1140 408 ad
1156 380 1385 415 redintegrandam
1407 388 1467 408 cum
1487 381 1584 409 Rufino
1600 383 1695 411 amici~

913 427 977 453 tiam
995 426 1072 454 valde
1087 426 1207 453 hortatus
1217 429 1267 452 est.

946 471 1003 500 XV.
1015 472 1092 499 Anno
1105 479 1120 499 a
1131 471 1230 499 Christi
1242 476 1303 498 ortu
1317 469 1377 504 397,
1392 476 1451 506 post
1471 472 1562 508 viginti
1576 473 1694 509 quinque

912 524 1041 544 annorum
1052 516 1244 544 discessionem
1259 515 1372 543 Romam
1388 524 1492 544 reversa
1509 522 1549 545 est
1568 518 1691 553 Melania.

912 561 1009 589 Rufino
1036 562 1163 588 itinerum
1188 561 1261 588 socio
1292 561 1429 589 comitata.
1454 561 1568 590 Causam
1591 565 1694 595 reditus

911 615 970 635 eam
984 607 1067 635 fuisse
1077 608 1142 635 dicit
1158 605 1293 635 Palladius
1307 614 1314 634 :
1327 607 1466 634 Melanium
1484 613 1589 644 neptem
1604 617 1693 645 suam,

911 652 1015 680 Piniani
1041 660 1162 686 uxorem,
1189 654 1352 687 nuptiarum,
1372 654 1516 689 mundique
1539 660 1692 690 perta'sam,

911 698 1019 726 Christo
1032 699 1163 734 reliquum
1175 699 1237 727 vitte
1248 707 1407 728 consecrare
1420 700 1487 728 velle
1502 708 1561 728 cum
1575 703 1695 736 accepiso

911 749 961 777 set,
983 745 1097 772 veritam
1118 745 1251 772 seniorem
1279 753 1312 773 ne
1329 746 1355 773 in
1375 754 1517 780 perversos
1532 747 1694 775 secessionis

910 796 966 817 suae
981 790 1061 817 duces
1081 791 1168 825 neptis
1181 798 1229 817 sua
1250 791 1391 822 incideret,
1410 790 1520 819 Romam
1542 792 1694 828 advolasse,

910 841 1024 869 eamque
1039 835 1157 862 consiliis
1172 835 1316 869 adiuvisse.
1344 836 1430 863 Aliam
1453 836 1558 864 itineris
1585 845 1694 865 causam

72 885 130 908 rat.
156 890 166 906 ι
186 881 306 915 Denique
334 882 500 916 propositum
526 882 580 909 sibi
604 889 665 910 esse
685 882 805 910 declarat
831 883 857 910 in
874 881 1030 916 Bassignat
1063 880 1213 914 Baronius,
1248 881 1360 909 Romam
1405 890 1500 917 nempe
1533 883 1696 919 Origenisml

73 927 170 954 eadem
185 927 299 961 epistola
311 927 498 962 Hieronymus,
508 935 588 963 opere
597 928 723 963 peculiari
735 930 859 965 dogmata

71 971 202 1007 Origenis
212 973 374 1000 convellere.

109 1028 180 1056 Xlll.
194 1029 303 1057 Veritus
315 1031 416 1058 interea
431 1039 465 1059 ne
477 1031 574 1061 litteris
587 1032 711 1067 Joannis,
725 1039 753 1062 et
765 1035 859 1064 lsidori

72 1074 335 1104 insusurrationibus
349 1082 494 1113 occupatus
511 1078 650 1113 Theophili
673 1081 779 1109 animus
791 1081 860 1110 male

74 1122 108 1149 de
119 1122 329 1150 orthodoxorum
346 1131 427 1151 causa
439 1125 560 1157 sentiret,
571 1133 676 1160 aequum
689 1127 861 1162 duxitgesta-

73 1176 136 1195 rum
150 1176 240 1196 rerum
255 1169 394 1197 historiam
413 1170 447 1198 ad
468 1178 528 1198 eum
550 1173 727 1207 perscribere,
741 1182 823 1209 seque
834 1179 861 1202 et

73 1214 197 1250 gregales
210 1222 273 1242 suos
288 1216 358 1249 apud
373 1223 433 1243 eum
449 1223 574 1252 purgare.
593 1218 688 1245 Pacem
703 1227 767 1254 ergo
782 1226 860 1255 opta-

74 1267 106 1287 re
117 1267 157 1292 se,
190 1259 223 1286 ad
244 1266 358 1294 eamque
376 1261 570 1289 conciliandam
591 1268 714 1296 paratum
739 1264 861 1294 declarat

73 1313 124 1341 per
148 1306 301 1341 epistolam,
326 1307 482 1341 qute'inter
503 1307 726 1344 Hieronymianas
751 1318 860 1338 numero

78 1351 243 1386 sexagesima
274 1352 390 1379 secunda
418 1352 539 1385 habetur,
564 1358 592 1380 et
618 1355 709 1382 eodem
725 1363 796 1383 anno
809 1356 861 1384 595

75 1397 137 1424 data
150 1401 193 1424 est
213 1405 220 1424 :
239 1397 321 1424 multa
338 1398 434 1426 deinde
449 1399 571 1434 imposita
585 1400 636 1427 sibi
657 1408 672 1427 a
691 1400 794 1430 Joanne
808 1403 861 1430 cri-

76 1443 147 1470 mina
158 1443 296 1477 confutat;
310 1444 336 1470 in
352 1445 449 1479 quibus
462 1446 654 1473 advertendum
669 1451 711 1475 est
723 1447 862 1476 insit-ula-

75 1494 131 1516 tum
153 1497 215 1516 eum
236 1497 251 1516 a
273 1489 386 1523 Joanne,
403 1491 472 1526 quod
493 1490 614 1527 Origenis
631 1500 712 1528 opera
738 1495 859 1529 quaedam

73 1534 171 1562 katine
185 1535 320 1569 vertisset,
338 1537 507 1572 respondisse
524 1547 530 1565 :
548 1547 557 1563 ι
575 1538 630 1566 Hoc
651 1547 704 1566 non
726 1541 798 1568 solus
810 1549 860 1575 ego

71 1582 137 1615 feci,
153 1583 199 1610 sed
218 1588 245 1609 et
264 1583 402 1610 confessor
413 1584 529 1612 Hilarius
543 1585 607 1612 fecit
618 1594 625 1619 ;
638 1591 665 1613 et
679 1591 767 1614 tamen
784 1593 858 1616 nter-

69 1637 125 1664 qne
138 1634 261 1656 nostrum
277 1630 358 1657 noxia
372 1638 483 1665 quaeque
504 1632 666 1660 detruncans
683 1634 755 1661 utilia
772 1639 858 1663 trans-

69 1675 150 1707 tulit;
171 1685 179 1700 ι
194 1679 220 1701 et
229 1675 308 1710 paulo
321 1681 379 1711 post
395 1685 402 1703 :
418 1685 427 1702 ι
444 1676 597 1705 Sieutenim
613 1679 858 1713 interpretationem

69 1727 99 1749 et
116 1723 243 1748 idiomata
259 1722 458 1757 Scripturarum
486 1723 593 1759 Origeni
613 1732 719 1760 semper
737 1727 857 1761 attribui,

71 1768 109 1794 ita
138 1768 293 1802 dogmatum
319 1769 535 1797 constantissime
558 1770 656 1798 abstuli
673 1772 825 1800 veritatem.
846 1783 855 1800 ι

70 1812 110 1840 lit
124 1813 249 1840 ostendat
260 1819 390 1848 pra‘terea
409 1822 488 1849 quam
514 1823 582 1843 vana
605 1821 676 1844 esset
692 1816 803 1845 Joannis
825 1818 859 1846 de

70 1859 224 1887 Pauliniani
237 1860 406 1888 ordinatione
418 1861 536 1896 querela,
551 1863 700 1889 ordinatum
711 1871 771 1890 eum
786 1871 859 1891 asse-

71 1904 110 1930 rit
131 1904 158 1930 in
173 1904 438 1940 Eleutheropolitano
452 1907 598 1939 territorio,
615 1915 667 1934 non
687 1909 712 1935 in
733 1908 857 1937 Eliensi.

70 1950 290 1984 Eloutheropolis
308 1956 395 1978 autem
411 1959 442 1979 ea
454 1957 494 1979 est
510 1952 632 1986 Hebron;
649 1953 733 1987 Elia,
749 1954 859 1984 Jerusa-

70 1997 140 2024 lem.
154 1997 272 2032 Denique
284 2002 422 2032 postquam
434 1998 467 2025 ad
478 1999 676 2032 procurandum
685 2000 734 2027 sibi
746 2001 858 2028 exitium

69 2042 205 2071 Joannem
222 2044 368 2077 laborasse,
381 2048 408 2071 et
424 2044 609 2072 auctoritatem
625 2046 758 2080 publicam
774 2055 805 2074 ac
817 2055 860 2074 re-

71 2089 176 2124 scripta
192 2090 351 2118 sollicitasse
370 2096 480 2125 questus
496 2095 547 2124 est,
559 2099 656 2126 cupere
672 2099 702 2119 se
716 2093 858 2127 signiticet,

71 2140 104 2162 ut
115 2135 258 2163 discordiae
271 2144 365 2164 omnes
382 2136 531 2171 sopiantur.
553 2137 671 2174 Utraque
684 2145 758 2174 parte
770 2140 859 2168 audita

70 2183 217 2209 veritatem
237 2173 380 2218 perspexit
409 2183 582 2219 Theophilus,
604 2173 634 2212 et
654 2173 730 2213 malis
756 2187 860 2215 artibus

70 2236 128 2256 non
143 2228 240 2255 bonam
252 2235 360 2256 causam
376 2237 391 2256 a
407 2229 509 2258 Joanne
527 2231 640 2265 aliisque
653 2231 735 2259 foveri
752 2240 860 2267 compe—
875 2229 897 2256 D

71 2272 160 2305 riens,
173 2271 312 2299 adversam
336 2273 373 2300 ita
398 2274 537 2309 amplexus
551 2280 601 2307 est,
625 2281 654 2302 ut
673 2282 801 2311 utrosque
816 2282 857 2304 ta-

70 2325 138 2344 men
155 2319 188 2344 ad
201 2318 333 2345 sinceram
346 2320 519 2347 concordiam
537 2328 668 2349 revocare
682 2322 822 2357 niteretur,
831 2329 857 2351 et

70 2368 256 2399 repugnantes
267 2364 433 2399 Origenistas
449 2366 564 2394 molliter
578 2375 609 2395 ac
619 2367 734 2403 benigne
747 2369 858 2397 adhibe-

70 2415 127 2437 ret.

110 2465 181 2493 XIV.
197 2466 340 2500 Caeterum,
353 2468 387 2496 ad
411 2469 587 2496 coercendam
612 2471 745 2504 serpentis
765 2470 859 2506 Orige-

71 2513 154 2540 nismi
176 2512 255 2545 luem,
267 2520 394 2548 sequente
409 2522 479 2542 anno
492 2514 669 2550 Hieronymus
681 2516 858 2551 Augustinum

72 2562 176 2595 pietate
194 2559 332 2587 ﬂorentem
353 2565 380 2587 et
398 2561 558 2595 eruditione,
575 2563 683 2597 quicum
698 2563 748 2591 sibi
765 2564 859 2591 notitia

71 2605 164 2639 aliqua
178 2604 377 2639 intercesserat,
390 2608 497 2640 parario
508 2608 602 2643 Alypio
616 2609 773 2644 Tagastensi
786 2614 859 2644 post-

72 2651 186 2678 modum
206 2651 342 2685 episcopo,
357 2652 456 2686 quique
470 2653 526 2687 jam
540 2659 602 2682 ante
618 2658 710 2689 optare
725 2662 755 2682 se
774 2655 858 2690 signi-

73 2697 216 2729 ﬁcaverat,
239 2701 267 2723 ut
282 2696 407 2731 Origenis
420 2704 501 2732 opera
525 2700 558 2726 ab
583 2699 744 2735 Hieronymo
765 2699 859 2727 Latine

72 2742 265 2774 redderentur,
279 2747 370 2769 monet
381 2749 429 2777 per
438 2743 588 2778 epistolam,
605 2752 664 2779 qua:
674 2746 818 2778 intercidit,
831 2749 859 2773 ut

74 2787 102 2814 in
118 2786 244 2821 Origenis
255 2787 446 2821 scriptionibus
460 2793 553 2817 cautus
568 2790 683 2823 incedat,
705 2792 860 2826 approbatis

74 2831 244 2863 melioribus,
258 2832 428 2866 sequioribus
440 2832 564 2868 rejectis;
576 2839 604 2862 at
615 2835 735 2870 Origenis
745 2837 794 2864 sibi
808 2844 858 2864 no-

75 2877 127 2904 tari
143 2884 251 2905 errores
269 2879 441 2912 responsione
455 2887 502 2906 sua
525 2881 687 2915 Augustinus
704 2883 857 2917 postulavit.

199 2926 334 2957 Parnot.
355 2927 413 2960 Gn.
429 2928 524 2959 XVII.

911 926 1054 954 invehendi
1081 927 1209 960 studium,
1236 928 1278 955 cui
1310 928 1432 956 Melaniae
1462 929 1575 963 junioris
1603 937 1695 958 seces-

910 980 955 1001 sus
981 973 1050 1008 apnd
1076 973 1183 1008 vulgum
1213 974 1322 1001 obtentu
1355 975 1444 1002 fuerit.
1468 974 1610 1010 Opinionis
1639 983 1694 1005 suae

911 1024 1048 1047 auctorem
1075 1027 1127 1047 non
1144 1020 1232 1052 dedit;
1247 1020 1411 1055 conjecturis
1427 1025 1529 1048 tantum
1551 1021 1694 1050 obsecutus

910 1069 961 1093 est.

945 1109 1015 1138 XVI.
1030 1111 1115 1139 Simul
1129 1116 1209 1146 atque
1224 1111 1336 1139 Romam
1351 1111 1451 1147 appulit
1467 1111 1591 1145 Rufinus,
1610 1111 1694 1140 libros

911 1156 1038 1192 Origenis
1050 1157 1120 1191 Περὶ
1132 1156 1233 1192 ἀρχῶν
1248 1165 1263 1185 a
1275 1166 1303 1185 se
1314 1157 1454 1185 Lalinitati
1471 1158 1590 1186 redditos
1604 1159 1630 1185 in
1643 1167 1693 1194 pu-

912 1203 1010 1230 blicum
1028 1203 1160 1235 editurus,
1174 1203 1290 1237 priorem
1301 1203 1436 1239 Apologia:
1451 1203 1582 1239 Pamphili
1596 1205 1694 1232 librum

911 1255 1071 1275 conversum
1085 1248 1175 1276 itidem
1192 1256 1206 1275 a
1222 1256 1251 1276 se
1262 1253 1287 1276 et
1300 1249 1503 1284 interpolatum,
1516 1257 1542 1277 et
1553 1258 1605 1277 una
1618 1258 1694 1278 suam

912 1292 950 1319 De
967 1293 1160 1320 adulleratione
1183 1294 1311 1320 librarum
1328 1293 1449 1329 Origenis
1480 1295 1693 1324 lucubrationem

911 1337 1050 1371 pramisit,
1079 1338 1111 1364 ad
1141 1337 1210 1365 viam
1244 1338 1412 1374 Origenismo
1445 1341 1693 1369 communiendam.

913 1381 1062 1418 Utrumque
1078 1383 1188 1412 Macarii
1203 1384 1311 1412 hortatu
1325 1392 1480 1420 aggressum
1492 1394 1521 1414 se
1539 1391 1652 1414 testatur
1666 1387 1694 1415 in

911 1427 1113 1461 praefationibus
1134 1436 1140 1454 :
1156 1434 1183 1456 at
1197 1429 1222 1456 id
1233 1429 1267 1456 ab
1281 1437 1314 1457 eo
1333 1437 1381 1464 per
1395 1431 1591 1459 simulationem
1609 1431 1697 1466 jacta-

918 1476 974 1499 tum
998 1474 1096 1500 asserit
1115 1473 1295 1510 Hieronymus
1316 1475 1424 1510 Apolog.
1442 1476 1489 1504 lib.
1501 1484 1530 1509 ιι,
1546 1484 1605 1512 cap.
1621 1478 1648 1505 5,
1666 1477 1696 1505 In

911 1518 1069 1552 prtefatione
1091 1519 1124 1547 ad
1140 1519 1283 1548 Macarium
1306 1520 1437 1556 Pamphili
1467 1523 1599 1558 Apologia:
1627 1531 1695 1558 prae-

873 1557 894 1586 C
916 1568 999 1598 texta,
1018 1572 1069 1592 non
1085 1566 1198 1593 obscure
1213 1566 1296 1602 tangit
1313 1566 1356 1594 ille
1370 1557 1585 1602 Epiphaniumret
1599 1557 1696 1597 Hiero-

909 1616 1032 1643 nymum,
1057 1617 1119 1637 cum
1147 1611 1181 1638 de
1199 1619 1246 1638 sua
1264 1613 1486 1646 interpretatione
1512 1615 1552 1641 sic
1566 1615 1694 1642 disserit:

911 1663 921 1679 ε
940 1654 1003 1681 Mihi
1042 1660 1131 1682 tamen
1166 1664 1218 1683 non
1243 1657 1334 1685 dubito
1367 1659 1431 1693 quin
1456 1652 1583 1687 offensum
1608 1661 1698 1689 maxi-

909 1707 980 1726 mam
1005 1706 1141 1734 comparet
1167 1709 1269 1735 eorum,
1284 1703 1329 1737 qui
1353 1711 1384 1730 se
1402 1703 1479 1731 lzesos
1497 1710 1589 1739 putant
1605 1706 1638 1733 ab
1651 1713 1695 1739 eo,

909 1745 954 1779 qui
979 1745 1011 1771 de
1028 1745 1143 1780 Origene
1159 1754 1212 1773 non
1231 1747 1330 1782 aliquid
1343 1749 1412 1776 male
1427 1749 1552 1778 senserit.
1573 1760 1583 1777 ι
1605 1751 1694 1786 Atque

909 1789 965 1816 hare
985 1790 1101 1818 similem
1129 1791 1212 1827 ipsius
1238 1795 1459 1828 conquestionem
1483 1796 1509 1822 in
1537 1797 1694 1824 memoriam

909 1842 1046 1870 revocant,
1057 1843 1136 1871 quam
1154 1838 1180 1865 in
1190 1839 1390 1873 perorationem
1403 1841 1436 1867 ad
1447 1841 1695 1876 interpretationem

909 1880 1170 1910 Commentariorum
1184 1884 1306 1918 Origenis
1320 1885 1346 1911 in
1357 1884 1505 1919 Epistolam
1521 1887 1555 1913 ad
1564 1886 1695 1915 Romanos

911 1926 1016 1954 intersit
1034 1936 1040 1953 :
1060 1937 1069 1953 ε
1088 1928 1138 1956 Sed
1159 1929 1314 1962 delectabit,
1327 1931 1422 1966 inquit,
1437 1930 1579 1959 indulsisse
1594 1933 1696 1961 labori-

910 1972 970 2006 bus,
986 1973 1008 2000 si
1021 1975 1099 2002 modo
1111 1982 1174 2007 non,
1190 1980 1218 2002 ut
1238 1976 1264 2003 in
1285 1977 1346 2004 aliis
1363 1978 1465 2012 experti
1481 1985 1587 2011 sumus,
1609 1979 1695 2007 male-

909 2019 975 2046 volm
992 2025 1095 2047 mentes
1107 2021 1204 2056 vigiliis
1226 2022 1324 2050 nostris
1340 2024 1514 2052 contumelias
1531 2025 1654 2060 reddant,
1671 2026 1696 2054 ci

911 2071 962 2090 non
977 2065 1063 2091 studia
1077 2065 1330 2101 obtrectationibus,
1354 2073 1382 2096 et
1396 2069 1502 2097 labores
1521 2078 1695 2099 remuneren-

912 2113 954 2134 tur
976 2109 1090 2137 insidiis.
1115 2111 1218 2139 Novum
1245 2114 1343 2148 quippe
1361 2115 1431 2149 apud
1444 2122 1491 2143 eos
1506 2115 1590 2151 culpa:
1610 2124 1696 2152 genus

911 2154 1046 2187 subimus;
1065 2165 1074 2182 ι
1092 2161 1118 2183 et
1133 2165 1193 2184 mox
1214 2166 1220 2184 :
1237 2168 1245 2184 ι
1265 2158 1321 2186 Hoc
1345 2166 1434 2188 autem
1447 2166 1544 2196 _tolum
1565 2162 1631 2189 mihi
1645 2162 1696 2189 do-

912 2204 987 2230 nant,
1000 2208 1051 2227 non
1066 2208 1157 2229 amore
1171 2205 1232 2235 mei,
1246 2205 1293 2231 sed
1307 2205 1368 2233 odio
1392 2206 1509 2233 auctoris
1538 2207 1615 2241 r_Sed
1635 2207 1696 2234 red—

910 2252 1002 2273 eamus
1021 2246 1054 2273 ad
1064 2247 1198 2283 Apologiw
1214 2250 1406 2284 praefationem.
1425 2251 1568 2287 Postquam
1580 2260 1695 2288 purgan-

912 2290 936 2317 di
952 2291 993 2317 sui
1009 2299 1101 2325 causa,
1116 2294 1188 2320 velut
1211 2295 1406 2329 professionem
1433 2291 1500 2326 fidei,
1511 2299 1624 2326 Ruﬁnus
1638 2301 1695 2327 edi‘

911 2335 951 2362 dit
967 2343 973 2362 :
992 2345 1001 2361 ι
1019 2336 1091 2371 Haec,
1115 2338 1211 2373 inquit,
1235 2340 1411 2378 Jerosolymis
1429 2343 1454 2370 in
1471 2344 1588 2372 Ecclesia
1608 2345 1653 2373 Dei
1679 2353 1696 2373 a

911 2386 1006 2408 sancto
1023 2384 1163 2411 sacerdote
1179 2385 1236 2418 ejus
1249 2385 1351 2414 Joanne
1362 2389 1557 2423 praedicantur;
1577 2391 1633 2418 haec
1646 2399 1695 2418 nus

912 2433 972 2452 cuin
996 2426 1052 2460 ipso
1079 2431 1106 2454 el
1133 2428 1247 2457 dicimus
1275 2436 1303 2458 et
1324 2437 1455 2461 tenemus.
1472 2444 1482 2460 ι
1504 2435 1695 2471 llieronytnutn

912 2471 992 2497 etiam
1018 2471 1060 2499 his
1075 2472 1166 2500 verbis
1189 2474 1302 2503 defricat
1326 2478 1351 2504 in
1372 2486 1421 2506 suo
1442 2480 1480 2506 De
1504 2481 1695 2509 adulteratione

911 2515 1036 2543 librorum
1049 2516 1168 2554 Origenis
1179 2519 1267 2547 libello
1285 2529 1291 2548 :
1312 2530 1321 2547 t
1336 2523 1467 2551 Auctores
1483 2526 1694 2553 obtrectatorum

911 2561 969 2596 ejus
986 2562 1131 2600 (Origenis)
1146 2565 1162 2591 ii
1177 2570 1239 2592 sunt
1258 2568 1302 2601 qui
1319 2568 1361 2595 vel
1376 2569 1402 2595 in
1418 2569 1535 2597 Ecclesia
1557 2572 1696 2605 disputare

911 2607 992 2636 latius
1006 2609 1101 2642 solent,
1116 2610 1156 2639 vel
1171 2612 1250 2639 etiam
1261 2612 1344 2641 libros
1359 2614 1487 2649 scribere,
1501 2616 1545 2651 qui
1563 2622 1647 2643 totum
1662 2619 1696 2643 dc

912 2653 1028 2689 Origene
1048 2656 1089 2683 vel
1101 2656 1256 2692 loquuntur,
1266 2659 1306 2686 vel
1322 2659 1444 2687 scribunt
1458 2670 1465 2687 :
1481 2668 1514 2688 ne
1529 2669 1594 2697 ergo
1605 2662 1695 2696 plures

912 2701 1030 2735 ipsorum
1048 2701 1120 2729 furta
1134 2711 1387 2742 cognoscanthqua:
1414 2707 1517 2742 utique,
1545 2709 1568 2735 si
1597 2709 1695 2744 ingrati

912 2746 938 2773 in
954 2747 1109 2782 magistrum
1130 2757 1182 2777 non
1197 2757 1298 2783 essent,
1311 2760 1479 2788 nequaquam
1495 2754 1640 2789 criminosa
1652 2757 1694 2781 Vi-

912 2791 1048 2826 derentur,
1063 2794 1241 2829 simpliciores
1252 2805 1372 2833 quosque
1387 2800 1421 2827 ab
1435 2799 1494 2834 ejus
1509 2799 1624 2827 lectione
1649 2801 1696 2828 de-

913 2842 1024 2866 terrent.
1045 2850 1055 2866 ι
1068 2840 1135 2868 Nam
1149 2849 1211 2869 cum
1226 2841 1368 2878 Origenem
1394 2846 1508 2874 miriﬁce
1532 2846 1695 2874 celebrasset

911 2885 1089 2922 Hieronymus
1100 2888 1182 2917 etiam
1198 2894 1251 2918 tum
1262 2890 1378 2927 juvenis,
1390 2897 1416 2920 et
1431 2893 1489 2927 plus
1497 2893 1627 2929 quam‘70
1641 2893 1694 2921 ho-

1510 2941 1549 2971 36
