1927 3076
262 124 327 154 llSl

886 129 916 158 P.
933 119 1095 159 DANtELts’
1108 130 1224 159 llUETll

1796 134 1857 160 “3‘2

260 188 391 216 mileticos
412 188 494 222 ipsius
518 187 609 220 libros,
631 188 710 216 multa
734 189 813 216 etiatn
838 190 872 218 de
897 191 976 218 tomis
1009 191 1034 218 in
1051 194 1073 221 Α
1123 191 1203 219 XVII.
1221 192 1254 218 At
1276 191 1461 219 Pammachius
1484 196 1510 218 ct
1529 191 1651 219 Oceanus
1678 191 1712 218 de
1736 192 1812 219 rebus
1835 193 1856 219 in

258 234 415 269 Apostolum
438 234 545 268 scriptis
568 233 664 262 Latine
679 235 849 269 reddidisset,
871 243 904 264 ex
925 235 1037 271 ejusque

258 280 334 307 libris
347 279 560 308 Commentarios
576 287 638 307 suos
649 280 847 314 locupletasset,
861 289 922 308 mox
935 282 961 309 in
976 290 1035 310 eum

257 325 399 351 calcitrare
422 325 514 359 capit.
541 324 701 360 Neutiquam
727 335 789 354 vero
820 327 862 354 bis
892 329 1035 363 perstringi

256 369 447 405 Hieronymum
462 375 538 404 putat
557 370 702 405 l'lalloxius,
714 374 776 407 quia
788 373 844 407 jam
865 375 1035 402 reconciliata

254 415 343 442 luerat
356 416 428 443 inter
444 424 490 444 eos
501 418 598 452 gratia,
609 423 636 445 et
652 419 730 453 paulo
741 420 863 454 superius
879 421 1032 456 Hieronymi

255 469 314 488 cum
327 462 405 489 laude
417 463 575 490 meminerat
588 464 629 491 his
637 465 725 492 verbis
739 474 744 492 :
758 475 767 491 ἰ
780 466 920 494 Damasius
931 468 1034 501 cpisco-

253 515 382 542 pus,cum
396 508 428 536 de
443 510 601 544 recipiendis
609 510 803 544 Apollinaristis
816 512 971 540 deliberatio
983 514 1032 540 ha-

253 556 372 586 beretttr,
385 555 527 582 editionem
542 556 730 584 ecclesiastica).
744 558 814 590 ﬁdei,
828 559 869 585 cui
885 559 962 586 iidem
974 560 1031 586 edi-1

253 600 329 632 tioni,
342 600 362 626 si
378 600 507 627 Ecclesize
520 600 592 636 iungi
606 602 698 634 velint,
709 604 880 631 subscribere
891 605 1030 638 deberent,

251 645 468 673 conscribendam
482 647 619 674 mandavit
634 649 719 674 amico
736 656 785 675 suo
798 650 904 676 cuidam
921 650 1030 685 presby-

251 695 309 717 tero
324 691 381 718 viro
404 691 590 725 disertissimo,
606 693 650 727 qui
667 693 716 720 hoc
734 693 771 721 illi
790 701 823 721 ex
845 702 920 722 more
947 703 1028 730 nego-

250 737 314 762 tium
326 737 496 771 procurabat.
510 747 519 763 ι
531 738 636 765 Addere
645 743 750 772 p01erat
761 739 1027 767 llalloxiuseumden

248 789 263 809 η
275 782 372 809 Ruﬁno
384 783 495 810 honoris
511 791 590 810 causa
606 784 769 811 nominatum
782 785 807 812 in
823 785 977 819 praefatione
994 786 1027 813 li-

247 828 355 855 brorum
371 829 439 863 Περὶ
461 829 569 863 ἀρχῶν,
584 830 628 864 qtti
650 831 701 858 hoc
720 836 838 865 tempore
859 833 1024 866 prodierunt.

1088 237 1159 265 Urhe
1171 237 1251 273 gestis
1267 237 1457 272 Hieronymum
1472 238 1612 264 certiorem
1629 237 1780 268 faciunt.et
1793 237 1860 264 Rull-

1086 284 1194 310 nianam
1210 283 1338 310 librorum
1353 283 1421 316 Περὶ
1432 282 1532 316 ἀρχῶν
1547 282 1794 317 interpretationem
1805 290 1858 309 cum

1086 328 1238 364 praefatione
1254 329 1450 361 transmittunt,
1473 327 1659 362 postulauitque
1674 332 1704 354 ut
1717 327 1798 354 libros
1808 335 1860 354 eos-

1085 376 1144 402 dem
1162 375 1264 402 meliori
1279 375 1330 401 ﬁde
1342 379 1489 407 convertat,
1507 379 1532 400 et
1554 374 1665 408 injectas
1682 374 1715 400 de
1734 381 1764 400 se
1781 374 1860 407 suspi-

1084 421 1176 448 ciones
1193 420 1289 447 diluat.
1303 420 1429 447 Retlierat
1441 427 1500 446 cum
1513 419 1556 445 illo
1564 418 1619 452 jam
1630 419 1691 445 'tum
1709 418 1734 445 in
1751 418 1860 452 gratiam

1084 465 1205 496 Ruﬁnus,
1224 472 1285 492 cum
1303 464 1476 499 Jerosolymis
1501 464 1724 498 prolicisceretur.
1749 462 1861 489 Subdola

1083 513 1174 548 itaque
1189 512 1276 539 Ruﬁni
1292 512 1447 547 prmfatione
1461 512 1529 538 clam
1544 519 1664 538 arrosum
1685 518 1715 537 sc
1735 515 1762 538 et
1779 510 1859 545 impe-

1083 560 1161 585 titttm
1176 559 1293 585 sentiens
1310 557 1500 592 Hieronymus,
1510 563 1536 584 et
1552 558 1621 583 inter
1636 555 1806 591 Origenistas
1816 563 1858 589 po-

1082 605 1175 636 situm,
1189 604 1259 631 hanc
1269 612 1329 631 cum
1345 611 1377 630 co
1395 603 1520 638 injuriatn
1533 602 1618 629 amice
1632 607 1659 629 et
1676 601 1774 629 leniter
1783 608 1860 635 expo-

1080 651 1191 678 stulavit
1217 658 1264 684 per
1286 650 1444 685 epistolam,
1462 648 1613 683 cujus.boc
1639 653 1680 674 est
1701 646 1858 674 exordium:

1083 705 1092 722 ι
1105 697 1152 723 Diu
1168 701 1194 723 te
1209 696 1300 723 Romae
1314 700 1445 723 moratum
1458 702 1547 722 sermo
1560 693 1685 729 proprius
1698 692 1856 723 indieavitp

1079 744 1149 770 unde
1170 742 1230 769 licet
1255 741 1390 776 conjicere
1404 741 1460 776 jam
1482 744 1544 767 ante
1562 739 1595 766 ad
1610 746 1670 766 cum
1685 739 1791 765 litteras
1809 736 1859 763 Ru-

1079 787 1160 814 ﬁnum
1178 787 1291 814 dedisse.
1313 785 1366 813 Sed
1386 793 1446 813 cum
1469 792 1516 819 per
1536 789 1653 811 vecturae
1674 790 1766 810 moras
1777 783 1858 809 serius

1078 833 1188 860 Rotnam
1207 832 1293 859 delata
1311 831 1406 858 fuisset
1422 829 1577 866 Hieronymi
1593 828 1743 863 responsio.
1762 835 1858 854 renun-

246 873 344 900 Verum
361 874 411 901 hoc
424 880 482 901 erat
497 863 604 910 ingenio
623 875 753 909 Ruﬁnus;
770 863 866 910 palam-
880 878 905 904 in
919 885 950 905 os
964 878 1022 905 lau-
1043 863 1062 890 Β
1079 879 1172 906 tiatum
1189 878 1291 905 interea
1304 877 1393 904 fuerat
1415 875 1511 903 Ruﬁno
1524 863 1625 902 Vnovam
1644 874 1775 901 librorum
1791 872 1857 907 Περὶ

245 919 336 949 dabat,
349 918 419 945 clam
433 919 605 952 detrahebat;
619 920 779 948 simultatem
797 921 901 949 fovebat
917 923 941 950 in
953 923 1022 957 sinu,

245 963 389 991 amicitiam
406 963 491 991 fronte
508 965 628 999 gerebat.
643 965 733 1000 Itaque
751 966 856 1001 palpum
872 975 963 994 coram
974 968 1023 995 ob-

244 1010 369 1037 trudebat
393 1009 566 1045 llieronymo,
590 1016 619 1038 ut
640 1011 728 1039 acrius
751 1013 855 1040 occulte
877 1014 1021 1042 morderet.

242 1055 298 1082 lloc
317 1055 442 1090 amplius,
455 1056 632 1093 Hieronymus
645 1058 700 1092 ipse
714 1058 823 1093 Apolog.
845 1059 862 1085 2
875 1060 902 1086 in
919 1059 1021 1094 Ruﬁn.,

241 1109 300 1135 cap.
313 1101 338 1133 6,
350 1101 405 1129 haec
422 1103 502 1129 verba
520 1103 554 1130 ita
570 1104 675 1137 repetit,
689 1105 765 1139 quasi
781 1105 935 1140 neutiquam
948 1106 981 1133 ad
994 1114 1023 1134 se

240 1147 391 1181 pertineant
408 1156 414 1174 :
433 1149 479 1175 sed
495 1149 534 1176 vel
546 1150 626 1177 tacite
641 1151 727 1177 notari
744 1158 773 1178 se
785 1159 836 1179 non
854 1152 956 1185 sensit;
981 1153 1021 1180 vel

239 1199 409 1228 perspectam
431 1195 593 1222 calumniam
610 1196 733 1224 simulate
751 1197 867 1225 reticuit.
889 1197 952 1226 Utut
968 1204 1019 1233 est,

239 1246 316 1266 suum
331 1246 438 1268 maneat
451 1241 681 1276 lectorijudicium
697 1251 703 1269 :
721 1245 860 1278 sequentia
876 1250 949 1272 certe
963 1254 1021 1273 ma-

239 1283 335 1311 nifeste
356 1285 531 1320 Epiphanium
556 1292 648 1320 petunt
664 1296 671 1314 :
688 1297 698 1314 ι
718 1290 837 1324 Denique
853 1290 962 1323 quidam
985 1299 1018 1318 ex

238 1329 312 1364 ipsis,
333 1330 378 1365 qui
401 1338 431 1358 se
455 1332 527 1359 velut
551 1334 749 1369 evangelizandi
773 1336 958 1364 necessitatem
973 1345 1021 1372 per

237 1381 330 1402 omnes
344 1381 437 1410 gentes
448 1382 474 1404 et
489 1385 536 1412 per
551 1386 643 1406 omnes
663 1379 766 1414 linguas
783 1381 880 1409 habere
895 1386 970 1416 putat
987 1383 1021 1410 de

238 1420 352 1455 Origene
373 1422 441 1449 male
465 1422 599 1456 loquendi,
619 1431 665 1451 sex
677 1425 758 1452 millia
776 1425 903 1453 librorum
920 1427 978 1462 ejus
991 1435 1020 1455 se

236 1466 342 1500 legisse,
358 1468 553 1502 quamplurima
567 1469 681 1496 fratrum
702 1471 870 1498 multitudine
884 1473 1019 1506 audiente,

235 1511 376 1540 confessus
389 1517 440 1540 est.
461 1522 471 1538 ι
485 1514 556 1548 lpsos
572 1515 668 1542 deinde
683 1517 751 1550 Περὶ
760 1516 860 1550 ἀρχῶν
878 1517 961 1546 libros
970 1518 1020 1546 Ur-

234 1557 262 1584 bi
275 1558 420 1592 pr'opinans
435 1558 556 1591 Ruﬁnus,
573 1567 625 1594 quo
645 1562 730 1596 magis
757 1561 871 1590 lectores
895 1563 1016 1596 illiceret,

233 1603 418 1638 prtel'ationem
436 1605 510 1639 operi
532 1606 661 1640 praeﬁxit,
686 1614 771 1641 eaque
790 1607 936 1635 declaravit
958 1617 1019 1636 sese

233 1649 342 1684 reliquis
353 1649 520 1684 dogmatibus
534 1651 641 1679 intactis
656 1652 736 1680 falsas
751 1652 874 1688 Origenis
886 1655 918 1682 de
928 1654 1017 1682 Trini-

234 1701 289 1723 tate
311 1697 476 1730 sententias,
502 1702 592 1732 utpote
618 1699 651 1725 ab
673 1699 806 1727 haereticis
833 1700 959 1734 insertas,
975 1701 1017 1729 vel

233 1742 401 1776 emendasse,
419 1743 461 1770 vel
475 1744 675 1778 prtetermisisse
693 1753 699 1770 :
714 1752 841 1779 grassans
868 1746 939 1773 ettim
966 1747 1017 1774 hoc

233 1790 351 1821 tempore
366 1787 534 1815 Arianismus
549 1789 676 1817 adversus
689 1789 841 1825 Origenetn,
858 1791 935 1826 cujus
958 1799 1016 1819 am-

231 1831 322 1859 biebat
334 1832 523 1867 patroeinium,
539 1833 691 1862 Catholicos
704 1841 895 1863 commoverat.
919 1837 1016 1864 Exem-

230 1880 275 1912 pro
290 1885 396 1912 quoque
419 1877 586 1915 Hieronymi,
605 1880 748 1908 multorum
769 1881 826 1915 jam
845 1881 970 1917 Origenis
982 1884 1016 1911 li-

229 1923 341 1950 brorum
361 1924 527 1959 interpretis,
547 1925 689 1953 adductutn
703 1934 732 1953 se
748 1927 879 1962 signiﬁcat
892 1928 942 1956 ltac
958 1928 1015 1963 ipsa

230 1969 386 2003 praefatione
410 1969 540 2002 Ruﬁnus,
569 1975 598 1997 ut
623 1973 777 2007 scriptionis
804 1973 875 2000 illius
899 1981 1014 2001 conver-

228 2015 332 2043 sionem
349 2016 508 2051 susciperet.
527 2017 558 2044 Et
575 2025 664 2046 causa:
685 2023 775 2046 tamen
791 2019 826 2045 ita
846 2018 946 2046 diﬁisus
960 2023 1012 2053 est,

228 2067 257 2090 ut
280 2062 432 2098 prtel‘ationi
454 2071 551 2090 nomen
570 2071 647 2092 suum
663 2065 798 2092 ascribere
812 2072 865 2092 non
882 2065 1010 2099 auderet;

226 2113 255 2135 et
271 2116 382 2136 assensu
393 2114 523 2144 praeterea
538 2109 678 2145 Theophili
696 2115 722 2138 et
739 2110 893 2146 Hieronymi
909 2110 1011 2146 gloria-

227 2159 314 2181 retur.

1076 925 1175 959 ἀρχῶν
1188 923 1434 958 interpretationem
1447 922 1481 949 ab
1491 927 1523 948 eo
1539 920 1640 955 parari,
1652 927 1734 954 quam
1750 926 1783 946 eo
1799 926 1857 945 con-

1076 971 1136 998 silio
1150 970 1284 997 conditam
1300 976 1315 995 a
1330 976 1359 996 se
1375 967 1469 995 scribit
1480 966 1658 1001 Hieronymus
1671 965 1784 999 Apolog.
1813 963 1856 990 lilJ.

1076 1024 1095 1048 ι,
1110 1022 1168 1050 cap.
1184 1015 1212 1048 '2,
1230 1022 1281 1041 non
1297 1019 1326 1040 ut
1340 1013 1462 1040 crederet
1474 1012 1557 1039 lector
1573 1011 1605 1038 iis
1622 1017 1681 1044 quae
1697 1010 1857 1044 interpreta-

1076 1061 1172 1092 batur;
1186 1059 1233 1086 sed
1256 1065 1289 1085 ne
1310 1057 1431 1085 crederet
1455 1057 1488 1084 iis
1510 1063 1569 1091 quae
1592 1060 1655 1082 ante
1682 1053 1857 1081 transtulerat

1076 1105 1198 1132 Rulintts.
1209 1105 1296 1138 Atque
1314 1103 1351 1130 ita
1370 1103 1500 1136 dirempta
1516 1102 1585 1128 inter
1599 1109 1645 1128 eos
1659 1101 1759 1133 gratia,
1769 1101 1856 1127 datam

1075 1149 1107 1176 ad
1137 1148 1261 1176 Ruﬁnum
1289 1147 1429 1183 epistolam
1449 1146 1605 1182 Hieronymi
1631 1146 1793 1178 familiares,
1815 1145 1856 1180 qui

1074 1195 1220 1222 curandam
1237 1201 1296 1221 eam
1316 1197 1492 1228 acceperant,
1511 1196 1732 1227 suppresserunt.
1760 1190 1857 1219 Susce-

1074 1246 1146 1277 ptam
1158 1241 1276 1274 interim,
1293 1240 1459 1268 Pammachii
1479 1243 1506 1266 et
1521 1239 1621 1267 Oceani
1643 1243 1750 1274 rogatu,
1767 1238 1856 1265 since-

1075 1288 1173 1315 riorem
1185 1287 1313 1314 librorum
1328 1287 1366 1313 De
1376 1285 1511 1320 principiis
1522 1284 1727 1311 conversionem
1742 1282 1857 1310 absolvit

1073 1324 1258 1366 llieronymﬁs,
1268 1337 1295 1360 et
1308 1332 1341 1359 ad
1352 1339 1398 1359 eos
1417 1331 1527 1358 Romam
1542 1329 1621 1361 misit,
1640 1336 1702 1356 cum
1721 1328 1856 1355 luculenta

1073 1380 1196 1415 epistola,
1207 1387 1258 1414 qua
1271 1379 1395 1413 Origenis
1406 1378 1553 1405 doctrinam
1565 1381 1592 1404 et
1604 1371 1788 1403 eruditionem
1802 1376 1857 1402 lau-

1073 1427 1150 1454 dasse
1163 1426 1311 1457 selatetnr,
1330 1425 1454 1459 dogmata
1468 1423 1586 1451 tenuisse
1606 1427 1748 1457 pernegat.
1765 1431 1774 1447 ι
1790 1421 1857 1448 Lau-

1069 1471 1150 1503 dari,
1174 1470 1268 1505 inquit,
1296 1470 1486 1503 interpretem,
1511 1474 1562 1494 non
1587 1467 1788 1501 dogntatisten;
1819 1467 1857 1492 in-

1072 1518 1190 1552 genium,
1213 1524 1265 1544 non
1284 1515 1360 1543 ﬁdem
1375 1523 1382 1548 ;
1399 1513 1597 1548 philosophum,
1621 1520 1675 1539 nou
1691 1511 1856 1545 apostolum.

1072 1563 1147 1597 Quod
1157 1563 1178 1590 si
1195 1562 1285 1590 volunt
1297 1569 1377 1596 super
1392 1561 1506 1595 Origene
1525 1566 1613 1586 meum
1630 1557 1856 1592 scirejudicium,

1069 1610 1157 1644 legant
1181 1609 1207 1635 in
1233 1607 1407 1634 Ecclesiasten
1432 1605 1658 1636 Commentarios,
1677 1604 1815 1638 repliceut
1830 1603 1856 1630 in

1067 1655 1213 1690 Epistolam
1234 1654 1266 1680 ad
1281 1652 1410 1688 Ephesios
1430 1651 1480 1678 tria
1501 1651 1648 1682 volumina,
1661 1655 1689 1677 et
1704 1650 1857 1684 intelligent

1068 1708 1110 1728 tne
1117 1707 1226 1734 semper.
1235 1699 1291 1734 ejus
1303 1698 1470 1733 dogmatibus
1482 1697 1656 1729 contraiisse;
1673 1705 1683 1722 ι
1693 1700 1723 1723 et
1737 1696 1854 1723 iterum:

1069 1756 1078 1772 ‹
1096 1746 1123 1774 Si
1136 1746 1200 1773 mihi
1217 1743 1506 1778 creditis,0rigenistes
1522 1750 1658 1777 nunquam
1681 1741 1721 1769 fui
1738 1751 1746 1775 ;
1764 1742 1788 1769 si
1805 1749 1855 1769 non

1065 1792 1184 1824 creditis,
1201 1798 1271 1818 nunc
1292 1798 1350 1818 esse
1377 1789 1500 1821 cessavi;
1518 1797 1526 1814 ι
1549 1794 1576 1814 et
1597 1788 1726 1822 sequenti
1745 1787 1854 1822 capite:

1068 1848 1077 1864 ε
1095 1837 1148 1865 Fac
1165 1843 1208 1864 me
1220 1843 1328 1864 errasse
1343 1837 1369 1863 in
1382 1834 1605 1866 adolescentia,et
1617 1833 1853 1868 philosophorum,

1064 1884 1091 1911 id
1112 1887 1154 1912 est
1169 1883 1306 1918 gentilium
1329 1881 1426 1908 studiis
1451 1877 1584 1907 eruditum
1601 1880 1626 1906 in
1643 1879 1780 1914 principio
1794 1879 1853 1906 ﬁdei

1063 1930 1187 1964 dogmata
1214 1930 1353 1964 ignorasse
1372 1927 1526 1954 Christiana
1543 1935 1551 1958 ;
1568 1930 1595 1952 et
1619 1926 1671 1953 hoc
1697 1931 1812 1959 putasse
1827 1926 1852 1952 in

1063 1974 1201 2009 apostolis,
1216 1974 1288 2008 quod
1307 1973 1336 2000 in
1358 1972 1519 2007 Pythagora,
1530 1975 1557 1998 et
1573 1970 1693 2002 Platone,
1709 1975 1737 1998 et
1754 1971 1852 2005 Empe-

1062 2021 1139 2048 docle
1153 2020 1268 2055 legerant
1286 2029 1293 2046 :
1307 2027 1354 2046 cur
1369 2017 1472 2053 parvuli
1486 2017 1513 2044 in
1527 2016 1633 2044 Christo
1646 2022 1731 2050 atque
1746 2016 1851 2043 lacteu-

1061 2067 1096 2093 tis
1110 2073 1229 2093 errorem
1245 2063 1386 2099 sequimini
1400 2063 1412 2089 ἵ
1424 2070 1472 2090 cur
1486 2063 1519 2089 ab
1532 2069 1564 2089 eo
1582 2061 1749 2096 impietatem
1768 2060 1850 2087 disci-

1062 2111 1108 2143 tis,
1125 2110 1170 2145 qui
1197 2109 1310 2137 necdum
1337 2110 1463 2144 pietatem
1490 2106 1625 2134 nOVerat?
1643 2105 1772 2133 Secunda
1791 2109 1850 2139 post

1061 2156 1227 2191 naufragium
1243 2154 1331 2182 tabula
1349 2159 1390 2181 est
1408 2154 1515 2188 culpam
1533 2151 1692 2187 simpliciter
1710 2150 1846 2178 conﬁteri.

261 2200 351 2227 Multis
369 2201 506 2229 enimvero
527 2201 602 2228 cordi
627 2201 677 2228 luit
704 2209 771 2236 opus
788 2203 852 2231 illud
875 2212 890 2232 ει
914 2204 1010 2233 Ruﬁno
1025 2210 1047 2237 ι)
1061 2202 1159 2230 lmitati
1174 2202 1239 2229 estis
1260 2205 1406 2233 errantem,
1429 2199 1571 2226 imitamini
1595 2203 1620 2225 et
1646 2203 1815 2225 correctum.
1835 2206 1844 2221 ι

227 2247 395 2278 translatum,
412 2252 440 2274 et
457 2247 568 2282 Origeui
592 2247 758 2281 sacerdotes,
783 2250 929 2277 monachos
946 2256 972 2278 et
995 2257 1010 2278 e

225 2291 442 2320 Christianorum
452 2293 531 2328 vulgo
546 2293 643 2320 multos
659 2293 826 2328 adjunxit,et
841 2294 930 2323 Siricii
943 2303 1008 2330 quo-

225 2345 278 2372 que
292 2346 366 2372 papa:
387 2339 553 2373 simplicitati
572 2340 663 2367 illusit.
686 2341 721 2367 At
740 2340 830 2375 plures
849 2346 938 2369 tamen
962 2342 1010 2369 do-

225 2385 319 2411 ctrinae
345 2384 450 2412 novitas
466 2385 599 2419 perculit;
614 2386 681 2413 adeo
696 2391 725 2412 ut
741 2390 826 2413 totum
841 2387 935 2414 orbem
951 2392 1010 2421 post

223 2429 314 2457 Ruﬁni
325 2430 575 2464 interpretationem
588 2431 613 2457 in
626 2431 749 2466 Origenis
758 2431 848 2458 odium
861 2432 1008 2465 exarsisse,

223 2481 250 2502 et
275 2476 434 2503 translatum
451 2477 525 2510 [opus
552 2477 693 2512 expavisse
718 2477 856 2504 tradiderit
878 2476 1008 2512 Hierony-

223 2529 283 2548 mus
297 2521 343 2549 lib.
373 2521 486 2555 tApol.,
511 2529 570 2556 cap.
594 2523 620 2549 5.
637 2523 737 2549 Auctor
764 2529 870 2556 quoque
892 2522 936 2549 ille
953 2526 1005 2554 est,

220 2567 335 2600 primam
349 2566 513 2601 gMarcellam
545 2566 707 2598 Romanam,
730 2566 870 2594 nobilitate
885 2567 1004 2601 generis,

221 2617 248 2639 et
259 2612 357 2646 pietate
373 2612 514 2644 illustrem,
538 2612 752 2639 subolescentem
770 2619 891 2639 errorem
909 2612 1006 2646 depre-

222 2658 347 2685 hendisse
363 2665 396 2684 ac
411 2657 582 2692 repressisse.
597 2657 749 2685 Discessum
763 2657 854 2692 itaque
869 2657 1005 2684 destinan-

222 2707 261 2729 tes
272 2703 335 2729 facti
347 2708 481 2736 auctores,
497 2703 624 2737 cum'jam
639 2703 694 2730 fere
708 2707 736 2729 ut
750 2703 870 2730 haeretici
884 2703 1006 2738 designa-

221 2753 323 2780 rentur,
342 2749 539 2776 ecclesiasticas
561 2747 688 2782 epistolas
705 2755 720 2774 a
734 2747 831 2775 Siricio
850 2748 1004 2782 itnpetraut,

221 2797 250 2818 ut
269 2792 395 2820 Ecclesia:
421 2793 608 2820 communione
638 2793 746 2828 gloriari
775 2797 883 2828 possent
900 2801 906 2818 :
922 2796 1003 2827 atque

219 2838 262 2866 his
280 2838 458 2866 communitus
471 2838 590 2875 Ruﬁnus
604 2839 753 2873 Aquileiam
771 2839 910 2867 remeavit.

1061 2248 1190 2276 Similiter
1204 2248 1231 2274 in
1247 2246 1323 2281 epist.
1337 2246 1382 2277 62,
1397 2246 1430 2272 ad
1447 2243 1622 2278 Theophilum
1636 2252 1642 2270 :
1656 2252 1666 2268 ‹
1680 2243 1760 2270 Sicut
1774 2242 1846 2270 enim

1060 2294 1306 2328 interpretationem
1329 2297 1356 2319 et
1371 2291 1497 2319 idiomata
1515 2289 1719 2324 Scripturarum
1735 2288 1847 2323 Origeni

1060 2347 1166 2374 semper
1182 2339 1301 2370 attribui,
1319 2338 1355 2364 ita
1372 2338 1525 2372 dogmatum
1539 2334 1764 2362 constantissime
1787 2335 1847 2361 abs—

1062 2386 1108 2412 tuli
1124 2385 1273 2411 veritatetn.
1294 2393 1302 2408 »
1320 2383 1353 2410 Et
1368 2387 1456 2409 tamen
1475 2389 1535 2408 cum
1551 2381 1771 2408 Commentarios
1784 2388 1848 2408 suos

1061 2432 1086 2457 in
1103 2430 1290 2462 Ecclesiasten,
1306 2434 1333 2456 et
1346 2427 1492 2462 Epistulam
1503 2429 1537 2453 ad
1551 2426 1677 2461 Ephesios
1691 2427 1848 2454 Adamantii

1060 2476 1135 2504 scitis
1153 2474 1298 2507 referserit,
1312 2474 1356 2500 vix
1372 2473 1404 2500 iis
1419 2472 1502 2500 semel
1513 2471 1676 2499 contradixit
1689 2479 1695 2495 :
1714 2471 1771 2500 imo
1785 2479 1848 2498 vero

1060 2530 1093 2549 ne
1109 2521 1250 2555 Origenem
1268 2520 1375 2554 quidem
1395 2522 1531 2544 auctorem
1557 2516 1661 2543 citavit.
1680 2516 1760 2549 Quod
1775 2524 1798 2544 SI
1816 2524 1846 2542 ea

1059 2575 1107 2603 pro
1120 2566 1193 2593 falsis
1205 2565 1308 2596 habuit,
1322 2571 1370 2590 cur
1388 2569 1508 2590 censurae
1523 2565 1612 2588 notam
1629 2568 1683 2588 non
1699 2561 1848 2596 apposuit?

1057 2621 1105 2640 cur
1118 2619 1178 2639 cum
1199 2611 1224 2637 id
1245 2609 1295 2637 sibi
1310 2608 1375 2635 vitio
1389 2608 1505 2637 daretur,
1528 2606 1553 2633 id
1567 2606 1617 2633 sibi
1634 2606 1730 2640 gloria:
1742 2607 1822 2633 duxit
1836 2606 1847 2631 '.’

1060 2667 1068 2683 ι
1085 2657 1151 2684 Nam
1167 2656 1238 2690 quod
1250 2655 1350 2684 dicunt,
1366 2663 1375 2679 ι
1388 2653 1474 2687 inquit
1488 2651 1593 2687 Prolng.
1605 2652 1631 2678 in
1650 2651 1698 2678 lib.
1729 2659 1749 2678 tt
1770 2650 1847 2677 Cont-

1058 2708 1136 2729 mcnt.
1153 2703 1181 2728 in
1195 2701 1289 2731 Mich.,
1305 2708 1315 2725 ‹
1335 2699 1459 2733 Origenis
1474 2705 1517 2725 me
1534 2697 1667 2724 volumina
1683 2697 1843 2731 compilare,

1057 2753 1084 2775 et
1099 2745 1276 2774 contaminari
1297 2752 1349 2772 non
1371 2744 1465 2770 decere
1479 2747 1618 2779 _veterum_
1628 2741 1732 2775 scripta
1749 2748 1756 2767 :
1775 2739 1845 2774 quod

1057 2793 1094 2820 illi
1114 2791 1283 2819 maledictum
1300 2790 1446 2817 vehemens
1461 2795 1519 2816 esse
1533 2787 1709 2820 existimant?
1717 2787 1842 2815 eamdem

1053 2839 1158 2870 laudent
1169 2845 1217 2871 ego
1230 2837 1373 2865 maximam
1385 2836 1543 2869 duco,§cum
1558 2834 1632 2861 illum
1648 2833 1753 2861 imitari
1772 2830 1842 2864 volo,
