1927 3076
77 143 152 171 H55

518 138 799 171 OHIGENIANORUM
818 143 880 172 LlB.
902 144 933 176 ll,
953 145 1028 172 CAP.
1048 146 1092 181 ιν,
1114 142 1208 174 SECT.
1229 146 1249 174 l.

1620 149 1687 184 list

76 212 162 240 quem
175 203 279 232 cunctis
302 203 478 238 prudentibus
490 209 518 231 et
534 205 608 232 vobis
626 205 732 240 placere
746 213 798 234 nou
813 206 863 233 du-
878 207 900 235 A
914 214 962 238 pro
973 214 1063 234 rerum
1081 215 1114 235 ac
1130 213 1279 244 temporum
1294 210 1409 245 ratione,
1424 211 1494 239 trahi
1513 220 1542 241 se
1553 218 1580 240 et
1589 214 1687 249 jactari

76 252 153 284 bito;
172 259 182 277 ι
198 258 246 278 cur
265 250 292 277 in
307 249 464 284 praefatione
481 250 514 278 ad
536 251 635 278 librum
655 251 694 278 De
710 252 858 279 nominibus

78 299 231 331 Hebraicis,
248 298 286 325 ait
297 298 429 325 neminem
448 298 499 326 nisi
516 298 679 334 imperitum,
693 307 790 334 negare
801 299 860 327 Ori-

75 352 176 380 genem
188 348 248 379 post
261 344 395 379 apostolos
407 344 589 372 Ecclesiarum
602 352 662 373 esse
679 345 859 381 magistrum?

112 389 198 425 Igitur
217 398 270 419 non
294 391 352 418 sine
376 398 455 418 causa
479 392 590 418 Rufinus
609 391 788 427 Origenistam
808 390 858 418 ali-

71 436 187 470 quando
208 437 288 465 fuisse
305 436 494 474 Hieronymum
515 438 644 472 jactabat.
664 447 673 464 ‹
691 438 753 465 Haec
777 442 828 471 est,
845 447 856 464 ›

71 484 177 518 inquit,
194 484 290 511 invect.
305 492 325 517 ι,
348 493 358 510 ί
379 489 422 511 tua
449 485 515 512 tanti
539 485 658 519 magistri
679 490 811 519 gravitas,
830 488 860 511 ut

70 537 139 557 eum
167 537 246 564 quem
264 531 290 557 in
311 530 371 558 aliis
395 530 499 563 laudas,
520 531 681 558 condemnes
701 531 729 558 in
747 531 807 559 aliis
832 535 859 558 et

70 584 159 610 quem
174 577 200 603 in
215 576 419 611 praefationibus
442 577 495 604 tuis
513 577 623 604 alterum
644 582 703 612 post
724 577 858 612 apostolos

71 621 260 649 Ecclesiarum
277 622 432 657 magistrum
445 623 546 656 dixisti,
565 631 635 650 nunc
650 623 804 651 haereticum
819 623 859 651 di-

70 674 123 694 cas
139 667 151 694 ‘I
168 667 233 700 Quis
250 667 392 694 hmreticus
405 666 585 695 Ecclesiarum
598 668 724 703 magister
737 669 858 703 aliquan-

69 712 108 740 do
122 713 177 739 dici
193 712 303 747 potuit?
321 721 330 737 ι
348 712 442 740 Futilis
456 713 489 740 ad
505 713 562 740 hch
579 713 732 748 Hieronymi
747 721 859 741 excusa-

71 759 123 790 tio,
143 759 188 793 qui
203 758 318 786 Procem.
334 758 361 785 in
378 759 422 786 lib.
439 768 465 787 xt
490 758 634 788 Comment.
657 759 736 786 Isaiae
750 767 858 794 respon-

70 806 120 831 dct
147 803 303 839 Origenem,
321 805 475 837 Eusebium,
492 805 697 840 Apollinarium,
711 806 829 840 aliosque
842 813 858 833 a

69 858 101 878 se
126 851 153 878 in
178 851 378 878 commentariis
402 852 435 878 ad
461 851 543 878 libros
571 850 697 884 Danielis,
715 852 858 886 magistros

72 896 207 923 Ecclesiae
222 897 374 923 nominatos
386 916 393 928 ,
408 897 441 923 ad
457 896 656 924 distinctionem
681 897 858 931 quorumdam

70 944 120 977 qui
137 950 152 969 a
169 942 269 979 Christi
287 943 338 969 lide
356 947 432 969 erant
453 941 543 969 alieni.
557 941 648 977 Pergit
665 942 858 978 Hieronymum

70 987 211 1015 lacessere
224 988 472 1023 Ruﬁnus.eumque
489 987 612 1022 Origenis
629 988 707 1016 ﬁdem
722 996 859 1024 nunquam

70 1041 101 1061 se
125 1034 249 1061 laudasse
267 1033 414 1068 jactantem
441 1035 556 1069 propriis
577 1035 660 1070 ipsius
677 1035 766 1063 verbis
783 1042 861 1063 coar-

70 1080 144 1113 suit.
154 1079 256 1112 Quibus
267 1079 312 1106 ille
327 1079 398 1106 velut
422 1080 561 1107 convictus
582 1080 674 1108 scribit
686 1080 732 1108 lib.
745 1088 775 1108 tu
787 1080 859 1115 Apo-

70 1125 143 1160 log.,
159 1132 219 1159 cap.
235 1125 261 1152 3.
283 1133 293 1150 ε
319 1125 419 1152 Eodem
439 1125 542 1152 fervore
560 1133 613 1160 quo
635 1125 776 1161 Origenem
800 1130 860 1153 ante

69 1170 254 1202 laudavimus,
265 1178 337 1197 nunc
353 1171 506 1197 damnatum
520 1174 576 1198 toto
588 1170 653 1198 orbe
668 1171 824 1198 damnemus
834 1179 856 1203 ;ι

70 1221 100 1244 et
117 1224 179 1244 mox
197 1225 226 1244 ε(
246 1217 400 1244 Erravimus
413 1216 535 1250 juvenes,
551 1217 723 1244 emendemur
737 1223 830 1249 senes;
846 1225 856 1242 ι

69 1269 99 1290 et
113 1263 212 1290 iterum
228 1271 235 1290 :
260 1272 269 1288 (
293 1263 402 1298 ignosce
420 1262 485 1289 mihi
505 1262 576 1297 quod
590 1261 715 1296 Origenis
729 1261 860 1289 eruditio-

70 1315 147 1338 nem,
163 1311 190 1334 et
209 1307 324 1334 studium
340 1306 555 1341 Scripturarum,
575 1310 718 1340 antequam
733 1306 791 1341 ejus
803 1305 858 1333 ha:-

70 1353 157 1379 resitu
177 1351 280 1386 plenius
306 1359 423 1384 nossem,
437 1352 463 1379 in
485 1351 595 1386 juvenili
616 1355 695 1378 aetate
708 1351 825 1378 laudavi.
847 1359 857 1376 ι

70 1397 138 1424 lude
151 1397 361 1424 Poslhumianus
375 1397 443 1432 apud
458 1396 603 1431 Sulpicium
618 1396 746 1424 Severum
764 1395 860 1423 merito

72 1444 113 1470 ait
129 1452 136 1470 :
157 1452 166 1468 ι
187 1442 253 1469 lllud
269 1450 310 1470 me
324 1443 466 1470 adntodum
482 1442 664 1477 permovebat,
677 1442 749 1477 quod
767 1441 860 1469 Hiero-

70 1495 184 1522 nymus,
200 1488 241 1514 vir
263 1488 377 1515 maxime
391 1487 554 1529 Catholicus,
573 1492 600 1514 et
611 1494 696 1514 sacra
708 1486 774 1521 legis
785 1487 858 1521 peri-

910 251 1042 284 seivlssel,
1053 259 1242 288 nonnunquam
1258 255 1338 281 etiam
1350 256 1482 284 maximos
1496 258 1568 287 viros
1579 261 1690 289 amariss

909 297 984 325 simis
997 298 1124 326 conviciis
1135 299 1294 333 perfudisset
1305 308 1311 326 :
1322 301 1456 330 fatendum
1468 304 1566 339 quippe
1578 311 1620 334 est
1628 307 1690 341 lure

909 349 970 369 eum
984 350 1054 377 saepe
1064 350 1080 370 a
1095 342 1192 372 Ruﬁno
1205 343 1289 372 fuisse
1301 347 1491 380 reprehensum
1505 357 1593 384 ;sazpe
1606 352 1687 380 etiam

910 386 1036 415 Ruﬁnum
1050 389 1083 416 ab
1100 389 1195 416 eodem
1206 390 1265 417 sine
1277 398 1357 419 causa
1371 392 1453 421 fuisse
1474 395 1689 429 culpatum.Htee

909 440 989 468 porro
1000 441 1060 461 cum
1076 440 1228 469 agerentur,
1249 443 1335 464 annus
1347 438 1447 467 Christi
1466 441 1622 471 trahebatur
1634 447 1689 472 tre-

909 480 1071 508 centesimus
1085 481 1272 517 nonagesimus
1285 490 1381 512 nonus.

943 546 1034 574 XVIII.
1056 546 1114 580 Quo
1143 551 1265 584 tempore
1297 550 1533 588 Hieronymianam
1557 555 1685 586 librorum

908 592 977 626 Περὶ
992 591 1093 627 ἀρχῶν
1107 593 1356 628 interpretationem
1366 595 1554 627 Pammachius
1565 602 1686 629 contines

909 635 956 662 bat
975 644 982 668 ;
999 644 1090 664 verum
1104 637 1138 664 ab
1151 638 1238 666 amico
1255 639 1337 674 ipsius
1347 640 1462 672 quodam
1476 642 1570 671 fraude
1584 645 1688 674 deseri»

908 687 952 717 pta
966 683 990 710 in
1005 683 1099 718 vulgus
1112 685 1208 713 emissa
1225 691 1274 713 est.
1291 685 1522 722 lnterpretationis
1537 696 1625 720 aulam
1634 696 1688 721 sua!

909 729 1047 764 perﬁdiam
1064 738 1097 758 ex
1112 730 1192 765 hujus
1206 732 1330 760 conflictu
1343 739 1512 769 perspectum
1530 736 1579 770 iri,
1593 742 1688 766 Verqu

909 776 1012 810 tiasque
1032 783 1094 804 suas
1107 777 1162 812 jam
1184 779 1303 812 proditas
1329 779 1479 816 intelligens
1503 781 1634 816 Rufinus,
1652 784 1688 812 ad

909 829 1025 856 eumque
1048 823 1158 856 perlatis
1181 823 1328 858 Aproniani
1349 833 1431 860 opera
1451 827 1558 861 litteris,
1575 836 1642 863 quas
1654 831 1688 858 ad

908 863 1112 909 Pammachium
1126 871 1154 894 et
1172 866 1307 895 Oceanum
1325 877 1376 896 una
1391 877 1451 897 cum
1466 871 1540 899 libris
1553 874 1622 907 Περὶ
1638 874 1689 909 ἀρε

909 908 971 943 χῶν·
981 917 1075 938 recens
1090 918 1104 937 a
1120 918 1149 938 se
1159 910 1306 940 Latinitate
1319 913 1426 941 donatis
1440 914 1617 951 Hieronymus
1635 908 1688 945 mia

911 960 993 987 serat,
1007 956 1153 983 triennium
1165 956 1190 984 i1
1203 957 1364 985 elaboranda
1376 959 1473 994 duplici
1484 961 1613 997 Apologia
1625 970 1689 990 con-

909 1001 997 1028 trivit.
1013 1001 1091 1029 Prior
1099 1006 1234 1030 vetustate
1249 1004 1384 1031 intercidit
1399 1013 1407 1032 :
1424 1007 1557 1040 posterior
1567 1011 1689 1043 superest

910 1047 937 1074 in
952 1047 1018 1075 duas
1043 1048 1142 1076 divisas
1165 1053 1266 1083 partes,
1287 1057 1398 1084 quarum
1415 1052 1500 1086 prima
1519 1054 1688 1082 criminatiod

910 1100 957 1120 nes
983 1093 1016 1120 ab
1033 1093 1197 1129 Hieronymo
1212 1096 1344 1131 impactas
1363 1097 1469 1131 refellit,
1487 1098 1570 1126 altera
1593 1099 1688 1128 Hiemi

909 1146 1019 1175 nymum
1035 1139 1122 1175 ipsum
1139 1142 1273 1177 suggillat.
1291 1142 1354 1175 Quae
1373 1151 1433 1171 cum
1449 1145 1475 1172 in
1491 1150 1607 1180 apertam
1625 1154 1689 1174 con-

911 1184 1057 1212 tentionem
1083 1191 1266 1220 erumperent,
1281 1187 1346 1214 duas
1370 1189 1396 1215 in
1414 1193 1503 1223 partes
1513 1209 1521 1222 ,
1537 1193 1567 1217 ut
1580 1190 1620 1224 iit,
1633 1190 1687 1218 llos

909 1239 1051 1260 manorum
1063 1231 1278 1261 Christianorum
1294 1235 1375 1261 animi
1389 1235 1489 1267 abiere,
1508 1243 1569 1263 cum
1591 1236 1689 1265 Ruﬁno

910 1277 965 1311 alii,
981 1277 1025 1305 alii
1043 1277 1207 1314 Hieronymo
1232 1279 1370 1314 faverent;
1386 1288 1435 1309 nec
1458 1282 1571 1310 Romani
1591 1284 1689 1312 duntao‘

910 1328 968 1355 xat,
981 1323 1027 1351 scd
1041 1327 1068 1350 et
1092 1328 1223 1359 quotquot
1238 1324 1294 1352 fere
1318 1332 1366 1360 per
1388 1325 1481 1354 orbem
1497 1328 1583 1362 sparsi
1600 1333 1689 1365 erant,

910 1368 1023 1396 diversis
1038 1369 1135 1397 studiis
1150 1369 1313 1397 ferebantur.

944 1435 1016 1463 XIX.
1038 1435 1106 1463 Tum
1125 1442 1188 1463 vero
1212 1436 1330 1470 partium
1352 1444 1459 1465 suarum
1478 1445 1539 1466 esse
1557 1439 1690 1468 intellexit

909 1482 1068 1509 Anastasius
1082 1489 1161 1516 papa,
1177 1489 1229 1509 non
1249 1482 1357 1517 quidem
1378 1483 1531 1512 exorientes
1548 1489 1635 1513 motus
1654 1486 1690 1514 lea

71 1533 208 1566 tissimus,
225 1532 368 1568 Origene“)
388 1528 497 1561 secutus
510 1533 598 1567 primo
613 1536 732 1567 tempore
747 1532 858 1566 putaba-
872 1550 893 1579 C
910 1528 1039 1555 nimentis
1053 1528 1182 1556 adhibitis
1194 1528 1348 1563 consopire,
1363 1530 1433 1564 quod
1454 1530 1554 1559 factum
1565 1539 1580 1559 a
1598 1532 1690 1560 deces-

72 1583 130 1611 tur,
147 1587 227 1614 quem
254 1587 323 1607 nunc
350 1580 419 1608 idem
445 1578 649 1615 praecipuenlel
676 1579 766 1606 omnia
789 1578 859 1605 illius

71 1626 176 1660 scripta
192 1627 342 1653 damnaret.
369 1635 379 1651 ι
406 1625 469 1653 lude
485 1630 512 1652 et
530 1624 693 1660 Vigilantius
718 1625 803 1659 ipsum
821 1624 859 1651 sic

72 1674 207 1704 tanquam
222 1670 403 1705 Origenistam
419 1669 580 1704 incessebat,
603 1677 683 1705 quam
699 1675 787 1696 tamen
803 1669 858 1696 cri-

72 1716 252 1743 minationem
267 1716 399 1751 depellere
417 1721 532 1743 conatur
542 1717 620 1751 epist.
634 1716 679 1744 75.
689 1716 753 1743 Inde
767 1719 795 1742 et
809 1716 860 1741 Au-

71 1762 201 1797 gustinus
216 1762 423 1790 inconstantiam
439 1767 466 1790 et
483 1762 659 1790 mobilitatem
684 1762 783 1797 ingenii
797 1760 860 1788 Hie-

72 1815 190 1843 ronymo
201 1807 342 1843 Origenem
358 1809 407 1836 sibi
422 1809 485 1836 olim
495 1815 635 1843 percarum
650 1808 705 1843 jam
719 1807 857 1834 infamanti

72 1854 243 1882 subobscure
266 1855 422 1890 exprobrat,
439 1855 518 1890 epist.
540 1854 567 1882 8.
605 1863 614 1880 I
633 1853 753 1881 Petimus
784 1861 858 1889 ergo,

73 1901 176 1935 inquit,
202 1906 230 1928 et
250 1902 387 1929 nobiscum
403 1902 470 1936 petit
489 1901 577 1928 omnis
601 1900 788 1927 Africanarum
806 1898 858 1926 Ec-

73 1947 220 1976 clesiarum
237 1948 355 1975 studiosa
372 1947 497 1979 societas,
508 1951 537 1973 ut
553 1946 580 1973 in
595 1945 802 1979 interpretandis
813 1952 859 1971 eo-

73 2001 139 2021 rum
166 1992 257 2025 libris,
275 1993 320 2027 qui
351 1992 444 2020 Graece
468 1991 622 2026 Scripturas
646 1994 751 2017 nostras
779 1995 857 2023 quam

73 2040 178 2073 optime
191 2042 381 2071 tractaverunt,
397 2045 489 2065 curam
501 2040 581 2071 atque
598 2042 705 2070 operam
723 2034 858 2069 impende-

74 2091 106 2111 re
129 2092 181 2111 non
194 2084 334 2119 graveris:
355 2087 430 2119 potes
452 2083 523 2110 enim
546 2082 661 2115 etlieere,
679 2086 707 2108 ut
726 2088 775 2108 nos
793 2088 859 2114 quo-

75 2138 130 2165 que
154 2130 300 2158 habeamus
320 2131 379 2158 illos
404 2130 470 2158 tales
495 2129 576 2161 viros,
601 2133 627 2156 et
643 2135 725 2155 unum
754 2127 859 2161 potissi-

75 2183 152 2203 mutn
166 2195 173 2207 ,
192 2183 269 2210 quem
295 2180 320 2203 tu
345 2175 472 2203 libentius
490 2175 516 2201 in
543 2174 595 2201 tuis
618 2173 716 2200 litteris
732 2180 829 2200 sonas:
847 2181 856 2197 ι

910 1580 971 1601 sore
989 1574 1047 1609 ejus
1067 1573 1167 1601 Siricio
1187 1575 1351 1607 notavimus,
1384 1576 1430 1603 sed
1456 1576 1555 1604 malum
1586 1578 1691 1607 occulte

909 1627 1036 1647 crescens
1054 1619 1204 1653 apostolica
1228 1620 1391 1648 auctoritate
1406 1621 1570 1650 rescindere.
1587 1623 1628 1650 Re
1639 1623 1690 1651 itas

909 1673 961 1700 que
986 1665 1030 1692 diu
1050 1672 1082 1693 ac
1096 1670 1201 1694 mature
1222 1666 1248 1693 in
1263 1671 1405 1701 utramque
1423 1672 1526 1702 partem
1546 1675 1689 1703 perpensa,

909 1711 1034 1746 Origenis
1050 1712 1155 1738 tandem
1165 1712 1304 1739 erroribus
1322 1713 1455 1740 haereseos
1465 1716 1555 1739 notam
1574 1713 1688 1748 impres-

909 1756 945 1783 sit
956 1763 1026 1783 anno
1040 1755 1104 1783 400.
1119 1755 1257 1791 Theophili
1272 1756 1388 1784 studium
1401 1757 1530 1790 imitatus,
1549 1753 1594 1792 qui
1610 1765 1690 1793 supeo

910 1802 982 1829 riore
995 1808 1066 1828 anno
1081 1801 1107 1828 in
1122 1801 1305 1828 Alexandrina
1325 1802 1427 1837 synodo
1444 1802 1554 1829 eosdem
1576 1802 1689 1830 damnas

909 1853 995 1876 verat.
1007 1847 1104 1875 Statim
1117 1855 1180 1875 vero
1191 1847 1310 1875 dimissis
1326 1848 1352 1874 in
1367 1855 1463 1876 omnes
1476 1853 1566 1884 partes
1577 1844 1688 1883 nuntiis,

909 1894 1132 1930 Origenianorum
1159 1900 1280 1921 errorum
1309 1894 1508 1921 damnationem
1537 1892 1689 1929 promulgat

908 1940 1085 1973 Anastasius;
1114 1947 1166 1974 qua
1186 1944 1296 1973 accepta
1322 1939 1401 1966 iidem
1425 1940 1526 1974 passim
1552 1938 1689 1974 reprobati

909 1990 981 2014 sunt.
997 1985 1034 2012 Ea
1052 1985 1085 2013 de
1106 1992 1136 2012 re
1156 1985 1335 2012 disserentem
1355 1985 1495 2012 audiamus
1511 1984 1689 2020 Theophilum

910 2031 936 2058 in
958 2030 1077 2065 Epistula
1102 2034 1136 2057 ad
1162 2031 1290 2065 quosdam
1311 2031 1468 2062 monachos,
1483 2038 1564 2065 quam
1588 2029 1693 2066 profert

909 2076 1029 2104 Julianus
1047 2076 1075 2103 in
1092 2075 1212 2111 Epistola
1235 2076 1270 2103 ad
1293 2075 1395 2104 Menam
1409 2083 1418 2103 :
1430 2070 1532 2102 Οὐκοῦν
1554 2075 1690 2112 ἀναθεμαι

909 2122 1026 2154 τιζοντες
1050 2121 1096 2149 τὸν
1114 2121 1262 2157 Ὡριγὲνην,
1274 2121 1320 2147 καὶ
1339 2121 1401 2153 τοὺς
1418 2120 1512 2152 ἄλλους
1526 2117 1689 2157 αἱρετικοῦς,

910 2167 1003 2203 ὥςπερ
1018 2169 1097 2203 ἡμεῖς
1120 2167 1166 2194 καὶ
1178 2167 1191 2193 ὁ
1205 2167 1255 2201 τῆς
1276 2167 1415 2202 Ῥωμαίων
1435 2167 1514 2200 ἁγίας
1530 2162 1690 2202 Ἐκκλησίας

75 2221 222 2256 Origenem
250 2221 394 2253 nimirum,
417 2219 491 2253 cujus
519 2226 640 2253 magnam
671 2223 726 2244 tum
752 2224 859 2252 quoque

911 2213 1055 2245 ὲπίσκὸπος
1085 2213 1269 2245 Ἀναστᾶσα-ις,
1286 2214 1320 2240 ὲκ
1335 2208 1519 2248 παλαιοτέρων
1536 2212 1690 2248 ἀγωνισμά-

76 2267 163 2294 fuisse
177 2267 202 2294 in
223 2267 312 2294 Africa
327 2266 509 2294 celebritatem
526 2273 558 2292 ex
574 2273 606 2292 cn
621 2263 792 2291 manifestum
807 2267 858 2289 est.

76 2312 143 2340 lude
155 2318 182 2340 et
195 2311 317 2348 Pelagius
330 2320 397 2347 papa
410 2312 441 2344 ll,
457 2313 483 2339 in
495 2311 612 2346 Epistula
627 2310 660 2336 ad
677 2309 763 2336 Eliam
780 2308 860 2342 Aqui-

76 2360 245 2392 leiensem,et
258 2359 323 2386 alios
335 2358 422 2386 Istriw
434 2359 577 2393 episcopos,
590 2365 600 2382 ‹
620 2356 715 2382 Annon
726 2374 733 2387 ,
760 2354 857 2388 inquit,

77 2411 107 2434 et
133 2406 313 2441 Hieronymus
333 2410 430 2433 nostra:
447 2404 572 2432 Ecclesize
591 2402 741 2437 presbyter,
761 2406 788 2427 et
806 2400 859 2426 sin—

77 2453 181 2488 gtﬂaris
201 2452 303 2479 Hebraei
325 2451 457 2479 sermonis
479 2451 610 2484 interpres
629 2452 703 2475 tanto
716 2453 778 2480 erga
799 2445 860 2473 Ori-

79 2506 177 2532 genem
189 2498 280 2525 favore
292 2497 484 2529 intenditur,ut
495 2503 562 2530 pene
576 2493 721 2528 discipulus
733 2492 791 2526 ejus
801 2498 860 2518 esse

48 2563 61 2582 ε
77 2544 232 2572 videatur?
252 2554 261 2570 ›
281 2544 342 2571 Inde
366 2543 481 2578 denique
503 2541 554 2569 sub
581 2539 736 2574 Hieronymi
752 2538 859 2565 nomine

79 2591 197 2619 conﬁcta
212 2595 254 2618 est
267 2591 390 2625 epistola,
406 2590 434 2616 in
456 2596 508 2624 qua
532 2595 561 2616 se
583 2585 693 2621 Origeni
716 2583 860 2618 aliquando

79 2637 228 2665 adhaesisse
242 2637 319 2664 dolet.

115 2683 246 2717 Quamvis
266 2687 354 2710 autem
370 2681 419 2708 viri
436 2680 472 2715 pii
491 2684 518 2707 et
537 2678 678 2707 orthodoxi
693 2676 779 2704 otiicio
802 2675 859 2702 fun-

80 2735 141 2757 ctus
164 2729 209 2761 sit,
224 2736 284 2756 cum
304 2727 408 2762 agnitos
422 2725 580 2760 Origenismi
599 2730 704 2750 errores
722 2720 837 2755 ejuravit
853 2727 861 2752 ;

80 2774 200 2810 optabile
227 2779 314 2801 tamen
342 2773 424 2803 foret,
443 2776 473 2798 ut
497 2771 683 2798 sanctissimus
709 2768 753 2795 Ille
767 2768 861 2794 doctor

80 2819 252 2849 constantior
267 2819 347 2846 animi
363 2817 456 2844 fuisset
470 2821 496 2844 et
511 2815 684 2847 moderatior,
703 2821 788 2848 neque
806 2818 859 2840 tam

83 2865 163 2895 facile
176 2865 222 2892 bili
245 2872 299 2892 sure
315 2863 409 2891 fuisset
423 2862 611 2896 morigeratus,
624 2866 653 2888 ut
671 2861 698 2888 in
711 2859 859 2893 contraria,

912 2268 965 2286 των
986 2258 1088 2291 ἔνδοξος
1100 2258 1249 2293 στρατηγὸς
1260 2258 1394 2293 ἐπισήμου
1407 2256 1471 2284 λαοῦ
1483 2256 1689 2293 χειροτονηθεὶς,

912 2303 934 2340 ᾧ
947 2307 993 2333 καὶ
1006 2306 1080 2332 πᾶσα
1095 2305 1147 2332 τῶν
1164 2305 1303 2341 μακαρίων
1317 2306 1386 2332 κατὰ
1396 2305 1445 2342 τὴν
1452 2305 1526 2332 δύσιν
1536 2304 1691 2332 ἐπισκόπων

911 2352 1005 2379 ἕπεται
1011 2351 1126 2383 σύνοδος,
1135 2351 1318 2386 ἀποδεχομένη
1326 2351 1374 2387 τῆς
1380 2346 1628 2387 τῶνἊλεξανδρέων
1635 2346 1692 2378 Ἕκα

911 2397 1022 2434 κλησιας
1031 2397 1079 2432 τὴν
1087 2397 1157 2424 κατὰ
1170 2397 1216 2423 τοῦ
1227 2397 1339 2429 ἀσεϐοῦς
1348 2398 1446 2433 ψῆφον.
1458 2407 1467 2423 ι
1480 2396 1563 2432 Igitur
1581 2397 1692 2423 anathe-

911 2450 954 2470 ma
967 2443 1087 2470 dicentes
1104 2442 1129 2468 in
1145 2440 1430 2477 0rigenem,aliosque
1441 2443 1693 2476 haereticos,quetu-*

911 2489 1056 2516 admodum
1073 2487 1172 2514 factum
1193 2492 1234 2514 est
1252 2494 1267 2513 a
1288 2487 1374 2519 nobis,
1385 2493 1412 2514 et
1424 2488 1458 2514 ab
1476 2487 1620 2515 Anastasio
1632 2494 1692 2513 san-

910 2540 959 2563 cta!
973 2534 1155 2561 Romanorum
1167 2533 1293 2561 Ecclesiae
1307 2534 1442 2567 episcopo,
1452 2533 1497 2567 qui
1508 2541 1540 2560 ex
1557 2531 1692 2560 veteribus

911 2580 1104 2609 certaminibus
1131 2579 1234 2611 clarus,
1254 2579 1307 2606 dux
1338 2578 1451 2605 illustris
1473 2577 1562 2612 populi
1584 2582 1693 2605 creatus

911 2631 963 2659 est,
982 2633 1060 2661 quem
1077 2631 1105 2653 et
1118 2625 1206 2653 omnis
1224 2625 1364 2652 beatorum
1376 2623 1531 2650 Occidentis
1551 2623 1692 2657 episcopos

912 2681 971 2701 rum
983 2673 1104 2708 sequitur
1120 2677 1216 2704 ctetus,
1232 2668 1476 2698 Alexandrinorum
1493 2664 1620 2695 Ecclesiae
1633 2676 1693 2695 sen-

911 2720 1022 2748 tentiam
1038 2719 1166 2746 adversus
1184 2717 1294 2752 impium
1316 2716 1396 2743 latam
1423 2713 1580 2748 suscipiens.
1601 2721 1611 2737 ι
1629 2711 1692 2738 Ηὶει

911 2772 1039 2801 ronymus
1055 2769 1128 2792 certe
1147 2763 1195 2791 lib.
1212 2771 1232 2791 tt
1249 2761 1373 2798 Apolog.,
1384 2761 1449 2796 [ευρ.
1470 2759 1497 2792 6,
1510 2762 1606 2793 praeter
1620 2757 1692 2783 Aua-

913 2813 1025 2840 stasium
1049 2816 1076 2838 et
1093 2809 1291 2845 Theophilum,
1312 2808 1394 2835 tradit
1412 2806 1558 2834 Venerium
1585 2804 1692 2838 quoque

914 2857 1138 2887 Mediolancnsem
1166 2857 1340 2886 episcopum.
1361 2858 1389 2882 et
1408 2851 1592 2882 Chromatium
1610 2847 1694 2881 Aonia
