1927 3076
236 164 303 193 “55

864 152 894 180 P.
913 149 1069 178 DANIELIS
1088 147 1204 176 IIIJETII

1782 142 1844 170 “36

237 227 373 256 'eiensem,
391 222 533 256 Origenem
552 216 682 251 subiectis
702 215 753 243 sibi
777 213 882 249 populis
906 212 1015 240 haereti-
1029 213 1052 241 Α
1067 210 1110 244 pio
1127 209 1162 236 ita
1183 207 1276 235 haberi
1293 213 1307 232 a
1327 205 1427 233 nostris
1447 202 1567 239 partibus
1586 201 1718 233 alienum,
1743 206 1772 227 at
1789 202 1845 234 quid

237 278 294 298 cum
315 267 501 296 denuntiasse.

267 313 329 342 XX.
349 313 383 340 At
396 318 490 346 parum
503 314 564 336 sese
575 306 741 343 promovisse
760 309 833 331 ratus
848 302 1017 334 Anastasius,

237 361 257 387 si
277 366 330 386 non
357 355 485 384 tumultus
506 357 644 381 auctOrem
663 350 799 381 Ruﬁnum,
816 352 843 376 et
862 347 960 376 bellum
978 353 1020 373 re-

237 411 380 433 novantem
399 401 566 434 retunderet,
586 398 700 426 Romam
716 403 777 423 etim
801 395 834 421 ad
855 400 964 421 causam
980 392 1021 419 di-

237 450 348 478 cendam
361 447 477 476 accersit
502 455 509 473 :
526 445 717 480 tergiversatur
733 441 864 471 Ruﬁnus,
881 443 909 466 et
925 437 1021 473 Apolo-

237 497 306 533 giam
327 494 423 523 scribit
435 493 469 521 ad
481 491 665 520 Anastasium,
686 495 738 523 qua
757 487 862 514 levibus
874 485 907 512 ad
927 484 1019 512 detre-

237 531 362 571 ctandam
390 538 581 575 profectionem
606 533 823 563 excusationibus
847 538 912 559 usus
940 531 1020 558 fidem

237 595 315 616 suam
332 585 491 622 proﬁtetur:
510 581 606 610 deinde
617 580 655 608 ait
670 588 677 605 :
701 588 710 604 ‹
727 577 850 612 Origenis
869 582 918 610 ego
934 580 1022 608 neque

239 634 377 664 defensor,
396 637 483 666 neque
501 633 622 657 assertor
641 634 715 658 sum,
729 631 815 659 neque
827 622 930 657 primus
943 621 1023 648 inter-

238 688 320 716 pres:
342 678 387 706 alii
399 682 461 705 ante
480 683 522 703 me
540 675 592 702 hoc
612 674 681 701 idem
697 678 763 706 opus
779 669 917 700 fecerunt;
933 667 1024 694 feciet

239 712 289 761 ego
306 727 469 760 postremus,
490 724 600 755 rogatus
618 725 632 744 a
655 715 796 744 fratribus.
815 713 842 741 Si
861 712 970 747 iubetur
991 718 1023 738 ne

240 757 397 806 ﬂag-iussio
408 765 545 796 observari
562 764 643 792 debet
658 763 684 790 in
700 765 848 797 posterum.
866 758 894 786 Si
907 757 1020 792 culpan—

240 823 284 846 tur
306 816 351 852 qui
376 819 438 842 ante
458 811 608 848 iussionem
634 809 774 839 fecerunt,
795 804 874 840 culpa
894 812 908 831 ιι
929 802 1024 838 primis

241 851 359 897 incipiat.
381 859 436 894 Ego
449 858 521 886 enim
541 859 640 891 praeter
655 854 725 881 hanc
742 851 832 883 fidem,
848 855 927 884 quam
943 853 1023 880 supra

241 885 362 943 exposui,
376 885 460 932 iduest
476 885 557 938 quam
573 899 696 927 Romana
720 894 853 926 Ecclesia,
866 897 894 920 et
906 891 1024 919 Alexan~
1039 885 1062 915 Β

241 954 327 985 (Irina,
348 956 376 978 et
389 946 565 984 Aquileiensis
592 948 685 972 nostra
702 947 793 974 tenet,
821 945 934 974 quaeque
948 937 1025 964 Jero-

242 997 352 1033 solymis
365 982 537 1030 prmdicatur,
556 991 669 1018 alienam
687 995 737 1015 nec
755 986 834 1013 habui
860 991 979 1019 unquam
1000 982 1026 1009 in

242 1030 293 1071 isto
302 1042 418 1072 homine,
427 1047 476 1068 nec
486 1038 582 1070 habeo,
594 1043 643 1064 nec
658 1034 771 1062 habebo.
790 1041 799 1057 ι
809 1030 969 1065 Neutiquam
986 1034 1027 1055 ta-

244 1096 305 1116 men
322 1086 524 1115 excusationem
538 1084 608 1111 hanc
621 1079 780 1108 Anastasius
796 1076 909 1111 accepit,
924 1074 970 1103 sed
987 1074 1028 1101 in-

244 1138 332 1162 stante
347 1132 484 1165 llarcella,
496 1129 644 1161 Rulino,ut
656 1125 745 1154 verbis
757 1129 816 1152 utar
829 1120 983 1156 Hieronymi
994 1119 1027 1150 ⁸³,

243 1180 393 1209 cauterium
406 1179 541 1206 haereseos
561 1174 668 1206 inussit,
691 1177 808 1206 eumque
824 1167 963 1196 damnavit
982 1174 1029 1193 an—

245 1235 278 1254 no
289 1226 352 1254 Mil.
371 1233 381 1251 ι
404 1221 591 1253 Damnationis
606 1218 806 1250 haereticorum,
825 1225 835 1242 ι
857 1213 944 1249 inquit
958 1212 1027 1240 idem

244 1273 423 1307 llieronymus
445 1269 524 1304 epist.
541 1267 585 1300 I6,
609 1276 619 1292 ι
638 1266 696 1293 haec
721 1261 845 1290 Marcella
863 1260 913 1288 fuit
926 1258 1028 1294 princi-

243 1318 330 1353 pium,
342 1301 405 1344 dum
428 1301 538 1342 adducit
554 1316 644 1343 testes.
658 1310 704 1345 qui
724 1308 799 1344 prius
813 1306 847 1333 ab
865 1305 905 1332 eis
919 1301 1030 1335 eruditi,

245 1348 269 1392 et
283 1348 376 1398 postea
393 1361 426 1388 ab
442 1359 568 1388 hteretico
583 1357 691 1384 fuerant
703 1361 798 1382 errore
813 1350 947 1385 correpti;
968 1348 1029 1376 dum

245 1393 364 1438 ost-endit
375 1406 573 1435 multitudinem
590 1404 765 1436 deceptorum
775 1419 783 1431 ,
794 1398 857 1424 dum
873 1395 954 1430 impia
961 1393 1030 1428 Περὶ

245 1454 345 1491 ἀρχῶν
365 1453 463 1489 ingerit
474 1450 621 1482 volumina,
633 1455 692 1484 qua:
706 1445 847 1474 emendata
859 1449 939 1470 mattu
956 1447 1030 1468 scoro

245 1485 283 1538 pii
303 1485 539 1530 monstrabantur;
557 1496 620 1524 dum
633 1493 713 1521 acciti
727 1488 915 1526 frequentibus
933 1485 1032 1514 litteris

247 1547 382 1579 haeretici,
402 1549 431 1572 ut
449 1551 478 1571 se
496 1541 691 1571 defenderent,
707 1537 800 1564 venire
817 1542 869 1562 non
883 1536 945 1560 sunt
961 1531 1031 1563 ausi,
1045 1549 1066 1578 ϐ

248 1599 374 1630 tantaque
386 1593 426 1620 vis
438 1589 609 1620 conscientiae
629 1587 690 1618 fuit,
704 1590 733 1612 ut
750 1584 877 1612 absentes
897 1578 1030 1611 damnari,

247 1649 327 1677 quant
344 1643 491 1675 praesentes
504 1634 615 1670 coargui
636 1631 790 1660 maluerint.
806 1627 891 1662 Hujus
906 1631 958 1653 tam
975 1624 1031 1660 glo-

247 1689 326 1717 riosae
341 1684 462 1714 victoriae
479 1682 555 1717 origo
574 1678 700 1708 Marcella
718 1681 769 1705 est.
790 1685 799 1702 ι
816 1673 899 1708 Cujus
913 1670 1032 1698 victoria:

248 1737 319 1764 fama
336 1740 396 1761 cum
419 1738 466 1767 per
486 1734 571 1757 totum
594 1726 686 1753 urbem
708 1721 897 1752 increbuisset,
918 1718 1031 1745 Anasta-

248 1784 317 1811 sium
331 1766 425 1816 ipsum?
436 1784 514 1812 super
529 1774 628 1803 Ruﬁno
642 1768 906 1800 consuluitJoannes
920 1766 1031 1794 .leroso-

248 1811 406 1864 lymitanus.
434 1811 546 1858 eiusque
563 1818 725 1848 sententiam
754 1813 915 1850 exploravit.
937 1811 1033 1838 Exstat

248 1859 383 1902 Anastasii
396 1867 535 1904 responsio
551 1865 612 1893 data
626 1864 659 1891 ad
672 1871 716 1890 an.
733 1861 796 1893 402,
817 1859 842 1886 in
863 1865 916 1893 qua
936 1861 1033 1884 notan-

250 1921 311 1948 dttm
328 1918 416 1954 primo
435 1902 502 1943 illud
519 1917 571 1945 est,
596 1910 688 1938 multis
709 1908 743 1935 ab
757 1914 789 1934 eo
813 1904 937 1932 laudibus
952 1902 1034 1929 Joan-

249 1974 312 1995 nem
329 1949 494 2000 δήμιιίεωί
513 1960 576 1987 licet
591 1960 748 1992 suspectum
773 1951 882 1984 extolli;
896 1949 992 1978 deinde
1007 1954 1034 1976 et

251 2012 339 2041 istud:
353 2020 362 2036 α
377 1994 508 2044 6rigenes
528 2009 630 2035 autem,
648 2000 728 2035 cuius
739 1999 765 2026 in
778 2002 898 2025 nostram
915 1994 1033 2029 linguam

251 2056 396 2105 composita
418 2039 550 2082 derivavit
567 2045 703 2085 (Ruﬁnus)
719 2049 783 2072 ante
807 2042 869 2078 quis
896 2040 987 2073 fuerit,
1007 2039 1033 2066 in

477 2099 493 2105 --
536 2104 540 2105 ν
562 2096 591 2105 LA
621 2097 742 2105 ..μη--..ω
760 2088 923 2105 ...ιιυιιιαῖιιπη
944 2084 1033 2105 nothi-

251 2084 497 2140 qutchprocesserit
514 2084 604 2128 verba,
621 2097 744 2121 nostrum
760 2088 924 2125 propositum
944 2084 1034 2113 nesci-

595 2139 598 2140 ,
659 2138 665 2140 _
782 2133 826 2140 Η,
1002 2129 1033 2140 AL

252 2129 300 2175 in.
313 2129 421 2173 )IAddit
440 2142 566 2170 Ruﬁnum
594 2139 644 2166 hac
659 2133 881 2170 interpretatione
897 2130 977 2158 fidem
1001 2129 1035 2156 ab

254 2191 381 2227 apostolis
395 2191 569 2225 propagatam
579 2183 681 2211 violare
693 2180 828 2211 voluisse;
841 2184 893 2204 non
907 2175 1035 2203 damnare

253 2223 354 2270 tamen,
372 2220 422 2264 si-a
436 2220 544 2262 traditis
560 2231 587 2258 in
609 2229 785 2263 interpretato
801 2230 883 2259 opere
904 2220 1036 2256 dogmatis
1051 2231 1073 2259 ι)

253 2285 411 2315 abhorreat;
432 2282 559 2308 danmare
577 2284 606 2305 se
625 2275 741 2310 penitus,
757 2272 780 2299 si
793 2270 887 2298 iisdem
899 2267 1034 2295 assentia-

254 2311 388 2359 turr.7'l‘um
405 2311 483 2363 paulo
503 2328 573 2360 post,
599 2331 608 2348 ι
625 2321 691 2348 Illud
704 2324 827 2354 quoque,
848 2314 945 2349 inquit,
963 2311 1035 2345 quod

254 2376 376 2405 evenisse
391 2359 511 2408 gaudeo,
519 2374 609 2396 tacere
636 2373 688 2393 non
705 2363 795 2399 potui,
815 2359 1035 2389 beatissimorum

253 2421 404 2458 principum
426 2423 551 2445 manasse
577 2418 704 2448 responsa
715 2430 723 2442 ,
739 2409 836 2444 quibus
850 2405 1037 2440 unusquisque

255 2451 309 2496 Ileo
341 2451 461 2494 serviens
479 2463 512 2490 ab
522 2459 644 2496 Origenis
657 2457 771 2484 lectione
788 2456 946 2484 revocetur;
961 2451 1037 2477 dant-

255 2513 426 2546 nandumque
451 2507 582 2537 sententia
605 2503 765 2540 principem,
789 2506 869 2534 quem
894 2496 973 2524 lectio
991 2503 1038 2522 re-

256 2550 314 2587 rum
325 2541 439 2593 profana
449 2552 610 2590 prodiderit.
631 2559 640 2576 ι
659 2549 741 2576 Suam
764 2545 871 2573 demum
887 2549 967 2577 super
982 2541 1037 2568 Ru-

257 2605 310 2632 ﬁno
321 2587 482 2631 sententiam
498 2600 540 2627 his
559 2596 649 2624 verbis
664 2592 795 2629 exponit:
813 2599 823 2616 ι
844 2589 937 2623 Itaque
955 2587 1039 2615 frater

257 2649 426 2678 charissime,
440 2645 515 2673 omni
525 2642 678 2677 suspicione
687 2637 815 2674 seposita.
831 2635 958 2662 Ruﬁnum
970 2634 1039 2661 scito

257 2693 328 2728 quod
340 2691 447 2726 propria
457 2692 547 2716 mente
559 2685 682 2721 Origenis
694 2683 767 2711 dicta
782 2681 808 2708 in
819 2679 940 2708 Latinum
952 2684 1040 2706 trans-

260 2739 320 2766 tulit
338 2724 369 2765 ac
384 2724 517 2771 probavit,
535 2740 585 2761 nec
598 2729 738 2760 dissimilis
749 2729 782 2756 ab
795 2733 828 2754 eo
845 2730 887 2754 est
910 2725 955 2760 qui
972 2724 1039 2752 alie-

261 2786 301 2812 nis
316 2784 386 2811 vitiis
413 2785 523 2818 prastat
543 2786 693 2807 assensum.
711 2774 780 2804 Illud
795 2778 884 2802 tamen
904 2771 974 2801 scire
992 2777 1039 2798 cu-

297 2883 318 2897 ”
333 2881 442 2909 Hieron.
455 2879 531 2909 Apol.
544 2878 640 2911 '5,cap.
655 2876 681 2904 ὓ.

1071 262 1144 291 agat,
1152 256 1195 283 ubi
1209 255 1253 284 sit.
1266 253 1370 280 nescire
1382 251 1532 286 cupiamus.
1543 248 1603 284 Ipse
1616 248 1734 282 denique
1749 246 1845 281 viderit,

1070 305 1113 332 ubi
1130 303 1217 339 possit
1229 301 1342 329 absolvi.
1365 309 1376 338 γ)
1397 299 1527 333 Quocirca
1542 296 1666 323 Rufinum
1682 295 1721 322 ita
1743 293 1847 328 alloqui-

1072 354 1114 377 tur
1143 349 1321 382 Hieronymus
1348 345 1456 380 Apolog.
1482 343 1529 370 lib.
1547 349 1594 373 tu;
1610 348 1669 376 cap.
1696 339 1737 367 6:
1753 347 1763 364 ι
1784 339 1849 367 Vade

1070 396 1160 431 potius
1185 380 1311 425 Romam,
1333 397 1360 420 et
1388 397 1506 426 praesens
1523 388 1592 423 apud
1610 394 1670 414 eum
1689 380 1857 420 (RomanumP

1071 443 1237 478 episcopum)
1257 438 1466 474 expostula,cur
1480 435 1528 463 tibi
1552 439 1579 462 et
1601 433 1720 464 absenti,
1736 436 1764 459 et
1784 431 1850 459 inuo-

1071 488 1141 516 centi
1152 487 1246 515 fecerit
1262 484 1469 516 contumeliam;
1482 482 1595 517 primum
1612 485 1642 506 ut
1655 486 1710 507 non
1728 478 1852 512 reciperet

1073 535 1266 570 expositionem
1289 532 1351 560 ﬁdei
1377 535 1439 563 tuas,
1463 536 1543 564 quam
1567 527 1674 558 omnis,
1700 530 1733 552 ut
1751 524 1852 556 scribis,

1072 581 1147 610 Italia
1171 579 1375 615 comprobavit,
1391 581 1417 604 et
1436 575 1532 602 hacqu
1555 579 1661 601 tuarum
1682 572 1725 598 uti
1748 570 1853 598 noluerit

1072 627 1222 655 litterarum
1246 628 1341 652 contra
1354 628 1435 649 canes
1451 625 1510 647 tuos
1532 627 1539 644 :
1555 617 1652 645 deinde
1669 621 1702 644 ut
1729 615 1854 651 Epistolas

1072 677 1166 701 contra
1178 675 1205 699 te
1218 670 1251 698 ad
1273 669 1408 698 Orientem
1436 665 1564 697 mitteret,
1582 669 1608 692 et
1634 663 1788 690 cauterium
1812 661 1853 689 tibi

1073 719 1208 747 haereseos
1219 716 1284 743 dum
1300 714 1389 742 nescis
1399 714 1528 745 inureret,
1538 711 1696 743 diceretque
1709 708 1791 736 libros
1800 705 1854 734 Ori-

1074 764 1150 798 genis
1165 762 1235 796 Περὶ
1250 760 1350 795 ἀρχῶν
1364 767 1379 787 a
1394 764 1420 786 te
1435 765 1495 786 esse
1518 756 1666 784 translatos
1676 775 1684 787 ,
1702 758 1730 782 et
1749 753 1853 788 simplici

1074 810 1202 837 Romana:
1211 807 1336 836 Ecclesia:
1355 805 1424 840 plebi
1446 803 1569 835 traditos,
1585 807 1614 829 ut
1628 801 1690 828 fidei
1707 800 1852 828 veritatem.

1075 864 1156 892 quam
1174 856 1206 883 ab
1221 854 1348 889 Apostolo
1360 852 1527 881 didicerant,
1544 856 1591 884 per
1613 853 1640 875 te
1661 847 1854 883 perderent;et

1076 911 1130 939 quo
1143 903 1190 930 tibi
1204 901 1331 936 majorem
1348 899 1449 926 faceret
1463 896 1604 926 invidiam,
1616 901 1702 921 ausus
1720 894 1755 920 sit
1773 891 1851 919 crimi-

1078 949 1137 978 nari
1153 949 1201 976 hos
1217 948 1309 983 ipsos,
1327 944 1489 981 prmfationis
1507 948 1558 969 tuae
1576 940 1734 969 testimonio
1757 939 1853 966 robora-

1079 999 1147 1022 tos.»
1169 993 1240 1027 Quin
1256 993 1338 1020 etiam
1352 993 1378 1019 in
1392 989 1511 1025 Epistola
1527 987 1571 1021 82,
1588 987 1622 1014 ad
1643 985 1853 1013 lllarcellinma

1077 1040 1280 1075 Anaprychiam,
1299 1045 1359 1066 sese
1378 1038 1414 1064 ait
1442 1034 1581 1063 subdolum
1601 1032 1724 1061 libellum
1739 1039 1754 1058 a
1771 1031 1854 1058 Ruﬁno

1078 1087 1195 1115 oblatum
1213 1085 1354 1113 Anastasio
1373 1091 1458 1119 papae,
1471 1083 1591 1116 aliasque
1604 1079 1692 1115 ipsius
1706 1078 1855 1112 scriptiones

1078 1134 1214 1170 opusculis
1227 1132 1385 1168 quibusdam
1402 1130 1560 1165 explosisse,
1572 1135 1638 1162 quas
1653 1134 1710 1154 non
1724 1126 1795 1153 aliud
1806 1132 1855 1152 esse

1079 1179 1224 1215 coniecerit
1243 1178 1386 1214 quispiam,
1405 1184 1484 1212 quam
1498 1175 1642 1211 Apologias
1658 1174 1746 1208 ipsas,
1761 1173 1793 1200 de
1806 1173 1856 1207 qul-

1079 1226 1129 1253 bus
1141 1225 1264 1261 proxime
1282 1222 1563 1251 commemorabimus.

1116 1293 1185 1321 XXI.
1206 1292 1262 1320 Hoc
1275 1292 1333 1327 ipso
1352 1298 1423 1318 anno
1444 1289 1578 1325 geminam
1603 1287 1697 1316 Rufini
1728 1287 1855 1314 adversum

1081 1347 1110 1367 se
1124 1336 1400 1374 Apologiam‘getuina
1410 1336 1501 1364 itidem
1513 1335 1642 1362 adversus
1654 1333 1784 1360 Ruﬁnum
1797 1333 1857 1366 Apo-

1079 1385 1149 1420 logia
1171 1384 1350 1419 Hieronymus
1368 1382 1475 1417 excepit
1490 1390 1497 1409 :
1513 1388 1574 1408 nam
1589 1387 1652 1407 cum
1677 1388 1710 1407 ex
1725 1379 1857 1407 Occidente

1081 1431 1275 1467 Jerosolymam
1287 1433 1430 1457 remeasset
1445 1427 1527 1463 ipsius
1539 1426 1623 1454 frater
1639 1424 1855 1457 Paulinianus,li-

1081 1477 1144 1504 hros
1157 1477 1214 1504 illos
1226 1475 1356 1503 adversus
1366 1482 1426 1502 eum
1442 1473 1604 1504 elaboratos.
1621 1471 1744 1499 nondum
1761 1471 1854 1505 quidem

1083 1524 1117 1551 ab
1128 1528 1247 1556 auctore,
1264 1529 1344 1557 quem
1369 1525 1456 1547 metus
1479 1519 1582 1547 scilicet
1603 1523 1631 1544 et
1654 1518 1746 1552 pudor
1768 1516 1857 1543 inhibe-

1084 1569 1158 1599 bant,
1174 1568 1199 1594 in
1214 1567 1302 1594 lucem
1314 1573 1375 1594 esse
1395 1564 1493 1596 editos,
1507 1563 1554 1590 sed
1573 1563 1643 1590 inter
1665 1561 1759 1588 Ruﬁni
1779 1565 1854 1587 tamen

1084 1613 1230 1642 familiares
1258 1610 1428 1639 circumferri
1459 1608 1639 1644 significavit;
1656 1616 1674 1635 e
1689 1607 1786 1642 qulbus
1805 1613 1855 1633 cum

1085 1660 1111 1687 in
1123 1659 1217 1694 vulgus
1232 1658 1361 1686 exiisscnt
1380 1656 1516 1688 nonnulla,
1531 1654 1640 1682 collecta
1654 1661 1690 1681 ea
1708 1653 1742 1680 ad
1761 1653 1856 1684 fratrem

1085 1705 1195 1742 pertulit
1208 1713 1215 1732 :
1228 1705 1298 1739 quod
1314 1703 1399 1737 ipsum
1418 1701 1599 1736 prmSLiterunt
1610 1707 1657 1734 per
1674 1699 1778 1727 litteras
1791 1698 1856 1725 Pam-

1085 1751 1207 1779 machius
1229 1754 1256 1777 et
1277 1748 1457 1776 Marcellinus.
1476 1747 1532 1774 Non
1559 1746 1593 1774 ad
1619 1746 1670 1773 has
1691 1745 1763 1780 ipsas
1783 1745 1858 1778 itaque

1086 1797 1176 1825 Ruﬁni
1189 1795 1357 1830 scriptiones,
1367 1794 1415 1822 sed
1427 1793 1459 1821 ad
1472 1792 1569 1820 relatas
1580 1799 1594 1818 a
1607 1790 1792 1822 Pammachio,
1801 1789 1859 1816 Mar-

1087 1843 1183 1872 cellino
1207 1846 1234 1869 et
1257 1840 1417 1868 Pauliniano
1433 1839 1635 1867 criminationes
1649 1837 1772 1871 priorem
1790 1841 1858 1870 quam

1087 1890 1216 1918 habemus
1237 1887 1394 1922 Apologiam
1421 1885 1600 1920 Hieronymus
1624 1883 1778 1911 adornavit.
1799 1882 1858 1908 Duo-

1086 1935 1136 1962 bus
1152 1941 1184 1962 ea
1200 1933 1355 1961 continetur
1371 1931 1458 1963 libris,
1472 1936 1499 1958 et
1519 1929 1689 1956 Pammachii
1711 1935 1743 1955 ac
1760 1925 1858 1954 Marcel-

1087 1980 1134 2008 lini
1159 1979 1266 2007 nomine
1289 1977 1419 2012 inscripta
1441 1981 1497 2008 est,
1513 1983 1627 2011 quorum
1654 1975 1762 2002 monitu
1785 1973 1858 2000 fuerat

1087 2025 1261 2058 elucubrata;
1277 2025 1311 2051 ad
1335 2031 1382 2051 eos
1406 2029 1470 2050 vero
1488 2021 1658 2053 transmissa,
1672 2027 1743 2055 quas
1764 2018 1858 2054 scriptis

1087 2073 1144 2101 suis
1160 2071 1273 2098 Ruﬁnus
1288 2068 1425 2097 aﬂlaverat
1438 2075 1445 2095 :
1467 2067 1492 2095 in
1504 2075 1589 2102 eaque
1608 2067 1731 2094 declarat
1744 2065 1858 2099 Hierony-

1088 2126 1147 2146 mus
1165 2117 1341 2145 constitutum
1358 2122 1418 2142 esse
1432 2114 1484 2141 sibi
1500 2112 1628 2148 peculiari
1642 2119 1728 2146 opere
1743 2109 1858 2144 Pamphili

1088 2169 1115 2193 et
1131 2163 1239 2192 Eusebii
1252 2161 1409 2197 Apologiam
1424 2159 1557 2188 refellere.
1572 2159 1633 2186 Haec
1645 2157 1727 2186 simul
1748 2161 1821 2192 atque
1831 2154 1856 2182 ad

1089 2211 1214 2239 Ruﬁnum
1231 2209 1334 2244 perlata
1349 2213 1401 2235 est.
1414 2206 1456 2234 Ira
1484 2206 1625 2238 incitatus,
1645 2211 1801 2239 responsum
1816 2208 1858 2228 una

1088 2267 1148 2286 cum
1165 2256 1300 2292 Apologiis
1316 2254 1389 2282 misit
1409 2253 1442 2280 ad
1465 2252 1669 2287 Hieronymum,
1688 2257 1742 2284 quo
1762 2247 1858 2276 hastatis

1089 2312 1148 2333 ettm
1167 2302 1289 2337 apicibus
1318 2299 1477 2331 territabat,
1500 2304 1613 2324 mortem
1634 2296 1775 2327 minitans,
1791 2298 1816 2321 et
1831 2291 1858 2319 ad

1091 2349 1233 2379 tribunalia
1249 2354 1309 2375 sese
1332 2349 1550 2381 provocaturum,
1573 2342 1624 2370 nisi
1641 2340 1790 2369 maledictis
1807 2338 1858 2365 abs-

1090 2397 1196 2424 tineret.
1211 2393 1311 2421 Verum
1321 2391 1411 2419 futiles
1425 2390 1511 2417 minas
1522 2387 1721 2424 parvipettdens
1740 2386 1856 2418 Hierony-

1090 2451 1160 2475 mus,
1174 2441 1351 2477 posteriorem
1365 2438 1522 2473 Apologiam
1537 2437 1665 2464 continuo
1687 2433 1827 2469 rescripsit.

1124 2487 1203 2516 XXII.
1218 2487 1280 2514 Post
1302 2489 1403 2519 septem
1431 2490 1517 2511 annos
1539 2489 1620 2517 quam
1644 2481 1704 2508 haec
1719 2485 1776 2506 acta
1792 2481 1853 2507 sunt.

1088 2536 1159 2564 diem
1176 2535 1271 2562 c‘lausit
1283 2537 1434 2560 extreutum
1450 2529 1562 2557 Melania
1583 2528 1693 2560 senior,
1709 2527 1753 2553 vix
1776 2533 1789 2551 a
1802 2529 1856 2557 qua-

1089 2581 1211 2617 draginta
1247 2579 1339 2607 diebus
1369 2575 1564 2611 Jerosolymam
1595 2580 1714 2601 reversa.
1745 2570 1853 2598 Ruﬁnum

1089 2614 1195 2663 quoque
1209 2630 1338 2660 sequente
1354 2631 1439 2654 anno,
1453 2622 1498 2657 qui
1513 2621 1562 2648 fuit
1575 2628 1590 2647 a
1605 2619 1715 2647 Christo
1728 2622 1788 2645 nato
1803 2614 1852 2646 ΗΟ.

1091 2673 1210 2708 Aquileia
1226 2673 1260 2699 ab
1276 2672 1384 2699 Alarico
1398 2673 1500 2696 vastata
1521 2667 1547 2694 in
1562 2665 1653 2693 Sicilia
1669 2663 1804 2699 profugum
1817 2667 1853 2695 pe

1091 2707 1169 2749 riisse
1185 2720 1266 2748 tradit
1282 2718 1422 2746 Baronius.
1443 2716 1478 2743 At
1490 2715 1516 2742 in
1533 2712 1650 2748 Epistola
1668 2712 1701 2738 ad
1717 2707 1850 2737 Urraa‘um.

1090 2776 1169 2804 quam
1186 2764 1399 2802 interpretationi
1420 2760 1680 2792 Commentariorum
1704 2752 1851 2791 Origeuisitl
