1927 3076
102 129 180 157 1151

533 128 816 158 ORIGENIANORUM
835 128 898 156 LIB.
915 127 948 160 11,
967 124 1042 154 CAP.
1063 126 1106 159 IV,
1127 126 1222 154 SECT.
1238 126 1261 153 l.

1636 126 1703 154 1158

95 189 204 217 librum
217 188 394 218 Numerorum
406 189 522 224 praeﬁxit
537 190 658 222 Ruﬁnus,
678 197 809 224 quamque
824 196 884 216 cum
898 191 922 219 Α
936 195 995 220 cap.
1006 187 1033 214 2.
1044 186 1077 214 Et
1090 186 1253 221 Augustinus
1266 185 1313 214 lib.
1329 193 1349 213 ιι
1364 184 1402 212 De
1412 190 1512 219 peccat.
1523 185 1629 219 erigim,
1644 186 1702 211 adv.

96 236 223 263 nondum
239 235 308 262 edita
324 240 405 268 esset,
419 243 522 263 mecum
545 236 607 263 olim
628 236 739 271 benigne
759 242 877 262 commu-

96 282 379 309 niearuntclarissimi
391 281 487 309 fratres
501 282 607 316 Bigotii,
623 282 658 308 ita
671 281 764 309 scribit
780 290 787 308 :
807 281 879 308 «Sed

97 329 248 356 reddenda:
266 329 448 363 pollicitationi
479 336 530 356 non
555 329 757 364 tempestivum,
776 332 805 354 ut
835 327 880 355 ille

98 375 162 407 ait,
189 375 236 401 sed
265 379 475 409 tempestuosum
500 374 576 402 nobis
588 379 691 409 tempus
703 381 735 401 ac
746 373 879 400 turbidum

99 421 168 449 fuit.
189 422 254 456 Quis
270 422 339 450 enim
355 423 390 450 ibi
403 421 475 457 ston
489 422 562 450 locus
573 426 624 454 est,
640 421 684 449 ubi
701 420 806 448 hostilia
828 420 879 447 tela

98 467 340 494 metuunturiubi
362 467 388 494 in
402 467 487 495 oculis
512 471 553 495 est
578 467 682 494 urbium
705 472 880 500 agrorumque

96 512 240 540 vastatio?
260 513 303 540 ubi
322 512 421 547 fugitur
433 520 480 547 per
497 513 597 539 marina
617 511 773 539 discrimina
785 531 793 543 ,
809 515 880 538 etne

99 558 165 593 ipsa
182 558 288 593 quidem
309 557 409 592 absque
423 563 493 585 metu
510 558 643 585 habentur
654 556 767 584 exsilia?
780 557 808 584 ln
818 564 881 584 con-

97 608 201 638 spectu
218 603 326 635 etenim,
340 607 368 630 ut
380 603 488 630 videbas
499 603 577 630 etiam
593 603 659 637 ipse,
676 607 767 630 nostro
780 602 880 630 Barba-

98 656 164 682 rus,
179 649 225 683 qui
241 648 364 683 Rhegino
387 648 484 683 Oppido
499 647 627 675 miscebat
653 647 784 679 incendia,
800 654 881 682 angu-

97 694 224 723 stissimo
239 701 254 721 a
268 694 344 721 nobis
357 693 442 726 freto,
461 693 505 720 ubi
520 693 600 720 Italiae
616 692 699 720 solum
712 692 802 720 Siculo
818 693 882 720 diri-

97 739 199 773 mitur,
216 739 366 766 arcebatur.
386 748 395 765 ι
414 739 515 774 Agebat
529 746 593 773 ergo
609 743 664 766 tum
686 739 712 765 in
724 738 827 766 Sicilia.
838 738 883 765 Ait

97 784 202 812 deinde
214 793 221 812 :
240 793 250 810 ι
260 784 318 812 Jam
330 785 401 812 enim
415 792 448 812 ex
460 785 582 812 omnibus
596 791 656 819 quae
675 784 701 811 in
715 784 771 817 lege
784 783 882 818 scripta

98 828 211 862 reperi,
227 828 290 855 sola:
310 831 339 855 ut
354 834 418 863 puto
435 829 461 855 in
475 829 681 856 Deutcronomio
702 828 798 856 desunt
819 836 882 855 ora-

99 873 242 906 tiunculas,
259 881 326 909 quas
339 874 362 902 si
376 875 504 901 Dominus
521 873 629 908 jurerit,
644 878 671 902 et
685 874 826 902 sanitatem
838 875 883 902 de-

98 919 175 947 derit
195 920 291 954 oculis,
323 920 444 954 cupimus
470 919 574 955 reliquo
601 927 711 954 corpore
743 920 846 946 sociare
872 928 879 945 :

97 966 229 1001 quamvis
247 967 446 994 amantissimus
467 967 538 993 lilius
564 971 655 994 noster
670 966 816 998 Pinianus,
834 974 882 993 cn-

97 1012 148 1048 jus
162 1012 316 1048 religiosum
331 1017 430 1040 ctetum
452 1020 500 1047 pro
524 1020 615 1040 amore
642 1012 775 1047 pudicitiae
794 1012 883 1047 profu-

98 1065 168 1092 gum
185 1058 355 1090 comitamur,
378 1057 498 1092 injungat
523 1062 550 1085 et
577 1058 639 1085 alia.
660 1067 670 1083 ι
691 1057 816 1084 Pinianus
828 1057 882 1090 ille,

100 1102 185 1136 cujus
197 1102 224 1129 in
241 1103 366 1130 comitatu
383 1111 412 1131 se
426 1107 479 1130 tum
500 1102 582 1130 fuisse
597 1103 634 1130 ait
650 1103 772 1135 Ruﬁnus,
789 1103 811 1130 is
826 1106 884 1129 erat

101 1147 229 1174 Melania:
249 1147 362 1181 junioris
383 1147 504 1175 maritus.
529 1146 604 1174 Hunc
623 1147 706 1174 Roma
729 1147 884 1174 disceSsisse

102 1199 181 1220 anno
195 1192 257 1225 408,
272 1197 299 1220 et
317 1191 503 1227 Carthaginem
517 1192 650 1227 appulisse
662 1200 731 1220 anno
744 1192 806 1226 409,
827 1193 884 1228 ipse

101 1238 230 1273 agnoscit
244 1238 382 1266 Baronius.
399 1238 481 1273 Igitur
503 1238 545 1266 vel
559 1238 682 1266 Ruﬁnum
709 1238 735 1265 in
752 1237 843 1265 Sicilia
867 1245 882 1265 ιι

103 1283 220 1312 Piniano
233 1289 261 1311 et
273 1290 388 1319 utraque
404 1284 516 1312 Melania
529 1284 651 1311 relictum
670 1291 743 1311 mors
756 1290 826 1311 anno
842 1290 884 1310 se-

101 1330 199 1364 quenti
215 1331 397 1364 oppresserit;
412 1330 453 1358 vel
468 1335 541 1358 certe
553 1335 656 1364 tempus
678 1337 692 1356 a
710 1329 822 1356 Baronio
841 1336 884 1356 as-

101 1377 241 1411 signatum
256 1384 308 1404 uno
319 1376 412 1404 saltem
428 1384 498 1403 anno
513 1376 602 1403 Ruﬁni
623 1376 713 1403 obitus
734 1379 884 1403 anteverte-

104 1422 155 1454 rit,
172 1422 220 1448 viri
237 1421 405 1457 Origeniana:
417 1421 545 1449 doctrina:
560 1421 596 1448 ita
609 1421 736 1453 studiosi,
756 1425 784 1448 ut
796 1420 885 1447 inﬁni-

104 1472 150 1494 tas
169 1467 220 1494 sibi
236 1468 338 1500 turbas,
355 1467 484 1500 convicia,
500 1466 636 1493 infamiam
648 1471 675 1493 et
688 1466 883 1493 damnationem

105 1509 223 1544 denique
244 1509 301 1543 ejus
321 1517 400 1536 causa
424 1508 556 1544 pepererit
576 1517 582 1533 :
607 1509 651 1543 qui
674 1508 696 1535 si
725 1508 813 1535 animo
837 1515 885 1535 suo

104 1553 203 1582 fuisset
219 1554 381 1587 moderatus,
398 1559 425 1582 et
439 1562 453 1581 a
470 1554 596 1581 librorum
611 1554 679 1588 Περὶ
690 1552 790 1587 ἀρχῶν
801 1553 883 1580 inter-

103 1600 258 1634 pretatione
272 1600 443 1628 abstinuisset
457 1608 565 1627 manum
577 1619 585 1631 ,
604 1607 681 1627 suum
693 1599 743 1626 sibi
755 1599 883 1634 Origenes

105 1646 202 1677 decus,
215 1645 379 1680 gloriamque
401 1646 426 1672 in
450 1645 594 1673 Occidente
617 1648 768 1675 servasset;
789 1651 883 1671 verum

106 1690 172 1718 dum
189 1690 268 1717 tradit
281 1691 352 1717 illum
367 1689 469 1718 Latinis
481 1691 629 1725 legendum,
646 1698 678 1717 ex
696 1690 813 1716 omnium
829 1697 884 1715 ma-

106 1734 189 1761 nibus
205 1735 322 1762 excussit
336 1744 343 1762 :
360 1744 369 1760 ι
384 1735 467 1762 Totus
490 1735 560 1762 enim
574 1734 664 1766 orbis,
680 1743 689 1759 ι
714 1733 800 1767 inquit
824 1732 885 1760 Hic-

105 1786 238 1814 ronymus
263 1780 338 1813 Apol.
362 1788 383 1810 ι.
409 1787 467 1810 cap.
484 1779 510 1812 5,
538 1788 547 1805 ι
570 1783 629 1813 post
655 1777 856 1805 translationem
873 1786 882 1803 ι

107 1825 199 1852 Ruﬁni
224 1835 234 1851 ι
249 1825 274 1852 in
296 1824 417 1860 Origenis
442 1825 531 1852 odium
558 1824 675 1856 exarsit,
703 1830 782 1859 quem
807 1827 884 1850 antea

107 1869 268 1904 simpliciter
289 1870 435 1897 lectitabat.
453 1879 462 1896 ι
488 1869 666 1896 Nihilominus
687 1869 721 1895 ab
743 1867 886 1895 Anastasio

108 1915 174 1943 licet
188 1917 328 1943 damnatus
346 1916 425 1943 fuerit
437 1915 560 1948 Ruﬁnus,
579 1914 635 1948 ejus
646 1919 734 1941 tamen
749 1918 889 1940 consuetu-

108 1962 171 1989 dine
197 1969 273 1988 usum
298 1962 379 1989 fuisse
400 1961 582 1989 Chromatium
602 1960 799 1994 Aquileiensem
829 1958 887 1994 epi~

108 2015 220 2041 scopum
236 2008 377 2042 persuadet
391 2007 474 2041 ipsius
490 2006 615 2034 Praefatio
629 2005 783 2036 Eusebium
798 2005 888 2033 Histo-

108 2053 158 2078 τίω
179 2059 193 2078 a
213 2059 241 2079 se
254 2060 389 2079 converso:
401 2052 538 2087 praemissa
549 2070 556 2083 ,
569 2059 621 2086 qua
643 2057 733 2086 rogatu
757 2051 888 2079 Chroma-

109 2098 151 2129 tii,
166 2098 255 2124 animo
272 2106 303 2125 ex
315 2098 408 2133 patria:
422 2098 497 2125 clade
508 2097 604 2125 alﬁicto
620 2097 738 2125 solamen
761 2097 888 2124 adhibere

111 2144 238 2176 volentis,
259 2150 408 2178 susreptam
426 2144 496 2171 illam
516 2153 529 2171 a
553 2153 581 2172 se
598 2145 715 2172 ostendit
748 2144 887 2171 Melaniam

111 2195 219 2223 quoque
229 2188 272 2216 diu
296 2195 355 2224 post
372 2189 497 2217 inﬁictam
521 2190 617 2218 Ruﬁno
641 2197 782 2218 censuram
803 2193 890 2217 certa-

111 2234 160 2260 tim
178 2234 300 2261 laudibus
315 2234 465 2261 extulerunt
479 2235 640 2270 Augustinus
653 2239 680 2262 et
698 2234 826 2262 Paulinus
842 2242 849 2260 :
863 2239 890 2261 et

110 2284 174 2314 post
192 2283 305 2307 mortem
333 2279 438 2306 demum
462 2279 488 2306 in
519 2279 671 2307 Graecorum
696 2279 890 2314 Martyrologiis

111 2326 185 2353 inter
198 2329 303 2352 sanctos
321 2325 435 2353 ascripta
450 2330 501 2352 est.

150 2369 244 2398 XXIII.
259 2371 295 2397 At
309 2378 360 2397 non
386 2370 473 2397 Ruﬁni
494 2369 566 2397 obitu
585 2375 640 2396 sata
666 2370 699 2397 ab
723 2370 778 2404 ipso
801 2368 891 2404 Orige—

113 2416 195 2444 nismi
220 2416 321 2444 semina
344 2417 474 2444 exstincta
501 2420 571 2443 sunt.
597 2415 729 2450 Pelagius,
747 2416 892 2443 monachus

113 2462 224 2490 natione
232 2462 388 2496 Britannus,
400 2467 505 2496 arrepta
523 2461 642 2496 qutedam
653 2461 776 2497 Origenis
785 2462 892 2496 dogma-

114 2513 142 2536 ta
163 2516 177 2535 a
197 2507 294 2535 Ruﬁno
317 2508 421 2535 exculta
439 2512 465 2535 et
481 2513 625 2543 propagata
649 2508 796 2534 renovavit.
821 2506 893 2540 Quo-

115 2554 190 2581 circa
207 2553 385 2589 Hieronymus
402 2553 429 2581 in
449 2553 581 2581 Prommio
604 2552 637 2580 ad
655 2553 701 2580 lib.
723 2561 732 2580 ι
749 2552 891 2580 Comment.

114 2598 146 2625 in
169 2597 266 2625 Jerem.
292 2598 456 2632 Grunnium,
480 2599 530 2626 hoc
558 2602 599 2625 est
622 2597 767 2629 Ruﬁnum,
796 2597 894 2633 Pelagii

117 2652 129 2671 ι
161 2651 367 2679 praecursorem-
384 2647 411 2671 et
441 2643 596 2678 magistrum
620 2653 629 2670 ι
652 2643 777 2678 appellat.
792 2643 896 2678 ,Dogma

115 2696 225 2725 quoque
240 2689 372 2721 ἀπαθείας
385 2694 412 2717 et
426 2689 644 2725 ἀναμαρτησίας,
659 2689 730 2724 quod
744 2696 825 2723 supra
840 2693 895 2715 tra-

117 2734 260 2766 ctavimus,
279 2736 313 2762 ab
329 2735 486 2769 OrigeniStis
504 2736 639 2770 accepisse
661 2734 815 2770 Pelagianos
834 2742 896 2769 pro-

119 2780 160 2808 dit
176 2780 202 2807 in
217 2779 351 2808 Prommlo
371 2780 474 2814 Dialag.
500 2780 558 2807 adu.
576 2780 664 2815 Pelag.
689 2785 715 2807 et
732 2780 758 2807 in
780 2779 895 2807 Promni.

121 2825 170 2854 lib.
190 2834 214 2854 tv
228 2825 372 2854 Comment.
388 2827 413 2853 in
428 2825 524 2853 Jerem.
537 2830 563 2852 et
578 2825 604 2853 in
622 2825 706 2860 Epist.
723 2826 755 2852 ad
772 2825 897 2860 Ctesiph.,

929 233 1019 268 Pelag.
1034 238 1062 260 et
1072 231 1191 265 Ctelcst.,
1207 232 1290 259 refert
1315 231 1341 258 in
1355 230 1456 266 judicio
1478 231 1620 266 episcopali
1639 231 1704 258 Car-

931 279 1038 315 thagine
1053 279 1154 310 habito,
1172 277 1302 313 quaerenti
1316 276 1427 304 Paulino
1440 276 1552 304 diacono
1566 277 1705 311 presbyte-

930 333 1018 352 rorum
1033 324 1140 351 nomina
1153 343 1161 357 ,
1182 331 1196 349 a
1209 323 1304 357 quibus
1325 322 1491 357 pestilean
1508 329 1584 350 suam
1608 322 1706 349 doctri-

929 379 989 398 nam
1003 370 1144 398 Caelestius
1158 369 1318 404 accepisset,
1338 368 1507 403 respondisse
1529 366 1680 394 Ccelestium
1695 375 1704 393 :

933 425 943 443 ι
960 417 1076 444 Sanctus
1100 416 1239 451 presbyter
1265 414 1396 447 Ruﬁnus,
1421 413 1513 441 Romae
1537 414 1582 447 qui
1609 413 1706 440 mansit

930 470 990 490 cum
1003 466 1097 489 sancto
1113 461 1293 488 Pammachio.
1312 460 1368 495 Ego
1385 460 1472 486 audivi
1485 459 1557 486 illum
1573 459 1705 486 dicentem

931 508 990 542 quia
1008 507 1101 534 tradux
1129 506 1232 541 peccati
1252 513 1304 533 non
1332 506 1376 532 sit.
1395 514 1405 530 ι
1428 505 1531 532 Idcirco
1553 504 1704 540 Origeniani

930 553 1045 580 nominis
1059 553 1184 580 invidiam
1210 552 1236 578 in
1262 559 1291 578 se
1315 557 1470 578 conversam
1492 550 1610 577 sentiens
1631 549 1707 577 Pela-

930 598 999 633 gius,
1015 605 1075 625 cum
1093 598 1160 632 apud
1177 597 1360 624 Innocentium
1375 603 1470 631 papam
1485 602 1513 622 se
1529 601 1663 630 purgaret,
1679 595 1706 621 in

930 642 1019 670 liber
1052 642 1113 669 ﬁdei
1134 642 1279 676 praecipuos
1301 641 1423 676 Origenis
1444 647 1549 668 errores
1572 636 1708 674 proterere

931 695 960 715 se
985 688 1127 716 simulavit.
1143 687 1228 715 Porro
1250 692 1278 715 ut
1292 687 1459 722 Origeniame
1478 686 1573 714 lia-resi
1589 685 1709 720 Pelagia-

932 741 974 767 na,
989 734 1028 762 sic

1106 778 1298 807 ...Neston'ana
1315 779 1369 806 lues
1380 779 1500 806 successit
1518 778 1679 812 Pelagiana,

934 825 1020 860 inquit
1033 825 1147 859 Prosper
1161 826 1186 852 in
1202 824 1342 859 Epitaphio
1357 824 1522 852 Nestorianaz
1543 829 1570 851 et
1586 823 1707 857 Pelagia-

898 868 919 894 B
934 877 973 898 na.
989 870 1135 897 litereseon.
1151 870 1203 897 Sed
1229 870 1354 904 quoniam
1369 874 1467 904 praeter
1490 869 1639 896 institutum
1662 875 1708 896 no-

934 920 1018 945 strum
1033 921 1074 943 est
1087 916 1190 942 illarum
1205 915 1326 946 historia,
1340 919 1365 942 et
1380 915 1492 942 aliorum
1507 914 1642 941 laboribus
1654 913 1708 947 jam

934 962 999 989 satis
1014 961 1158 992 illustrata,
1175 962 1207 988 ad
1220 961 1359 995 sequentia
1372 967 1555 995 properamus.

968 1005 1062 1033 XXIV.
1082 1006 1205 1034 Obtritus
1225 1006 1304 1041 plane
1326 1013 1357 1033 ac
1380 1007 1565 1040 pessumdatus
1585 1005 1610 1032 in
1631 1004 1709 1032 Occi—

933 1051 1013 1079 dente
1036 1051 1174 1079 videbatur
1189 1051 1387 1086 Origenismus,
1404 1060 1463 1079 cum
1480 1058 1543 1078 ecce
1563 1050 1632 1078 Aviti
1658 1050 1709 1079 duo

934 1097 1055 1132 Hispani,
1070 1097 1182 1125 Romam
1196 1097 1272 1128 alter.
1291 1098 1359 1124 alter
1375 1097 1567 1132 Jerosolymam
1585 1096 1707 1131 profecti,

934 1143 961 1171 in
974 1143 1090 1179 patriam
1108 1148 1169 1178 post
1187 1144 1301 1170 reditum
1324 1151 1427 1171 merces
1448 1142 1622 1177 Origenianas
1637 1142 1708 1169 intu-

934 1189 1030 1216 lerunt.
1045 1189 1144 1216 llorum
1160 1188 1227 1215 alter
1240 1188 1284 1224 (is,
1301 1189 1327 1215 ni
1346 1188 1434 1220 fallor,
1449 1188 1494 1223 qui
1512 1187 1706 1222 Jerosolymam

934 1233 1118 1265 contenderat,
1140 1239 1272 1267 quemque
1288 1232 1384 1260 adiisse
1404 1233 1594 1267 Hieronymum
1617 1233 1642 1259 in
1656 1232 1708 1259 Pa-

934 1278 1035 1306 latstina
1048 1278 1186 1312 degentem
1206 1278 1351 1305 verisimile
1363 1277 1414 1312 est)
1437 1278 1470 1305 ab
1483 1277 1643 1313 Hieronymo
1662 1285 1710 1311 po-

935 1323 1090 1356 stulaverat,
1109 1328 1138 1351 ut
1148 1323 1269 1358 Origenis
1283 1322 1364 1350 libros
1381 1323 1450 1357 Περὶ
1466 1323 1568 1358 ἀρχῶν
1580 1343 1587 1355 ,
1605 1323 1709 1351 sincere

935 1373 962 1396 et
979 1369 1091 1397 ﬁdeliter
1111 1377 1257 1397 conversos
1281 1370 1313 1396 ad
1340 1376 1370 1396 se
1402 1369 1537 1401 mitteret;
1555 1369 1625 1403 quod
1649 1375 1710 1395 cum

937 1414 1014 1442 facile
1030 1415 1209 1450 impetrasset,
1230 1414 1418 1448 cavendosque
1431 1421 1538 1441 errores
1552 1421 1600 1447 per
1612 1413 1712 1448 epistoo

937 1460 989 1488 lam
1003 1460 1181 1496 Hieronymus
1194 1464 1444 1496 praemonstrasset,
1465 1460 1498 1487 iis
1522 1465 1608 1487 tamen
1625 1459 1711 1493 impli-

937 1506 992 1533 cari
1009 1513 1038 1534 se
1052 1511 1078 1533 et
1092 1506 1166 1533 illudl
1179 1513 1272 1541 passus
1287 1511 1347 1538 eSt;
1362 1513 1393 1533 ac
1401 1505 1513 1533 alterum
1529 1513 1634 1540 quoque
1646 1505 1711 1532 Avi-

935 1555 989 1577 tum
1005 1551 1029 1578 in
1044 1551 1152 1578 easdem
1169 1550 1337 1585 opinationes
1350 1550 1492 1585 pertraxit.
1509 1549 1605 1577 Patriae
1621 1557 1713 1577 consu-

933 1596 990 1623 lens
1006 1595 1103 1623 Paulns
1118 1596 1230 1623 Orosius
1241 1615 1250 1630 ,
1266 1603 1345 1630 quam
1368 1596 1424 1623 lucc
1435 1616 1443 1628 ,
1467 1600 1547 1629 atque
1570 1595 1627 1622 alia:
1650 1595 1713 1622 item

933 1641 1050 1668 haereses
1070 1642 1265 1676 pervadebant,
1285 1641 1424 1676 Augustini
1450 1648 1526 1675 opem
1550 1641 1639 1668 oblato
1663 1640 1718 1675 ipsi

935 1687 1143 1714 Commonitorio
1164 1686 1326 1721 imploravit.
1348 1685 1455 1720 Scripto
1482 1685 1571 1712 statim
1594 1686 1626 1712 ad
1647 1685 1714 1713 Oro-

934 1733 1004 1760 sium
1029 1731 1259 1759 Commentariolo
1283 1732 1411 1759 adversus
1443 1730 1662 1758 Priscillianistas
1687 1735 1714 1757 et

935 1777 1114 1812 Origenistas,
1126 1776 1250 1804 haeresim
1265 1781 1407 1810 utramque
1419 1776 1574 1810 Hispaniam
1586 1775 1715 1802 infestan-

937 1828 989 1851 tem
1007 1822 1366 1857 proculcavitAngustinus;
1379 1822 1445 1848 etin
1464 1821 1563 1848 eximio
1586 1825 1715 1855 praetcrea

937 1868 974 1896 De
989 1869 1090 1896 ciuitate
1111 1868 1157 1894 Dei
1171 1874 1261 1902 opere,
1277 1867 1347 1901 quod
1371 1872 1435 1894 tunc
1457 1867 1626 1899 elaborabat,
1643 1872 1671 1894 ut
1688 1872 1716 1894 et

937 1914 963 1941 in
979 1914 1039 1941 aliis
1054 1921 1159 1949 quoque
1174 1913 1378 1947 scriptionibus,
1395 1919 1455 1940 cum
1475 1911 1633 1947 Origenistis
1649 1919 1716 1946 prm-

937 1961 1018 1987 liatus
1037 1966 1088 1987 est.
1107 1960 1284 1992 Quaestionem
1300 1966 1392 1990 unam,
1413 1965 1473 1993 qua:
1493 1963 1535 1985 est
1563 1958 1595 1985 de
1613 1957 1717 1992 origine

938 2006 1098 2038 animarum,
1116 2006 1230 2033 deﬁnire
1245 2013 1296 2033 non
1309 2012 1402 2038 ausus,
1417 2004 1540 2032 Orosium
1557 2004 1583 2030 in
1597 2003 1716 2030 Palaesti-

938 2060 1000 2080 nam
1022 2051 1095 2079 misit
1117 2053 1150 2079 ad
1172 2052 1383 2086 Hieronymum.
1411 2057 1491 2085 quem
1514 2049 1717 2084 disceptationis

938 2098 1016 2133 hujus
1027 2098 1156 2125 arbitrum
1179 2105 1239 2125 esse
1258 2097 1350 2125 voluit.
1377 2096 1547 2124 Manifestum
1571 2095 1662 2130 itaque
1681 2103 1716 2123 ex

939 2150 971 2170 eo
984 2147 1034 2174 est,
1050 2142 1144 2169 merito
1158 2143 1227 2169 inter
1250 2142 1418 2176 supposititia
1439 2146 1465 2169 et
1484 2141 1631 2177 Augustino
1652 2147 1717 2175 per-

905 2200 927 2227 D
941 2195 1033 2222 peram
1048 2187 1161 2222 ascripta
1177 2186 1251 2220 rejici
1265 2186 1381 2214 libellum
1412 2186 1447 2213 De
1474 2187 1570 2213 deitate
1581 2191 1606 2213 et
1630 2186 1718 2212 incar-

943 2234 1058 2265 natione,
1076 2233 1108 2260 ad
1123 2232 1290 2264 Januarium,
1316 2232 1360 2266 qui
1378 2232 1492 2260 habetur
1521 2233 1547 2259 in
1567 2232 1720 2266 Appendice

942 2279 1029 2313 quarti
1047 2279 1111 2306 tomi
1130 2286 1137 2303 :
1160 2278 1259 2313 quippe
1287 2278 1332 2312 qui
1360 2277 1529 2313 Origenianis
1554 2277 1609 2305 fere
1625 2278 1720 2312 pannis

943 2329 1068 2352 COIISlllllS
1083 2328 1110 2351 et
1119 2322 1321 2351 εοιιδιιι-εἰιιίιιιιε
1334 2327 1386 2349 est.

979 2370 1090 2397 Circiter
1107 2371 1177 2397 idem
1196 2374 1298 2403 tempus
1323 2368 1542 2403 Semipelagiante
1561 2369 1654 2397 haeresi
1675 2376 1721 2396 ro-

944 2416 995 2443 bur
1007 2414 1124 2442 Joannes
1137 2414 1282 2442 Cassianus
1296 2413 1322 2440 in
1338 2413 1430 2441 Galliis
1442 2414 1602 2442 conciliabat
1617 2422 1650 2441 ex
1661 2414 1721 2442 Ori-

946 2461 1020 2496 genis
1033 2459 1232 2494 scriptionibns,
1260 2459 1336 2494 cujus
1360 2459 1514 2487 econtrario
1538 2467 1634 2486 nomen
1658 2458 1722 2486 Vin-

945 2505 1048 2533 centius
1061 2505 1209 2532 Lirinensis
1231 2505 1330 2532 ibidem
1350 2505 1507 2532 traducebat
1528 2512 1535 2529 :
1556 2504 1583 2531 in
1596 2504 1723 2532 Commo-

945 2550 1042 2578 nitorio
1065 2549 1196 2584 siquidem
1220 2550 1311 2584 priore
1331 2550 1433 2577 adven.
1464 2549 1567 2576 Ηωνεε.
1605 2555 1665 2583 cap.
1687 2548 1724 2575 9.5

949 2597 1013 2624 dum
1032 2595 1174 2623 ostendere
1187 2601 1298 2623 conatur
1317 2603 1435 2623 errorem
1455 2594 1577 2629 Origenis
1600 2593 1725 2621 Ecclesize

950 2641 996 2668 Dei
1006 2640 1146 2669 offensioni
1160 2640 1259 2675 fuisse,
1271 2646 1411 2675 postquam
1431 2640 1574 2675 prteclaras
1595 2639 1666 2667 illius
1678 2639 1726 2666 do-
1757 2647 1761 2675 ί

949 2691 989 2714 tes
1001 2686 1092 2714 multis
1106 2685 1270 2719 dilaudavit,
1295 2695 1307 2712 ι
1320 2685 1374 2719 Eo,
1391 2685 1491 2721 inquit,
1506 2692 1549 2713 res
1560 2685 1676 2717 decidit.
1696 2690 1726 2711 ut

948 2737 1029 2761 tanta:
1043 2739 1176 2768 personae,
1192 2732 1259 2759 tanti
1278 2732 1395 2760 doctoris
1406 2752 1414 2765 ,
1430 2732 1497 2758 tanti
1516 2731 1652 2765 prophetae
1672 2737 1725 2757 non

950 2780 1066 2806 humana
1079 2778 1178 2813 aliqua.
1195 2778 1243 2805 sed
1256 2782 1283 2804 ut
1294 2778 1382 2805 exitus
1399 2777 1500 2809 docuit,
1526 2776 1638 2803 nimium
1655 2776 1726 2810 peri-

952 2825 1042 2853 culosa
1057 2825 1170 2853 tentatio
1184 2824 1312 2860 plurimos
1326 2832 1340 2851 a
1355 2824 1417 2851 ﬁdci
1440 2823 1593 2858 integritate
1613 2822 1726 2850 deduce-
