1927 3076
82 120 157 148 1141

503 121 785 154 ORIGENIA‘NORUM
803 124 866 153 LIB.
886 125 918 159 ll,
936 125 1010 154 CAP.
1031 124 1075 156 iV.
1098 123 1194 152 SECT.
1214 124 1245 152 li.

1628 126 1699 156 “42

79 181 213 209 habuisse
236 181 356 217 ipsorum
382 182 541 218 partiarium
575 184 705 212 lsidorum
730 185 865 220 conjicere
878 188 901 216 Α
917 186 1057 221 dogmatis,
1069 187 1138 221 qttod
1155 187 1237 213 Deum
1253 186 1441 222 incorporeum
1455 187 1558 220 statuit,
1572 188 1696 223 quodque

78 226 148 254 licet
165 234 196 254 ex
218 226 271 254 isto
297 227 450 263 Hieronymi
473 228 557 263 Epist.
575 229 619 262 61,
642 229 675 256 ad
700 229 865 262 Pammenia,

79 277 144 305 cap.
167 271 211 304 i5,
229 280 238 296 ι
258 271 289 298 Et
310 276 399 299 tamen
416 272 467 299 iste
483 272 661 308 ilieronyntus
673 281 734 301 cum
747 280 866 308 pannosa

79 317 163 344 turba
177 321 205 344 et
223 317 369 345 sordidatis
387 318 530 353 gregibus,
546 320 608 353 quid
630 319 732 346 Isidoro
748 319 786 346 illi
814 318 865 345 ful—

77 363 174 391 mineo
189 371 271 391 ausus
287 369 330 392 est
345 366 528 399 respondere?
550 366 585 392 At
607 372 640 392 ne
658 365 726 392 forte
746 365 792 392 ille
812 372 865 392 nan

76 409 217 444 crederet,
232 414 260 437 et
272 411 436 446 opprimeret
453 419 499 439 eos
512 413 652 447 praesentia
668 416 695 439 et
717 412 788 440 mole
804 419 865 440 cor-

75 457 156 490 poris
167 458 220 489 sui,
236 467 246 484 ι
262 462 315 485 etc.
326 457 393 486 Cum
406 458 503 486 fratres
518 459 577 487 illos
589 460 735 494 percharos
751 459 862 487 haberet

75 502 267 538 Theophilus,
307 504 463 532 Dioscorum
503 505 694 540 Hermopoleos
726 506 865 533 constituit

74 548 255 584 episcopum;
278 550 346 577 duos
362 555 451 578 autem
477 551 575 578 invitos
598 551 667 586 apud
687 559 716 578 se
737 551 862 578 detinuit.

75 595 170 630 Atque
186 595 255 623 hanc
265 596 373 631 quidem
389 597 483 628 vitam,
501 597 634 625 desiderio
654 597 717 625 licet
732 599 863 626 monasti-

75 648 117 668 cae
137 641 200 668 vitte
225 641 405 674 tabescentes,
432 641 593 675 tolerabant,
613 643 700 677 quoad
724 649 863 678 perspecta

72 687 198 721 episcopi
215 687 339 719 avaritia,
355 687 490 716 hominem
503 688 589 720 exosi,
607 696 713 716 rursum
727 690 754 717 in
770 689 862 717 solitu-

73 731 169 759 dinem
188 736 247 767 post
270 733 415 760 triennium
433 738 614 761 secesserunt.
631 733 718 762 Causa
741 741 863 762 secessus

71 778 197 813 cognita,
214 778 329 813 pessima
347 786 459 814 quaeque
471 780 588 807 minatus
602 784 643 807 est
661 779 713 808 illis
728 780 863 815 Theophi-

71 823 132 856 lus.
156 825 299 859 ipsumqtte
327 825 485 852 Dioscorum
509 825 624 853 invisum
658 825 761 853 habuit.
794 827 861 854 Cum

71 877 143 905 ergo
162 870 447 905 Anthropomorphitis
470 870 589 899 infensos
614 872 687 906 ipsos
702 879 735 899 ex
762 870 882 904 mutuisﬁ

70 915 267 951 congressibus
292 916 459 951 agnovisset;
483 917 552 952 apud
577 917 713 952 simplices
731 918 859 952 quosdam

70 967 99 991 et
114 963 239 990 indoctos
254 963 411 995 monachos,
425 971 492 997 quos
507 963 642 991 haereseos
665 963 745 998 hujus
767 964 860 992 aﬂines

69 1015 135 1035 esse
167 1008 285 1041 sciebat,
308 1009 613 1043 Anthropomorphitam
651 1016 680 1037 se
712 1009 874 1046 professush

71 1054 234 1082 Dioscorum
254 1062 314 1082 cum
337 1054 467 1082 fratribus
492 1055 518 1081 in
549 1056 684 1083 contraria
708 1063 768 1083 esse
787 1059 860 1083 secta

70 1101 196 1135 monuit,
214 1106 241 1128 et
264 1109 361 1136 corpus
389 1102 442 1129 Deo
458 1101 609 1134 detrahere,
637 1102 778 1137 Origenem
797 1110 860 1129 scn-

70 1146 166 1174 tentiaa
191 1147 269 1181 hujus
296 1152 438 1182 patronum
472 1152 590 1175 secutos.
615 1147 643 1175 In
675 1147 795 1174 fraudem
819 1148 860 1175 his

68 1194 247 1220 sermonibus
263 1194 345 1221 illecti
357 1194 417 1221 boni
442 1194 566 1221 homines
578 1194 747 1224 Dioscorum,
763 1193 860 1228 ipsius-

69 1246 125 1273 que
143 1239 263 1267 assecias
277 1240 451 1267 vehementer
466 1240 599 1273 aversati,
620 1240 753 1268 invidioso
768 1241 856 1277 Orige-

69 1286 207 1313 nistarum
239 1285 346 1313 nomine
369 1285 533 1313 infamantes
557 1286 737 1313 traduxerunt
763 1295 771 1313 :
798 1295 858 1314 cum

68 1338 121 1359 eos
150 1331 306 1359 econtrario
330 1332 497 1365 adversarii,
517 1332 659 1366 pauciores
677 1332 786 1367 quidem
810 1341 856 1360 nus

67 1384 161 1408 mero,
178 1377 224 1404 sed
242 1377 363 1404 doctrina
377 1381 404 1403 et
416 1384 464 1403 usu
476 1383 564 1403 rerum
580 1376 730 1410 peritiores,
745 1377 859 1404 Anthro-

67 1421 261 1456 pomorphitas
279 1421 455 1456 appellarent.
477 1420 515 1448 Ita
541 1421 718 1449 seditionibus
742 1422 810 1448 inter
830 1429 860 1449 se

67 1467 166 1502 agitati
179 1466 411 1494 conﬂictabantur.
429 1467 463 1494 At
474 1467 639 1501 Theophilus
653 1467 774 1501 privatas
788 1467 859 1502 inju-

67 1512 128 1539 rias
144 1519 325 1546 persequens,
341 1511 554 1547 Origenistarum
576 1512 705 1539 tumultus
726 1513 856 1546 obtendit,
871 1530 892 1559 ο

66 1562 98 1584 et
111 1557 205 1584 Nitria:
216 1562 346 1592 occupato
360 1561 450 1583 monte
461 1576 468 1589 ,
491 1556 776 1591 Anthropomorphitis
797 1565 856 1584 mo-

66 1603 168 1630 nachis
190 1610 264 1629 arma
284 1602 488 1635 subministrat,
513 1601 633 1629 Dioscori
665 1603 855 1629 monasterium

66 1649 207 1681 incendit;
225 1649 271 1684 qui
293 1656 355 1676 cum
378 1647 505 1675 fratribus
522 1647 630 1675 abditus
649 1648 736 1682 puteis
752 1648 797 1675 vix
816 1648 857 1674 in-

66 1696 180 1732 gruenti
194 1695 262 1723 cladi
277 1703 306 1723 se
325 1694 462 1722 subduxit.

105 1741 232 1776 Polybius
254 1741 502 1768 Rhinocorurorum
527 1741 683 1775 episcopus,
707 1739 848 1775 Epiphanii

65 1787 230 1822 discipulus,
256 1787 393 1822 ipsiusque
407 1787 470 1814 vita:
496 1786 621 1821 scriptor,
648 1791 703 1814 tres
726 1787 858 1814 duntaxat

67 1839 197 1861 numerat
222 1833 328 1868 Longos
358 1833 474 1866 fratres,
499 1832 671 1860 lleracleouis
702 1832 787 1865 filios,
810 1833 856 1867 qui

66 1879 242 1907 Alexandria:
273 1886 334 1906 cum
368 1879 481 1913 imperio
512 1878 679 1913 praefuerat,
707 1879 856 1914 Theophila

67 1925 191 1953 amicitia
213 1925 388 1960 coujunctos,
410 1926 443 1952 ab
461 1932 546 1959 eoque
564 1925 591 1951 in
615 1925 708 1951 urbem
729 1931 744 1950 e
763 1931 857 1951 mona-

68 1973 164 2001 steriis
178 1979 225 2008 per
243 1972 362 1999 fraudem
378 1972 520 2003 deductos,
538 1970 667 2005 majorem
685 1975 805 1998 creatum
819 1971 858 1997 ait

68 2020 239 2055 episcopum,
255 2019 322 2046 alios
339 2019 476 2050 diaconos,
490 2023 517 2045 et
536 2018 665 2045 Ecclesiae
689 2025 855 2046 (Bconomos.

69 2066 172 2094 Narrat
194 2066 289 2093 deinde
303 2066 354 2092 hoc
378 2071 488 2092 munere
510 2072 557 2098 per
573 2064 715 2091 triennium
736 2063 854 2096 functos,

70 2114 206 2141 renitente
220 2112 366 2146 Theophilo
386 2111 413 2138 in
440 2111 580 2145 pristinam
604 2111 775 2138 solitudinem
791 2117 857 2137 con-

68 2160 204 2192 cessisse;
233 2166 303 2194 azgre
330 2158 356 2185 id
388 2157 479 2184 tulisse
505 2157 699 2191 Theophilum,
727 2158 854 2192 ipsosque

918 231 974 266 ipse
985 237 1062 259 antea
1082 237 1306 267 propugnaveral,
1322 237 1349 260 et
1365 233 1452 260 adhuc
1467 233 1549 260 etiam
1570 241 1619 267 pro
1631 241 1695 261 vero

917 277 1040 310 habebat,
1052 285 1150 305 vexare
1165 278 1242 312 hujus
1255 278 1381 306 doctrina;
1392 278 1478 312 gratia
1489 285 1631 314 aggressus
1641 284 1694 310 est.

915 323 963 350 sed
979 323 1043 357 ipsis
1060 322 1189 350 famosam
1201 323 1412 357 Origenistarum
1424 323 1635 358 appellationem
1651 325 1694 351 vir

915 373 1010 395 acutus
1027 368 1138 402 aiIinxit,
1153 377 1206 404 quo
1221 369 1382 404 Origenismi
1397 369 1567 397 adversarios
1580 369 1629 397 sibi
1649 370 1697 397 de-

916 419 1075 446 mereretur,
1097 420 1124 442 et
1151 415 1291 442 adversum
1322 415 1381 442 illos
1405 416 1564 442 concitaret.
1588 415 1620 442 Et
1643 415 1694 442 levi

916 467 981 487 sane
997 465 1155 494 argumento
1178 460 1331 494 impositam
1348 460 1400 488 illis
1413 459 1575 495 Origenismi
1591 460 1695 488 calum-

915 505 986 531 niam
999 505 1164 539 approbavit,
1177 497 1209 532 eo
1219 504 1320 532 scilicet
1331 505 1400 539 quod
1411 505 1549 533 sententia:
1560 504 1639 540 hujus
1651 511 1694 532 as-

914 553 1001 577 sertor
1013 556 1084 577 esset
1097 549 1236 586 Origenes,
1247 558 1308 585 quae
1322 558 1477 584 corpoream
1494 559 1508 578 a
1523 552 1577 578 Deo
1595 552 1694 579 molem

913 601 1046 631 segregat.
1073 597 1159 631 Atque
1181 603 1213 623 eo
1230 596 1334 624 facilius
1360 597 1385 623 id
1406 597 1548 632 persuasit,
1570 597 1640 631 quod
1661 597 1694 623 ad

913 649 971 675 eos,
994 643 1031 669 uti
1051 649 1111 670 mox
1129 643 1259 675 dicemus,
1279 643 1443 677 confugiSset
1465 642 1596 676 lsidorus,
1613 649 1692 677 quem

912 688 1073 715 acerrimum
1101 689 1229 716 doctrina:
1253 689 1332 723 hujus
1363 694 1505 723 patronum
1537 688 1620 716 fuisse
1638 688 1694 723 jam

912 740 992 768 supra
1016 734 1192 762 ostendimus.
1215 734 1377 770 Origenismi
1400 742 1463 770 ergo
1485 742 1594 762 causam
1616 739 1692 770 post-

913 788 991 815 quam
1015 781 1096 808 semel
1126 781 1237 809 obduxit
1265 781 1410 809 iracundia
1433 789 1503 815 sum,
1527 780 1694 816 Origenistas

912 833 1006 853 omnes
1027 827 1152 854 insectari
1171 833 1311 854 necessum
1327 826 1437 854 habuit:
1454 826 1631 861 quamobrem
1651 833 1695 853 re-

912 870 980 898 ferta
993 870 1044 897 hoc
1059 870 1196 898 hominum
1210 878 1307 905 genere
1319 870 1411 898 Nitriae
1424 870 1554 898 asceteria
1570 878 1695 905 perscru-

913 920 1005 949 tatum,
1019 924 1070 943 una
1090 924 1152 943 cum
1174 917 1303 944 Dioscoro
1322 916 1487 953 Origenistas
1505 923 1600 944 omnes
1621 916 1695 944 illinc

911 961 1068 988 exturbasse
1081 961 1225 988 verisimile
1238 965 1289 988 cst.

945 1007 989 1035 ΙΙΙ.
1006 1007 1131 1039 Sceliuis,
1153 1015 1200 1035 seu
1216 1006 1394 1035 Nitriensibus
1417 1007 1557 1035 monachis
1580 1007 1694 1040 (utrovis

910 1054 982 1081 enim
1000 1055 1078 1082 modo
1093 1054 1135 1081 vel
1157 1062 1171 1082 a
1186 1053 1270 1082 Nitria
1287 1059 1385 1087 monte,
1402 1054 1443 1082 vel
1457 1062 1471 1082 a
1490 1054 1563 1082 Secti
1584 1056 1693 1090 regiun-

911 1101 971 1128 cula
990 1101 1042 1128 dici
1061 1101 1181 1136 possunt)
1200 1101 1249 1128 alia
1269 1102 1348 1128 etiam
1369 1108 1448 1128 causa
1472 1100 1613 1135 Theophili
1627 1109 1693 1128 cou-

910 1147 1026 1174 sciverat
1040 1147 1140 1174 odium.
1155 1147 1231 1174 ilunc
1246 1148 1314 1175 inter
1335 1152 1361 1175 et
1376 1147 1485 1174 Petrum
1506 1146 1693 1174 Alexandrinae

911 1192 1039 1220 Ecclesiae
1056 1193 1317 1228 archipresbyterqu
1341 1193 1463 1220 simultas
1490 1192 1692 1219 intercesserat.

910 1237 977 1265 liinc
1001 1237 1117 1265 infensus
1143 1237 1221 1265 Petro
1241 1238 1404 1273 Theophilus
1436 1237 1578 1265 admissam
1602 1238 1636 1268 ab
1657 1243 1692 1265 eo

910 1288 1022 1318 questus
1042 1288 1082 1311 est
1100 1285 1132 1311 ad
1149 1284 1336 1319 mysteriorum
1359 1283 1575 1310 communionem
1595 1281 1691 1309 mulie-

909 1336 965 1356 rem
979 1329 1121 1363 quamdam
1145 1328 1290 1356 Manichaaa
1313 1328 1356 1355 lue
1376 1327 1515 1360 infectam,
1532 1328 1691 1361 priusquam

909 1373 1030 1400 nuntium
1051 1373 1147 1400 haeresi
1167 1373 1322 1400 remisisset.
1342 1372 1452 1399 Factum
1473 1371 1556 1398 fuisse
1572 1370 1596 1396 id
1614 1369 1693 1404 juxta

908 1417 1036 1445 Ecclesiae
1054 1418 1283 1450 consuetudinem,
1295 1422 1322 1444 et
1338 1424 1370 1443 ex
1381 1415 1522 1450 Theophili
1544 1414 1690 1445 sententia,

908 1463 1005 1492 Petrus
1020 1464 1166 1499 respondit,
1178 1469 1205 1491 et
1221 1464 1373 1491 testimonio
1397 1461 1566 1489 conlirmavit
1581 1460 1691 1491 lsidori,

910 1519 990 1547 supra
1009 1520 1023 1539 a
1039 1511 1116 1538 nobis
1134 1510 1285 1541 memorati.
1305 1510 1354 1536 viri
1372 1508 1471 1544 gravis,
1490 1513 1517 1535 et
1533 1514 1612 1542 quem
1633 1511 1694 1540 post

909 1557 1026 1585 Nectarii
1057 1557 1158 1584 obitum
1183 1556 1214 1584 ad
1239 1553 1565 1587 Constantinopolitanam
1599 1552 1690 1579 sedem

909 1604 1023 1632 evehere
1039 1602 1201 1637 Theophilus
1215 1602 1363 1629 studuerat.
1379 1600 1426 1627 llic
1443 1600 1561 1634 graviter
1577 1606 1691 1626 succen-

909 1659 971 1678 sens
994 1655 1139 1684 utrumque
1157 1648 1275 1675 Ecclesia
1295 1647 1406 1681 expulit.
1424 1645 1491 1673 Rem
1513 1646 1548 1672 ita
1571 1653 1585 1672 a
1603 1644 1694 1671 multis

909 1697 1013 1724 narrari
1039 1696 1121 1723 refert
1146 1695 1312 1721 Sozomenus
1333 1702 1340 1719 :
1365 1697 1393 1719 at
1414 1692 1493 1719 aliter
1511 1699 1524 1718 a
1548 1691 1606 1718 viro
1631 1698 1691 1717 cum

909 1743 1047 1772 monachis
1068 1742 1120 1769 illis
1140 1740 1294 1768 conversari
1315 1739 1393 1766 solito
1409 1738 1546 1772 accepisse
1565 1744 1595 1764 se
1610 1736 1691 1768 dicit;

909 1791 975 1818 duas
997 1796 1092 1823 nempe
1114 1794 1211 1814 causas
1235 1785 1361 1813 habuisse
1380 1783 1559 1817 Theophilum
1575 1791 1624 1810 cur
1642 1782 1692 1809 lsi-

908 1837 1002 1864 dorum
1020 1836 1210 1865 insectaretur,
1223 1832 1303 1859 aliam
1318 1830 1419 1858 Isidoro
1435 1835 1462 1857 et
1476 1830 1556 1857 Petro
1569 1837 1692 1856 commu-

907 1889 980 1914 nem,
993 1881 1063 1919 quo_d
1076 1878 1212 1907 testificari
1228 1881 1399 1906 recusassent
1411 1876 1552 1910 Theophili
1569 1882 1690 1902 sororem

908 1928 1040 1956 litercdem
1056 1926 1137 1953 fuisse
1146 1925 1290 1960 scriptam;
1305 1923 1383 1951 aliam
1398 1922 1501 1950 lsidoro
1513 1921 1690 1955 peculiarem,

907 1974 979 2008 quod
992 1981 1052 2000 cum
1067 1979 1212 2007 pauperum
1228 1974 1333 2006 gereret
1348 1977 1450 2001 curam,
1464 1972 1590 2003 erogatus
1603 1968 1628 1995 in
1644 1975 1692 1995 eos

908 2021 1035 2055 pecunias
1046 2019 1194 2054 Theophila
1209 2019 1235 2045 iu
1250 2016 1420 2045 exstruendis
1431 2014 1536 2049 templis
1548 2014 1692 2042 absumere

908 2067 1005 2094 volenti
1023 2066 1087 2093 dare
1104 2065 1243 2092 renuissct.
1259 2062 1353 2090 Simile
1368 2062 1431 2097 quid
1447 2061 1528 2088 habet
1543 2060 1690 2093 Palladius,

908 2122 953 2142 seu
971 2113 1092 2148 quisquis
1108 2111 1222 2145 scriptor
1236 2115 1277 2137 cst
1290 2110 1351 2136 vitae
1365 2107 1562 2143 Chrysostomi,
1582 2114 1642 2133 nam
1659 2107 1692 2133 de

908 2165 1018 2188 auctore
1034 2167 1085 2186 non
1108 2162 1214 2185 constat
1229 2156 1297 2190 apud
1311 2162 1420 2187 omnes;
1437 2155 1482 2189 qui
1499 2159 1527 2181 et
1541 2153 1592 2180 alia
1609 2153 1691 2179 multa

69 2206 262 2234 communione
283 2205 420 2240 privasse;
439 2205 472 2230 ad
488 2211 569 2238 quam
585 2211 644 2230 cum
671 2211 730 2231 sese
747 2203 853 2230 admitti
870 2204 894 2233 Β
908 2202 1044 2237 congerit,
1068 2208 1126 2235 quae
1148 2200 1181 2226 al)
1203 2198 1263 2225 aliis
1291 2198 1425 2233 prieterita
1451 2205 1465 2223 a
1488 2196 1565 2223 nobis
1586 2203 1693 2230 quoque

69 2253 174 2281 frustra
199 2256 343 2286 rogarent,
365 2251 583 2286 Chrysostomum
613 2250 800 2284 interpellasse
823 2256 855 2276 ea

69 2300 124 2328 sibi
144 2304 174 2326 ut
202 2299 410 2330 restitueretur;
436 2297 584 2331 postulasse
609 2297 634 2322 id
669 2304 683 2322 a
707 2296 856 2331 Theophilo

70 2347 313 2381 Chrysostomum,
336 2351 386 2371 nec
412 2343 587 2377 impetrasse,
621 2349 721 2376 eosque
749 2342 855 2368 tandem

70 2391 213 2426 Theophili
242 2398 354 2418 censura
381 2389 511 2416 liberasse
534 2398 541 2416 :
566 2389 629 2415 hinc
661 2392 754 2415 exorta
785 2388 856 2414 inter

71 2445 219 2472 utrumque
236 2437 358 2465 dissidia.

107 2484 140 2511 ll.
154 2484 237 2519 igitur
250 2484 284 2511 ad
300 2484 448 2519 graviorem
465 2483 603 2515 Dioscoro,
623 2481 760 2515 ipsiusque
775 2481 857 2509 sociis

71 2531 242 2558 conﬂaudam
260 2530 398 2562 invidiam,
413 2530 540 2564 singulari
558 2529 675 2556 versutia
689 2527 856 2562 Theophilus

70 2576 288 2611 Origenistarum
318 2583 425 2603 causam
451 2583 510 2602 cum
536 2575 654 2610 ipsorum
689 2582 767 2601 causa
790 2583 855 2602 con-

69 2622 170 2657 junxit.
184 2621 250 2649 Cum
267 2622 338 2649 enim
350 2621 405 2655 jam
423 2621 500 2656 vulgo
519 2621 589 2648 male
601 2621 694 2647 audire
710 2625 857 2648 sectatores

71 2668 200 2704 Origcnis
222 2668 402 2702 intelligeret,
427 2667 644 2701 clarissimosque
671 2666 754 2701 partis
785 2666 856 2693 illius

73 2719 270 2743 consectaneus
290 2722 304 2741 a
330 2713 510 2741 Nitricnsibus
533 2713 671 2740 monachis
694 2713 855 2739 subornatos

70 2762 221 2798 prodiisse,
233 2761 399 2795 Nitriamque
414 2760 575 2795 praecipuum
591 2759 751 2795 Origcnismi
769 2758 857 2786 domi-

72 2808 167 2836 cilium
183 2807 286 2841 haberi,
307 2814 421 2841 cumque
442 2806 570 2833 adversus
591 2814 638 2833 eos
656 2806 690 2832 ab
709 2805 859 2840 Epiphanio

73 2858 102 2881 ct
129 2852 294 2888 Hieronymo
322 2852 512 2887 instigaretur;
538 2859 589 2878 non
619 2850 676 2885 ejus
707 2851 860 2879 deleusorcs

908 2249 1158 2284 praetermittentur.
1181 2245 1346 2272 Gravissima
1362 2251 1424 2270 vero
1445 2243 1488 2270 hic
1508 2246 1550 2270 est
1565 2242 1692 2276 anonymi

908 2295 1062 2329 cujusdam,
1086 2300 1100 2319 a
1126 2300 1179 2326 quo
1204 2290 1387 2325 Chrysostomi
1426 2289 1525 2323 scripta
1555 2293 1595 2315 est
1621 2288 1692 2319 vita,

910 2348 989 2374 quam
1017 2340 1042 2366 in
1067 2343 1190 2366 octavum
1214 2342 1313 2363 tomum
1329 2335 1444 2370 Operum
1469 2335 1553 2369 ipsius
1580 2335 1695 2369 canjecit

910 2387 1038 2418 Savilius,
1051 2391 1077 2412 et
1092 2383 1225 2412 Simcouis
1238 2382 1427 2415 Metaphrastze
1444 2380 1630 2412 hallucinatio,
1647 2380 1694 2413 qui

911 2434 1041 2461 lsidorum
1062 2431 1134 2458 illum
1156 2437 1215 2456 cum
1231 2428 1333 2455 lsidoro
1352 2426 1485 2453 Pelusiota
1505 2427 1694 2452 confundunt:

911 2480 961 2507 nisi
985 2479 1053 2505 forte
1073 2477 1190 2511 priorem
1209 2476 1278 2501 lumc
1301 2472 1462 2499 Pelusiotam
1484 2479 1591 2506 quoque
1613 2472 1696 2498 fuisse

910 2526 979 2553 dicat
998 2524 1104 2559 aliquis,
1127 2529 1187 2549 cum
1205 2519 1401 2547 Alexandrinus
1420 2524 1508 2545 tatncn
1526 2518 1604 2552 vulgo
1621 2518 1696 2544 dica-

910 2577 962 2598 tur.
989 2570 1040 2597 Sed
1072 2570 1250 2596 Sozomenum
1273 2566 1363 2593 audire
1388 2572 1540 2599 pergamus.
1563 2563 1697 2599 Expulsus

909 2618 1027 2646 Isidorus
1045 2616 1135 2643 Sceliu
1151 2614 1217 2648 apud
1237 2613 1381 2640 monachos
1400 2611 1543 2638 concessit.
1556 2611 1617 2638 Adit
1631 2618 1695 2638 c0n-

909 2666 982 2693 tinuo
994 2663 1170 2698 Theophilum
1184 2660 1349 2690 Ammonius,
1364 2658 1534 2693 postulatque
1545 2662 1574 2684 ut
1587 2658 1612 2684 in
1624 2665 1696 2684 com-

908 2712 1061 2739 munionem
1084 2710 1212 2737 lsidorum
1229 2707 1353 2734 admittat
1368 2716 1373 2734 :
1392 2705 1587 2739 tergiversante
1604 2704 1696 2730 'l‘heo—

909 2757 982 2792 philo
998 2756 1114 2784 instabat
1132 2754 1302 2785 Ammonius,
1321 2758 1348 2780 et
1364 2759 1430 2787 quos
1450 2751 1501 2778 sibi
1523 2751 1628 2778 itineris
1644 2757 1690 2777 so-

909 2803 964 2831 cios
979 2802 1154 2836 adjunxcrat;
1176 2802 1240 2828 adeo
1256 2806 1284 2827 ut
1305 2799 1555 2835 pertct'rcfaciendis
1574 2798 1644 2829 aliis,
1668 2802 1696 2825 et

911 2858 924 2877 a
940 2858 968 2877 se
988 2849 1142 2877 atnovcudis
1160 2857 1240 2876 unum
1262 2855 1293 2876 cx
1314 2847 1378 2883 ipsis
1399 2848 1423 2874 in
1440 2853 1577 2873 carcerem
1600 2844 1686 2878 detru
