1927 3076
290 120 360 148 1145
917 113 947 142 Ρ.
969 113 1049 142 DAN]

1102 114 1127 143 is
1146 113 1259 143 HUE'l'll
1814 117 1863 145 Illi

288 178 353 206 serit
365 175 541 211 Theophilus.
550 173 626 201 Illum
642 173 738 208 reliqui
752 172 887 200 subsecuti
905 173 931 199 in
946 175 1068 201 eamdem
1084 175 1108 203 Α
1120 181 1173 208 que
1192 172 1329 200 erroribus
1350 172 1502 204 scaterent',
1520 171 1625 205 penitus
1635 178 1696 200 esse
1716 176 1864 209 respuendas;

289 223 437 252 custodiam
456 220 550 248 fraude
564 219 677 255 ingressi
700 226 760 247 sese
773 225 868 254 sponte
891 219 1068 253 incluserunt,
1120 223 1213 246 contra
1238 217 1403 252 pertendisse
1418 216 1580 249 monachos,
1602 217 1728 251 quidquid
1750 219 1865 247 ineraler-

288 270 359 304 quod
384 268 524 295 universos
555 265 712 293 dimisisset.
732 265 813 299 Cujus
837 266 876 293 rei
897 270 970 293 tanta
1000 267 1070 300 apud
1120 272 1222 296 rorum,
1238 264 1271 291 ab
1294 263 1429 291 haereticis
1447 263 1531 291 fuisse
1547 264 1692 296 insertum;
1715 271 1763 292 nec
1783 273 1865 300 propter

288 323 348 342 eum
366 314 414 340 fuit
437 313 591 348 indignatio,
614 316 642 338 ut
657 320 717 339 cum
736 319 789 346 prae
812 312 902 346 quiete
922 316 949 339 et
974 319 1068 339 m0na-
1118 318 1149 337 ea
1165 317 1224 344 quae
1238 310 1265 337 in
1283 309 1519 343 reprehensionem
1534 310 1629 337 merito
1643 309 1774 342 venirent,
1787 311 1864 347 reliqua

288 361 361 387 sticre
376 360 434 386 vita:
454 360 548 386 studiis
562 359 665 393 reliqua
680 359 769 386 omnia
783 365 829 385 eos
843 362 1003 392 postputare
1018 357 1066 385 sci—
1118 363 1178 384 esse
1200 356 1359 383 damnanda.
1387 357 1452 385 Hinc
1476 362 1563 385 ortam
1587 356 1764 389 seditionem;
1782 364 1811 384 ex
1827 366 1866 392 quo

288 410 339 434 ret.
357 405 398 433 his
413 405 486 439 ipsos
500 404 695 436 intercluserit,
709 404 850 431 concitatis
865 403 977 430 subdole
991 403 1069 430 dissi-
1118 401 1312 429 contentiosum
1334 408 1361 430 et
1384 411 1487 438 pugnax
1511 402 1711 430 cervicosorum
1725 401 1864 437 Origenista-

286 450 354 481 diis,
379 451 482 477 turbata
506 457 587 484 pace,
612 455 638 477 et
656 450 827 477 monasteriis
852 450 913 485 igne
944 449 1069 485 ferroque
1115 453 1177 474 rum
1194 447 1470 483 ingenium-arguas;
1493 448 1618 483 quicum
1644 447 1819 482 episcoporum
1833 457 1868 476 3"-

287 495 406 521 vastatis.
421 495 499 522 Addit
514 495 647 522 Palladius
665 496 754 522 oranti
773 495 912 522 Ammonio
932 499 960 522 et
973 495 1067 523 lsidori
1118 493 1367 528 ctoritateireprimi
1393 501 1444 522 non
1462 497 1582 529 possent,
1597 495 1783 521 assumendum
1804 494 1867 522 fuisse

286 545 374 573 partes
397 541 486 575 agenti
512 541 628 567 ferreum
654 546 775 575 torquem
809 541 924 576 propriis
946 542 1069 569 manibus
1118 539 1283 571 βιέεΐθοιυῐη,
1298 539 1332 567 ab
1348 547 1434 574 eoque
1448 540 1474 567 in
1491 540 1580 575 iugam
1595 539 1732 574 conjectos
1749 540 1867 568 monachos

287 584 410 618 injecisse
437 586 627 618 Theophilum,
656 587 753 622 pugnis
780 586 902 614 maxillas
925 591 952 615 et
976 587 1048 614 oculc

1118 584 1155 611 ita
1170 584 1305 619 dispersos
1320 592 1389 618 esse,
1403 590 1432 612 ut
1451 585 1596 620 propositis
1614 584 1711 612 edictis
1726 584 1812 612 nullibi
1823 593 1867 612 eon-

285 632 450 664 contudisse,
464 633 514 659 hac
531 633 633 666 ingesta
652 637 678 659 et
697 633 807 666 repetita
821 640 886 661 voce
900 642 906 660 :
925 633 1065 667 Ilwretice,
1117 630 1215 658 sistere
1232 631 1396 659 sinerentur.
1409 632 1490 659 Addit
1502 635 1615 665 postea:
1633 640 1643 656 ι
1659 630 1712 658 Sed
1737 635 1813 658 tamen
1827 631 1868 659 sive

285 678 478 705 annthematiza
501 677 648 712 Origenem.
671 677 736 704 Utul.
752 682 812 710 est,
837 683 943 706 constat
961 679 1066 713 episco-
1118 676 1182 703 illud
1197 683 1273 703 error
1288 682 1339 709 εει.
1353 682 1382 704 ιιι
1396 684 1445 711 ego
1465 677 1568 709 sentio:
1588 677 1644 704 sive
1665 677 1781 708 haeresis,
1795 682 1866 711 utpr-

285 730 379 758 porum
404 723 533 758 synodum
555 723 722 749 Alexandria:
744 724 865 759 coegisse
888 724 1065 759 Theophilum
1118 726 1200 754 tatur,
1212 729 1265 750 non
1279 722 1365 750 solum
1382 723 1491 757 reprimi
1509 731 1560 750 non
1575 723 1662 757 potuit
1673 722 1762 750 multis
1776 723 1868 750 animad-

285 775 355 795 anno
369 767 469 795 Christi
484 768 546 801 399,
559 769 753 802 damnatosque
767 776 820 797 tino
835 777 883 798 ore
897 770 1067 805 Origenistas
1118 768 1286 796 versionibus
1309 768 1493 801 sacerdotum,
1516 770 1562 796 sed
1582 776 1750 804 nequaquam
1766 773 1812 795 tam
1830 769 1867 797 late

285 822 300 839 c
316 812 406 840 Nitria:
424 818 522 844 monte,
538 818 566 839 ut
590 822 669 846 supra
688 819 825 842 narratum
850 820 900 847 est,
923 816 1064 851 exegisse:
1084 846 1102 851 _
1118 821 1147 841 se
1162 814 1292 848 potuisset
1306 813 1453 847 eﬁundere,
1472 815 1522 842 nisi
1536 815 1713 842 contentione
1731 815 1865 842 crevisset.)

285 860 428 886 accedente
443 859 632 893 imperatorum
653 861 828 894 auctoritate,
841 860 886 895 qui
902 868 935 887 ex
950 860 1067 897 AEgypto
1083 859 1104 872 ”
1119 859 1237 894 Denique
1256 867 1306 886 nec
1328 859 1514 894 episcoporum
1535 860 1721 894 severitatem,
1736 867 1781 887 nec
1798 868 1867 887 mona-

285 909 314 931 ιιι
333 904 495 939 pellerentur
522 904 628 938 scriptis
658 905 726 932 datis
754 904 900 939 jusserunt.
925 906 1068 942 Synodicaa
1118 905 1229 932 chorum
1246 903 1457 939 perduellionem
1473 905 1588 940 probare
1600 912 1630 933 se
1647 905 1721 932 dicit.
1737 905 1806 939 Quod
1818 907 1865 933 milii

284 950 361 984 hujus
383 950 487 977 concilii
511 951 630 983 cpistolc
654 952 801 985 fragmenta
818 952 938 985 quaedam
955 953 982 980 in
1007 953 1068 989 Epi-
1117 958 1183 978 sane
1201 951 1277 978 valde
1295 951 1423 986 probatur
1443 950 1591 985 iudicium;
1613 959 1676 978 nam
1701 952 1777 979 nimis
1798 959 1866 979 severe

283 997 350 1024 stula
365 997 397 1024 ad
414 996 517 1023 Menam
534 996 702 1024 Justinianus
723 998 849 1025 servavit.
873 999 1012 1034 Adjiciunt
1034 1008 1044 1026 ε

1118 995 1144 1022 in
1159 995 1325 1031 Origenistas
1340 1003 1354 1022 a
1369 994 1517 1030 Theophilo
1531 996 1684 1024 consultum
1699 1001 1756 1030 est;
1772 997 1812 1024 sed
1824 1005 1866 1032 gra-

284 1043 420 1076 superiora
440 1042 569 1076 Georgius
589 1043 795 1075 Alexandrinus,
808 1048 835 1071 et
854 1043 964 1071 Simeon
986 1044 1068 1072 Meta—
1117 1041 1176 1068 Vilis
1202 1045 1291 1068 tamen
1319 1048 1447 1075 peccasse
1468 1042 1591 1070 Videntur
1614 1042 1740 1070 monachi
1759 1050 1772 1069 ει
1794 1043 1866 1077 quibus

283 1089 416 1123 plirastes,
440 1088 535 1114 finibus
565 1089 619 1115 suis
642 1092 766 1115 extorres
784 1090 931 1117 monachos
954 1089 1068 1117 Alexan-
1119 1091 1172 1114 tam
1195 1086 1335 1121 praefracte
1350 1088 1539 1123 episcoporum
1555 1089 1707 1116 auctoritas
1728 1089 1866 1123 pessumdata

283 1135 368 1162 driam
395 1135 548 1169 pervenisse
563 1155 570 1167 ,
593 1140 619 1161 et
639 1135 783 1162 miserabili
803 1143 896 1163 eorum
921 1136 1013 1164 habitu
1031 1137 1067 1164 ita
1117 1136 1168 1160 est.
1728 1126 1730 1129 ’

283 1186 443 1208 commotam
464 1181 546 1208 fuisse
570 1181 684 1215 plebem,
711 1186 739 1207 ut
758 1181 936 1216 Theophilum
959 1182 1067 1209 latitan-
1151 1179 1183 1206 V.
1200 1179 1371 1208 Anastasium
1388 1180 1495 1209 interim
1519 1188 1654 1208 summum
1677 1182 1816 1215 pontiﬁcem
1834 1190 1866 1216 per

284 1233 336 1255 tem
354 1228 386 1254 ad
409 1235 500 1254 necem
512 1228 677 1261 deposceret,
694 1228 791 1261 vixque
807 1227 929 1261 praesidis
944 1228 1068 1255 adhorta-
1116 1225 1273 1261 synodicam
1307 1226 1448 1260 epistolam
1478 1227 1516 1254 rei
1545 1232 1627 1263 gestit
1660 1228 1794 1256 certiorem
1821 1229 1866 1257 fecit

283 1275 401 1301 tionibus
423 1275 571 1301 sedaretur.
590 1273 708 1308 Digressi
723 1281 754 1300 ex
777 1272 895 1309 Egypto
911 1272 1067 1308 Origenistae
1117 1271 1291 1306 Theophilus,
1315 1279 1347 1300 ac
1369 1272 1437 1300 alios
1453 1272 1517 1300 item
1538 1273 1692 1307 episcopos,
1714 1274 1758 1301 sed
1779 1274 1866 1308 Epipha-

282 1319 476 1354 Jerosolymam
492 1320 525 1346 ad
540 1314 677 1346 Joannem
706 1320 780 1347 urbis
802 1319 952 1347 antistitem
971 1319 1066 1347 confu-
1117 1317 1190 1344 nium
1210 1318 1389 1351 potissimum,
1403 1319 1437 1346 ad
1450 1325 1529 1353 quem
1544 1319 1655 1353 scripsit
1669 1319 1695 1346 in
1714 1326 1770 1346 eam
1784 1325 1865 1347 semen.

283 1367 368 1400 giunt,
383 1374 461 1400 quem
481 1370 559 1393 antea
576 1366 698 1399 partibus
714 1367 771 1393 suis
787 1365 920 1392 faventem
936 1373 1067 1401 cognove.
1118 1362 1199 1395 tiam.
1221 1371 1251 1391 se
1272 1363 1398 1398 Origenis
1416 1364 1541 1391 colubros
1559 1365 1715 1400 evangelica
1734 1372 1793 1392 ense
1811 1370 1864 1392 u-un-

285 1417 356 1438 rant.
374 1412 522 1447 Sylvanum
539 1419 599 1438 cum
618 1419 756 1445 perperam
777 1410 914 1445 appellant
936 1410 1067 1445 Georgius
1116 1416 1201 1442 casse,
1213 1414 1240 1437 et
1253 1409 1396 1437 fecundum
1409 1410 1501 1438 Nitriae
1515 1411 1708 1439 monachorum
1724 1419 1810 1446 agmen
1822 1418 1865 1438 con-

283 1458 480 1487 Alexandrinus
494 1458 520 1483 in
541 1457 602 1483 Vita
618 1457 803 1491 Chrywsiomi,
817 1464 879 1491 cap.
891 1456 936 1490 58,
954 1461 982 1484 et
999 1457 1067 1484 alter
1117 1455 1224 1489 tagione
1239 1454 1366 1489 pestifera
1389 1455 1532 1489 liberasse;
1549 1455 1603 1490 jam
1626 1462 1693 1482 vero
1707 1463 1764 1483 esse
1781 1462 1864 1490 operum

283 1511 431 1538 anonytnus
454 1503 568 1537 scriptor
590 1502 655 1529 Vin
677 1502 872 1538 C/irysostomi,
894 1510 954 1539 cap.
972 1504 1017 1536 89,
1038 1507 1066 1532 et
1079 1521 1100 1550 α
1117 1499 1199 1534 ipsius
1214 1498 1365 1534 Epiphanii,
1378 1499 1491 1535 Cyprios
1507 1501 1649 1535 episcopos
1672 1507 1832 1535 congregare,
1845 1504 1863 1526 et

283 1550 391 1577 Simeon
422 1550 615 1584 Metapbrastes
640 1550 666 1576 in
699 1549 757 1575 Vita
787 1549 977 1584 Chryrostomi.
995 1549 1044 1577 Nai

1115 1545 1180 1571 dare
1203 1546 1354 1579 negotium,
1377 1551 1406 1573 ut
1427 1555 1436 1571 ι
1452 1546 1582 1582 Origenes
1605 1547 1773 1579 nominatim,
1789 1551 1812 1573 et
1831 1553 1862 1572 ne-

282 1603 351 1622 auuo
364 1595 426 1627 586,
449 1596 475 1622 in
496 1595 724 1630 Jerosolymilano
741 1596 837 1623 throno
861 1596 961 1623 sedisse
982 1595 1064 1624 Joan-
1116 1592 1181 1619 [aria
1203 1592 1315 1620 iimreiis
1339 1594 1553 1627 COﬂdemneml';
1567 1604 1577 1620 ι
1605 1594 1704 1622 deinde
1726 1601 1786 1621 “"0
1805 1600 1863 1628 εῐηο·

283 1650 354 1675 num,
373 1642 473 1669 obiisse
491 1649 554 1669 vero
569 1650 639 1669 anno
651 1642 713 1673 416,
729 1642 895 1669 demonstrat
911 1641 1063 1669 Baronius:
1115 1637 1188 1664 dicas
1207 1638 1335 1672 θρὶδιοιθε
1357 1638 1390 1666 ad
1408 1646 1453 1672 se,
1475 1643 1503 1666 et
1524 1640 1558 1666 ad
1582 1639 1713 1667 Joannem
1733 1639 1863 1674 Chrysosttr

281 1686 474 1721 Jcrosolymam
491 1691 578 1714 autem
598 1695 668 1715 anno
688 1688 739 1715 599
761 1687 931 1723 Origenistzc,
948 1693 977 1715 ut
995 1688 1062 1722 dixi,
1114 1690 1199 1716 mulli.
1218 1683 1338 1718 aliosque
1353 1684 1495 1719 episcopos
1521 1685 1648 1718 minem;
1667 1685 1749 1712 illis“
1762 1684 1862 1720 Ρθτ¹³ιυ¹¹¹

281 1734 470 1767 confugerunt.
501 1734 645 1761 Submissis
678 1735 805 1761 continuo
837 1734 863 1761 in
895 1734 1063 1762 Palaestinam
1114 1730 1147 1755 ad
1173 1736 1202 1757 ὅθ
1226 1728 1393 1765 Origenistas
1418 1737 1451 1757 εκ
1469 1730 1585 1766 *ΕΒΡιο
1607 1730 1728 1766 άθῙθθῑοδ
1755 1731 1863 1764 “alii?”

282 1778 377 1811 legatis
400 1779 492 1807 Prisco
515 1785 543 1806 ei,
566 1780 685 1813 Eubulo.
710 1779 874 1815 Jerosoiyma
907 1788 1013 1816 quoque
1036 1786 1064 1809 ei,
1113 1774 1389 1811 Constantinopolim;
1409 1782 1487 1805 curet
1504 1777 1585 1812 igitur
1599 1781 1629 1805 ut
1643 1777 1761 1809 Isauriae,
1771 1782 1795 1804 et
1809 1777 1864 1803 Pam-

282 1824 411 1859 proximis
428 1824 492 1852 locis
512 1833 558 1852 eos
580 1825 677 1859 exponi
700 1830 777 1853 curat
799 1826 974 1860 Theophilus,
1001 1835 1064 1854 nus—
1114 1820 1214 1855 philiae.
1225 1821 1427 1858 vicinarumque
1440 1824 1637 1858 provinciarum
1653 1824 1781 1851 antistites
1792 1828 1863 1857 ορεηε

281 1877 361 1903 quam
377 1875 541 1905 repugnante
563 1869 674 1897 Joanne.
694 1871 794 1898 llorutn
812 1872 995 1906 conjecturam
1017 1880 1042 1900 ea

1113 1874 1175 1895 suas
1187 1867 1220 1894 ad
1243 1869 1447 1903 exstirpandum
1462 1868 1661 1904 Origenismum
1682 1870 1817 1901 conferant,
1834 1867 1860 1894 vi-

281 1914 369 1949 pimus
388 1922 420 1942 ex
437 1915 549 1949 epistola
563 1915 598 1943 70
618 1911 784 1950 Hieronymi.
798 1915 982 1951 Scythopolim
1002 1917 1063 1945 οτι-
1113 1919 1172 1939 rum
1185 1913 1299 1948 aliquem
1323 1913 1483 1942 industrium
1501 1915 1757 1951 Constantinopolim
1780 1915 1861 1943 mittat.

282 1961 393 1992 genista:
416 1968 526 1988 numero
551 1961 659 1988 circiter
679 1961 812 1996 octoginta
843 1962 1010 1996 perveniunt.
1034 1963 1043 1990 l

1112 1958 1156 1992 qui
1180 1958 1243 1985 illuc
1264 1966 1323 1992 qua:
1345 1964 1419 1994 gesta
1449 1964 1511 1987 sunt
1538 1960 1655 1994 referat;
1678 1967 1801 1988 summam
1819 1964 1860 1985 esse

281 2006 324 2033 his
347 2006 501 2039 Dioscorus,
525 2007 693 2038 Ammonius,
719 2007 866 2039 Eusebius,
890 2007 1060 2043 Euthymius,
1112 2004 1180 2037 apud
1202 2011 1296 2031 omnes
1321 2005 1348 2031 in
1371 2004 1488 2040 Egyplo
1511 2005 1545 2033 ob
1570 2005 1737 2041 proﬂigatam
1765 2004 1860 2031 heresim

281 2051 388 2084 llierax,
402 2052 485 2079 lsaaci
502 2053 563 2084 duo,
578 2057 602 2079 et
618 2052 745 2080 Isidorus.
764 2053 798 2080 At
815 2060 876 2080 cum
889 2053 923 2081 ad
947 2055 1042 2089 impera

1112 2049 1242 2077 laetitiam.
1269 2050 1359 2078 Notari
1381 2052 1469 2079 obiter
1494 2052 1573 2079 velim
1588 2052 1738 2085 jocularem
1760 2050 1860 2079 Guidonis

281 2102 364 2126 torem
386 2097 528 2125 Arcadium
550 2102 577 2125 et
597 2098 828 2132 archiepiscopum
858 2098 989 2126 Joannem
1014 2100 1060 2127 de-
1111 2097 1261 2125 Carmelitae
1284 2106 1419 2131 errorem,
1442 2100 1488 2133 qui
1512 2099 1653 2133 Theophili
1677 2099 1765 2130 verba.
1787 2097 1859 2131 quibus

280 2143 363 2171 lectos
388 2150 403 2170 e
433 2142 520 2170 Nitria
549 2143 710 2176 monachos,
734 2143 897 2178 Origenistis
924 2144 1059 2177 infensos,
1111 2142 1234 2177 Origenis
1265 2144 1392 2172 colubros
1421 2152 1450 2172 se
1476 2145 1629 2180 evangelico
1652 2152 1717 2173 ense
1749 2147 1859 2171 truncasse

278 2188 400 2223 aliosque
425 2189 689 2223 Constantinopolim
720 2189 850 2224 allegasse
882 2190 1058 2224 Theophilum
1078 2194 1099 2221 υ
1113 2189 1181 2224 apud
1198 2189 1374 2224 Epiphanium
1388 2191 1517 2226 iactabat.
1533 2198 1673 2226 perperam
1690 2191 1857 2224 interpretatus.

279 2235 456 2269 accepissent,
470 2235 515 2269 qui
530 2243 578 2269 pro
589 2242 617 2262 se
631 2243 740 2262 causam
753 2235 885 2268 dicerent,
898 2237 991 2263 eodem
1010 2237 1058 2270 ipsi
1114 2239 1235 2269 questu":
1252 2234 1278 2261 id
1296 2234 1379 2262 fuisse
1394 2235 1503 2269 scripsit
1518 2235 1706 2270 Theophilum,
1721 2234 1784 2270 quod
1798 2238 1858 2260 mem-

280 2272 313 2306 δά
327 2280 465 2307 diluendas
485 2280 625 2312 Theophili
649 2282 853 2315 accusationes,
877 2289 992 2317 suasque
1017 2290 1060 2310 res
1114 2280 1161 2307 bra
1177 2280 1228 2307 sibi
1247 2279 1319 2307 ferro
1334 2281 1672 2317 truncarentOrigenistae,
1685 2287 1713 2308 ut
1728 2280 1858 2308 haberentur

279 2326 462 2360 procurandas
480 2326 592 2360 profecti
606 2333 679 2354 sunt.
1114 2325 1230 2353 humiles
1242 2331 1269 2353 et
1284 2326 1402 2360 religiosi
1414 2327 1447 2354 “.
1463 2327 1520 2354 Mox
1540 2333 1569 2354 ut
1582 2328 1736 2362 synodicam
1748 2322 1857 2358 Theophili

314 2369 358 2398 ιτ.
380 2370 430 2398 Per
445 2370 514 2398 idem
532 2375 637 2405 tempus
651 2380 704 2407 quo
718 2372 776 2399 hinc
790 2373 939 2408 agebantur
955 2374 1059 2402 delatus
1113 2372 1253 2406 epistolam
1267 2373 1372 2407 accepit
1386 2373 1560 2407 Epiphanius,
1575 2375 1608 2401 ad
1624 2373 1801 2408 HicrOnytnutn
1812 2377 1857 2397 con-

278 2421 320 2444 cst
334 2416 359 2443 in
378 2424 425 2444 eas
442 2424 504 2444 oras
522 2425 536 2444 a
552 2417 636 2445 Gallia
655 2417 873 2448 Postliumianus.
897 2420 996 2447 Narrat
1016 2421 1060 2448 ille
1114 2417 1187 2444 linllo
1210 2418 1329 2449 remisit,
1351 2417 1484 2453 aliamque
1499 2419 1596 2453 adjecit
1616 2420 1649 2447 de
1665 2427 1723 2452 suo,
1736 2419 1760 2445 iu
1774 2424 1815 2449 (11³³
1830 2416 1857 2441 δίε

279 2461 348 2497 apud
368 2462 516 2497 Sulpicium
541 2462 667 2491 Severum
689 2466 710 2482 ³ο
727 2465 811 2492 fmdas
829 2466 969 2500 episcopos
990 2466 1060 2494 inter
1111 2461 1184 2489 illum
1211 2462 1361 2491 aﬁ'atur":
1380 2473 1389 2489 ι
1412 2464 1505 2497 Scito,
1530 2465 1566 2492 ﬁli
1588 2465 1757 2495 ctiarissiuie,
1774 2461 1856 2490 Amalec

276 2512 305 2536 et
328 2510 474 2536 monachos
497 2511 715 2539 concertationes
740 2511 926 2539 intercessisse
937 2532 945 2544 ,
973 2521 982 2538 ε
997 2507 1060 2547 quia
1112 2515 1196 2544 usque
1209 2509 1242 2536 ad
1256 2509 1365 2544 Slil'Pem
1385 2517 1444 2537 esse
1458 2511 1584 2543 dem-um.
1600 2516 1627 2538 ει
1640 2511 1666 2538 ill
1687 2514 1769 2538 ιηοιιιε
1782 2507 1856 2540 ΜΡΝ·

277 2555 430 2589 congregati
447 2556 472 2582 in
490 2563 572 2582 unum
586 2556 683 2591 saepius
704 2557 859 2584 sacerdotes
873 2556 1059 2592 frequentibus
1111 2555 1166 2582 dim
1197 2560 1316 2582 erectum
1344 2560 1470 2590 tropaeum
1493 2557 1595 2585 crucis.
1624 2557 1726 2584 Etenim
1752 2552 1854 2590 quomodo

277 2599 430 2627 decrevisse
452 2600 561 2635 synodis
575 2601 747 2635 videbantur,
761 2610 794 2630 ne
809 2603 869 2637 quis
885 2603 1011 2638 Origenis
1026 2603 1060 2631 li-
1112 2601 1242 2634 porrectis
1254 2602 1280 2627 in
1293 2601 1376 2630 altum
1390 2602 1472 2638 Moysi
1484 2603 1617 2635 nianibus,
1627 2603 1744 2630 vincebat
1756 2597 1852 2628 Israel":

277 2645 341 2672 bros
363 2645 465 2680 legeret
487 2652 534 2674 aut
560 2648 684 2681 haberet,
705 2650 751 2682 qui
776 2653 906 2676 tractator
921 2656 1059 2677 sacrarum
1112 2647 1152 2674 sic
1169 2647 1297 2675 Dominus
1319 2648 1480 2676 confortavit
1505 2649 1633 2677 famulum
1652 2656 1725 2676 suum
1747 2644 1850 2679 Theophi-

278 2687 478 2724 Scripturarum
501 2691 680 2726 peritissimus
701 2692 871 2726 habebatur;
885 2703 895 2720 ι
921 2693 1059 2721 censuisse
1112 2692 1176 2725 lum,
1198 2698 1226 2720 ut
1241 2701 1322 2728 super
1338 2694 1422 2722 altare
1446 2695 1574 2722 Ecclesia:
1594 2694 1769 2722 Alexandrina:
1783 2695 1850 2719 contra

277 2734 426 2769 episcopos,
443 2736 527 2764 libros
552 2738 686 2773 Origenis,
703 2738 774 2772 quod
793 2739 894 2773 sparsis
914 2739 966 2766 huc
984 2738 1060 2766 illuc-
1113 2738 1255 2774 Origenem
1282 2740 1408 2768 vexillum
1435 2745 1565 2776 poneret,
1584 2746 1611 2770 et
1634 2741 1778 2776 impleretur
1793 2737 1814 2764 in
1827 2741 1850 2760 00

281 2792 567 2860 'nggalpiehsivier.
587 2795 657 2823 Dial.
680 2804 774 2833 i,cap.
791 2797 816 2824 ’5.
857 2797 878 2815 ²¹
899 2797 977 2831 Quid.
996 2797 1021 2824 in
1041 2797 1148 2825 Summa
1162 2798 1194 2824 de
1209 2798 1300 2827 hicne.
1315 2799 1340 2826 in
1363 2798 1428 2830 liter.
1449 2799 1556 2835 Origcn.
1594 2799 1728 2830 "llicron.
1741 2796 1805 2835 episl-
1819 2793 1847 2821 73v
