1927 3076
78 109 156 137 1145

521 111 806 142 ORIGENIANORUM
825 115 888 143 LIB.
910 117 942 150 ll,
963 117 1039 145 CAP.
1058 117 1103 152 IV,
1123 117 1218 145 SEC'I‘.
1239 118 1271 145 II.

1631 121 1700 149 ιιισ

77 166 156 199 quod
179 165 280 193 dicitur
297 167 320 183 ’θ
340 175 348 194 :
371 166 462 195 Scribe
486 169 589 204 tignum
610 179 668 204 nos,
691 179 753 207 quia
780 173 867 200 delebo
882 175 904 204 Α
919 174 1010 202 Nitriae
1030 175 1151 202 rediisse.
1175 173 1328 202 Audiendus
1349 179 1478 209 praterea
1505 175 1697 211 Hieronymus,

79 210 206 238 fittiditus
220 210 346 247 Origeuis
363 213 486 241 haeresim
503 223 519 240 π
535 214 602 248 facie
620 221 697 244 terra:
720 224 780 245 cum
808 219 867 253 ipso

79 256 219 284 Amalec.)
237 257 295 291 Quo
311 265 469 294 argumento
481 260 512 287 ad
529 261 706 296 Epiphanium
723 264 868 297 scripserat

81 302 264 337 Theophilus,
279 304 375 331 eodem
391 306 584 340 propemodum
599 307 708 342 scripsit
721 309 754 335 ad
773 307 868 336 Hiero-

79 354 214 383 nymum;
231 348 274 375 cui
295 348 338 376 hic
356 350 520 384 respondens
532 352 565 383 ”,
584 360 593 376 ι
608 351 674 384 Vox,
690 352 786 387 inquit,
803 353 867 380 bea-

81 393 210 420 titudinis
230 397 284 421 tua:
309 395 334 420 In
362 399 418 421 toto
444 396 510 423 orbe
536 398 688 430 perlonuit,
712 403 740 425 et
765 399 868 427 cunctis

79 436 187 464 Christi
203 438 331 466 Ecclesiis
344 439 496 467 laztanlibus
518 441 615 469 diaboli
636 450 739 471 venena
760 444 868 471 siluere.

79 483 259 518 Nequaquam
281 485 395 519 amplius
418 487 542 521 antiquus
559 495 670 522 serpens
694 489 800 523 sibilat,
822 490 868 517 sed

79 534 224 558 contortus
245 534 272 558 et
303 531 466 560 evisceratus
492 534 518 560 in
542 541 715 562 cavernarum
750 536 868 563 tenebris

78 575 246 603 delitescens
270 576 351 604 solem
375 577 476 605 clarum
499 578 570 606 ferre
596 587 648 607 non
672 581 867 616 stistinetzqui

78 619 194 653 quidem
212 628 292 656 super
310 623 361 650 hac
384 631 430 657 re,
451 629 477 652 et
501 629 643 660 antequam
669 626 812 660 scriberes,
835 627 867 654 ad

78 664 259 694 Occidentem
279 668 404 702 epistolas
423 670 560 703 miseram,
577 678 609 698 ex
631 677 707 706 parte
728 673 868 700 haeretico-

80 718 144 738 rum
164 713 290 747 strophas
306 722 371 741 mea:
394 715 489 751 lingua:
512 717 665 745 hominibus
681 718 811 747 indicans.
829 719 868 746 Ex

78 757 284 792 dispensatione
299 760 345 788 Dei
361 761 459 789 factum
478 767 553 798 puto,
567 767 597 790 ut
610 771 641 790 eo
658 764 684 791 in
703 769 824 799 tempore
840 770 866 792 lu

77 810 191 840 quoque
205 805 238 832 ad
251 806 420 834 Anastasium
433 816 526 843 papam
543 810 686 843 scriberes,
702 814 728 838 et
743 816 864 839 nostram

917 220 980 247 dum
996 211 1133 254 aliquanto
1153 224 1214 254 past
1234 220 1267 246 ad
1283 219 1485 248 Pammachium
1502 226 1530 249 et
1546 221 1698 249 Marcellam

917 265 1037 292 scribens
1049 265 1090 293 ηε
1108 274 1117 290 ι
1134 263 1184 292 Ubi
1201 272 1270 292 nunc
1286 269 1335 296 cst,
1353 265 1449 300 inquit,
1463 266 1576 295 coluber
1597 272 1700 295 tortuo-

917 311 979 339 sus?
994 311 1037 339 ubi
1053 312 1257 339 venenatissima
1272 312 1382 346 vipera?

954 356 1043 383 Prima
1058 357 1169 384 hominis
1186 356 1265 391 facies
1281 362 1355 384 utero
1372 358 1510 385 commissa
1529 358 1700 393 luporum”?

920 400 969 428 Ubi
987 401 1097 428 haeresis
1113 409 1173 436 quas
1193 401 1317 429 sibilabat
1333 401 1358 428 in
1377 402 1495 430 mundo?
1509 412 1518 429 ι
1537 407 1565 430 et
1581 404 1698 434 deinde:

920 456 930 472 ε
944 447 1075 482 Oppressa
1092 452 1133 475 est
1157 448 1215 481 ejus
1235 447 1399 483 (Theophili)
1419 449 1579 478 auctoritate
1598 456 1625 478 et
1641 450 1699 478 elo-

918 493 1038 528 quentia,
1058 498 1085 520 et
1107 493 1133 520 in
1152 501 1253 521 morem
1275 493 1484 522 daemonicorum
1503 496 1644 530 spirituum
1667 497 1700 525 de

919 544 990 567 terra
1005 539 1141 575 loquitur:
1159 540 1247 568 nescit
1260 541 1332 567 enim
1349 547 1409 568 eum
1429 541 1474 576 qui
1500 541 1638 570 desursum
1654 551 1698 572 ve-

919 586 996 612 niens
1021 592 1050 612 ea
1080 585 1196 620 loquitur
1220 593 1279 620 qua;
1315 593 1420 613 sursum
1456 593 1528 614 sunt.
1547 597 1556 614 ι
1576 588 1701 622 Qucritur

918 630 1087 665 postmodum
1113 631 1194 658 tantis
1216 630 1444 659 simultalionibus
1466 633 1503 658 uti
1524 632 1616 660 solitos
1639 634 1700 661 Ori-

919 676 1050 712 genistas,
1064 681 1094 703 ut
1109 676 1153 703 vix
1170 684 1185 703 a
1200 677 1347 704 Catholicis
1362 678 1628 706 internoscerentur:
1646 686 1700 707 tum

919 721 1029 749 subdit:
1046 730 1056 747 ι
1071 721 1140 754 Quid
1162 728 1272 749 necesse
1294 727 1335 750 est
1355 722 1478 750 obsidere
1503 723 1700 758 Propontidem,

919 773 1024 796 mutare
1041 768 1112 800 loca,
1133 767 1252 796 diversas
1273 768 1388 796 lustrare
1411 770 1546 804 regiones,
1566 775 1593 797 et
1610 770 1703 798 claris-

919 813 1015 840 simum
1037 812 1191 848 pontificatu
1209 812 1330 846 Christi,
1357 814 1471 849 ejusque
1492 815 1637 851 discipulos
1662 825 1703 843 ra-

77 848 148 895 dtrrn
164 849 273 886 ignoras
285 853 444 880 sententiam
461 855 629 882 roborares.»
647 855 678 882 Et
696 855 774 890 paulo
789 861 865 891 post:
884 848 906 878 Β
919 858 981 886 bide
996 866 1043 886 ore
1060 859 1229 893 discerpere?
1255 858 1283 886 Si
1301 866 1363 886 vera
1389 848 1540 895 loquimini,
1559 848 1702 895 pristinum

81 903 92 921 ι
112 894 267 925 Vincentius
281 898 420 933 presbyter
430 904 492 926 ante
506 899 615 927 biduum
629 908 709 935 quam
727 902 796 928 hanc
810 902 868 936 epi-

77 942 181 971 stolam
195 944 297 976 darem,
310 945 342 973 de
363 944 435 972 Urbe
447 946 530 978 venit,
542 952 570 974 et
582 947 738 982 suppliciter
754 953 779 975 te
797 948 869 976 salu-

81 993 141 1021 tat,
165 989 315 1024 crebroque
341 998 466 1018 sermone
495 992 667 1020 concelebrat
691 993 821 1026 Romam,
842 1000 870 1022 et

79 1038 168 1061 totam
192 1034 294 1062 Italiam
319 1036 371 1064 tuis
390 1041 450 1071 post
468 1037 604 1065 Christum
627 1038 747 1072 epistolis
768 1039 867 1066 libera-

80 1085 138 1106 tam
152 1087 160 1106 :
174 1089 184 1106 ι
203 1087 267 1107 cura
282 1081 407 1108 nimirum
424 1083 557 1110 Anastasii
574 1091 658 1118 papae,
676 1091 690 1110 a
704 1092 767 1118 quo,
782 1090 810 1111 ut
823 1092 868 1112 su-

77 1127 191 1162 periore
205 1127 324 1156 sectione
344 1128 444 1156 dictum
465 1133 518 1161 est,
533 1129 691 1164 profligatus
706 1129 793 1158 fuerat
806 1130 868 1158 Οτι-λ

76 1172 229 1208 genismus.
251 1172 278 1200 In
301 1173 351 1200 alia
371 1173 405 1201 ad
424 1175 548 1202 eumdem
565 1175 681 1208 epistola
697 1175 730 1208 “,
747 1175 867 1203 Priscum

75 1223 109 1246 et
131 1218 265 1246 Eubulum
286 1227 302 1247 a
328 1220 477 1254 Theophila
509 1220 536 1247 in
563 1220 734 1248 Paltcstinam
766 1221 868 1257 legatos

77 1269 176 1292 narrat
189 1265 324 1300 dispersos
342 1265 457 1300 regulos.
472 1265 640 1300 Origenistas
662 1267 801 1300 nimirum,
820 1275 868 1295 us-

75 1317 135 1345 que
156 1311 190 1338 ad
213 1318 275 1338 suae
298 1311 416 1339 latebras
442 1311 526 1339 fuisse
551 1317 726 1346 persecutos;
752 1313 868 1348 gaudere

76 1364 178 1385 omnes
195 1357 230 1385 ob
250 1362 354 1392 partam
369 1358 403 1385 ab
419 1358 553 1386 haereticis
576 1358 738 1386 victoriam:
758 1368 767 1385 ι
782 1358 868 1387 Macte

77 1403 198 1436 virtute,
220 1402 322 1439 i_nqnit,
345 1409 430 1430 macte
450 1403 507 1431 zelo
533 1404 612 1437 fidei,
634 1404 773 1432 ostendisti
798 1404 868 1440 quod

77 1448 136 1475 huc
161 1455 245 1483 usque
268 1448 440 1476 taciturnitas
456 1449 622 1484 dispensatio
643 1449 709 1483 fuit,
733 1458 784 1478 non
802 1458 863 1478 con-

76 1501 189 1522 sensus.
204 1503 214 1520 ι
239 1493 379 1522 Postremo
402 1494 533 1523 Joannem
559 1494 811 1531 Jerosolymitanum
832 1497 866 1524 ob

75 1545 238 1575 susceptum
252 1540 432 1576 Origenistam
447 1542 604 1576 quemdam,
619 1547 763 1577 antequam
780 1542 867 1570 Theo-

77 1586 150 1621 phili
164 1586 268 1615 litteras
279 1588 436 1621 accepisset,
450 1593 562 1617 excusat
576 1588 619 1616 his
630 1589 738 1617 verbis:
756 1598 765 1615 ι
781 1589 868 1624 Super

77 1633 255 1667 susceptione
271 1634 409 1668 cujusdam
429 1642 481 1662 non
497 1635 577 1663 debes
591 1639 684 1663 contra
700 1635 775 1663 urbis
789 1635 867 1670 hujus

77 1678 175 1706 dolere
198 1678 362 1713 pontificem,
386 1680 448 1714 quia
471 1680 537 1707 nihil
562 1681 614 1708 tuis
641 1680 740 1707 litteris
765 1687 866 1715 praece-

77 1726 171 1761 pisti:
193 1729 220 1752 et
242 1727 413 1753 temerarium
438 1726 489 1754 f'uit
511 1727 544 1754 de
562 1734 594 1754 eo
616 1727 687 1762 quod
711 1727 865 1760 nesciebat,

79 1771 157 1798 ferre
171 1770 332 1798 sententiam
344 1779 352 1798 :
366 1775 454 1798 tamen
470 1778 531 1798 reor
544 1771 619 1798 illum
632 1779 682 1799 nec
696 1771 803 1804 audere,
817 1778 866 1798 nec

79 1815 152 1842 velle
174 1820 200 1843 te
221 1815 247 1842 in
271 1815 363 1851 aliquo
383 1815 489 1843 latdere.
503 1825 513 1842 ›
539 1815 642 1849 Quibus
664 1823 716 1843 non
736 1815 864 1843 Joannem

78 1860 408 1896 Jerosolymitanum,‘sed
424 1862 648 1898 Chrysostomum
668 1862 754 1890 notari
770 1867 866 1897 putant

80 1906 202 1934 nonnulli
217 1916 225 1934 :
243 1907 289 1935 sed
307 1915 359 1934 non
375 1909 558 1942 persuadent;
584 1916 646 1936 nam
668 1916 749 1936 unum
772 1917 866 1949 quem-

79 1955 145 1979 dam
161 1957 314 1987 susceptum
329 1953 396 1980 dicit
417 1953 606 1989 Hieronymus,
627 1958 655 1980 at
673 1953 865 1989 quinquaginta

79 1999 291 2033 Chtysostomus
314 1999 441 2034 suscepit.
465 1999 565 2027 Deinde
586 2007 647 2027 cum
673 2000 711 2027 ait
735 1999 865 2035 Hierony-

80 2051 153 2077 mus,
168 2043 245 2072 Urbis
261 2045 352 2079 hujus,
375 2049 461 2072 utram
482 2047 571 2080 potius
588 2046 695 2073 videtur
712 2046 866 2081 significare

79 2089 341 2123 Constantinopolim
358 2093 397 2116 tot
419 2090 603 2117 mansionibus
618 2090 757 2123 dissitam;
774 2099 807 2118 an
822 2089 866 2119 Je-

81 2136 244 2171 rosolymam
264 2135 340 2170 cujus
355 2137 380 2164 in
395 2137 490 2164 vicinia
506 2137 563 2164 haec
579 2137 730 2165 scribebat?
748 2137 865 2166 Omnino

79 2185 157 2208 certe
179 2180 420 2217 Jerosolymitanus
438 2181 556 2210 Joannes
580 2183 685 2211 videtur
714 2184 864 2220 intelligen-

79 2226 142 2254 dus.
165 2226 205 2253 Ex
223 2227 265 2254 his
287 2228 418 2262 suspicari
437 2228 501 2255 licet
526 2228 693 2256 deferbuisse
714 2229 866 2264 aliquantu-

81 2272 137 2300 lum
155 2273 206 2300 hoc
221 2277 339 2308 tempore
352 2274 434 2309 ipsius
447 2281 508 2301 cum
526 2274 688 2309 Hieronymo
701 2275 862 2309 simultates,

81 2311 169 2354 (quas
185 2328 289 2347 rursum
307 2325 396 2348 tamen
419 2321 620 2355 redintegratas
642 2321 725 2349 fuisse
752 2322 864 2350 inferius

80 2366 277 2400 ostendemus),
290 2371 318 2393 et
333 2366 496 2402 aliquantum
513 2367 545 2394 de
559 2374 650 2395 amore
667 2375 716 2395 suo
733 2368 862 2397 adversus

81 2411 226 2447 Origenem
242 2412 388 2445 remisisse,
399 2413 441 2439 vel
457 2413 620 2440 sententiam
636 2417 710 2440 certe
723 2421 797 2440 suam
813 2413 864 2442 dis-

79 2457 234 2485 simulasse.
247 2458 321 2491 Quod
337 2463 367 2485 nt
380 2459 503 2493 suspicer
520 2459 585 2486 facit
599 2458 663 2485 illud
679 2459 816 2494 Theophili
837 2459 863 2486 in

81 2502 135 2530 alia
159 2502 193 2529 ad
213 2503 404 2539 Hieronymum
429 2504 541 2540 epistola
560 2504 581 2520 "’
604 2513 610 2531 :
628 2513 637 2530 ι
652 2505 740 2539 Atque
760 2505 863 2532 utinam

80 2547 155 2582 apud
177 2555 225 2575 vos
236 2556 350 2583 'quoque
369 2549 534 2584 deponerent
558 2550 736 2585 hypocrisim,
757 2550 802 2584 qui
817 2557 862 2577 oc-

80 2591 155 2619 culte
171 2592 296 2621 dicuntur
318 2594 448 2621 subruere
465 2594 606 2622 veritatem
620 2603 626 2622 :
642 2595 676 2622 de
697 2594 793 2628 quibus
808 2602 862 2622 non

79 2637 154 2665 bene
174 2639 320 2666 sentientes
342 2639 368 2666 in
390 2639 424 2667 iis
442 2640 595 2675 regionibus
623 2639 720 2667 fratres
741 2639 798 2667 haec
823 2647 865 2667 me

79 2683 205 2711 scribere
232 2685 446 2719 provocarunth
473 2686 553 2713 Addit
576 2685 742 2721 Theophilus
768 2686 865 2721 fugatis

79 2729 244 2764 Origenistis
257 2730 291 2758 ad
307 2730 445 2764 pristinam
463 2730 680 2766 tranquillitatem
701 2730 863 2759 monasteria

919 906 1020 933 erroris
1033 906 1156 933 ardorem
1172 905 1268 933 ardore
1287 905 1348 933 ﬁdei
1369 911 1543 934 commutate.
1557 916 1566 932 ι
1592 907 1702 935 Demum

918 951 1064 979 Paschales
1082 951 1222 986 Theophili
1240 952 1380 986 epistolas,
1401 952 1498 986 quibus
1519 952 1702 987 Origenismus

918 996 1059 1030 obteritur,
1082 1004 1096 1024 a
1119 1001 1174 1024 toto
1195 996 1305 1024 Oriente
1327 1005 1387 1025 cum
1407 997 1584 1024 admiratione
1603 997 1702 1033 suscipi

918 1045 945 1069 et
957 1041 1094 1076 praedicari
1111 1041 1260 1070 denuntiat.

956 1086 999 1114 Vl.
1017 1087 1123 1114 Prolixe
1140 1087 1196 1114 haéc
1209 1094 1224 1114 a
1241 1094 1283 1114 me
1299 1091 1390 1114 notata
1405 1092 1479 1120 sunt,
1492 1092 1521 1114 ut
1535 1095 1596 1115 cum
1610 1093 1701 1116 aucto-

918 1133 997 1160 ritate
1011 1132 1142 1165 Palladii,
1165 1132 1297 1165 Socratis,
1319 1133 1482 1165 Sozomeni,
1508 1133 1617 1168 Georgii
1638 1134 1702 1162 Ale-

917 1178 1054 1210 xandrini,
1075 1178 1201 1212 anonymi
1225 1177 1336 1205 alterius
1352 1178 1397 1212 qui
1415 1178 1598 1213 Chrysostomi
1619 1179 1702 1206 vitam

917 1224 944 1251 in
968 1224 1072 1252 litteras
1086 1223 1186 1255 retulit,
1204 1227 1232 1250 et
1246 1230 1260 1249 a
1275 1222 1375 1250 Savilio
1395 1223 1483 1250 editus
1497 1228 1539 1250 est
1562 1228 1628 1250 tom.
1649 1223 1701 1251 VIII

917 1271 1100 1307 Chrysostomi
1114 1276 1141 1299 et
1154 1270 1288 1298 Simeonis
1300 1270 1501 1305 Metaphrastaa,
1515 1270 1598 1297 lector
1608 1277 1702 1305 aequus

918 1317 1060 1352 Epiphauii
1084 1321 1111 1344 et
1142 1315 1298 1351 Hieronymi
1320 1316 1507 1342 auctoritatem
1536 1319 1701 1349 componat,

917 1368 944 1390 et
964 1371 1043 1398 quam
1073 1363 1177 1390 diversa
1213 1363 1246 1389 de
1272 1362 1411 1396 Theophili
1436 1361 1702 1399 et'Origenistarum

917 1408 1028 1436 dissidio
1052 1408 1202 1441 senserint,
1227 1412 1381 1443 cognoscat.
1404 1407 1442 1434 Illi
1464 1415 1595 1435 summam
1618 1407 1701 1441 pieta‘

920 1456 963 1487 tis,
979 1455 1140 1488 sanctitatis,
1153 1459 1181 1482 et
1194 1454 1406 1482 mansuetudinis
1421 1454 1524 1481 laudem
1541 1453 1701 1488 Origenistis

919 1498 1039 1525 tribuunt
1060 1506 1067 1524 :
1087 1498 1113 1524 hi
1130 1494 1294 1532 versipelles,
1312 1497 1483 1524 refractarios
1499 1501 1526 1524 et
1547 1497 1698 1531 pertinaces

918 1544 1027 1571 eosdem
1045 1543 1158 1577 fingunt.
1173 1542 1210 1570 Illi
1229 1542 1406 1576 Theophilum
1421 1542 1593 1574 iracundum,
1613 1542 1700 1577 impo-

919 1592 1037 1621 tentem,
1062 1588 1204 1623 iniquum,
1228 1588 1349 1622 pecuniae
1374 1588 1518 1623 cupidum,
1541 1594 1652 1622 pronum
1674 1587 1701 1614 in

917 1633 1073 1666 vindictam,
1090 1634 1200 1668 privatis
1222 1634 1327 1668 injuriis
1350 1633 1397 1660 Dei
1420 1640 1530 1660 causam
1566 1632 1635 1661 falso
1654 1632 1702 1660 ob-

918 1681 1071 1707 tendentem
1090 1680 1237 1707 exhibent:
1255 1679 1281 1706 hi
1299 1678 1358 1706 zelo
1373 1679 1434 1706 ﬁdei
1449 1679 1544 1706 ardere
1564 1680 1700 1711 eumdem,

916 1725 1017 1759 pollere
1031 1725 1187 1760 prudentia,
1205 1724 1302 1760 Moysis
1319 1724 1448 1751 virtutem
1470 1723 1572 1751 referre
1591 1724 1697 1751 dicunt.

916 1771 992 1804 Quod
1007 1771 1028 1798 si
1046 1778 1089 1798 res
1102 1770 1138 1798 ita
1151 1771 1263 1798 fuissent
1275 1776 1366 1804 gesta,
1379 1774 1408 1797 ut
1422 1777 1437 1796 a
1450 1769 1568 1797 Palladio
1585 1777 1696 1796 narran-

917 1821 969 1848 tur,
984 1823 1047 1843 num
1063 1821 1219 1850 praesentem
1234 1815 1468 1847 Posthumianum,
1479 1820 1507 1842 et
1522 1814 1700 1849 Epiphanium

915 1869 947 1889 ac
962 1861 1154 1897 Hieronymum
1171 1861 1197 1888 in
1209 1861 1306 1888 vicinia
1317 1862 1419 1896 positos
1435 1860 1519 1887 latere
1533 1860 1702 1895 potuissent!

915 1915 979 1934 num
995 1907 1115 1934 insontes
1133 1914 1165 1934 ac
1192 1908 1249 1942 pios
1263 1908 1385 1935 homines
1413 1911 1509 1941 praeter
1532 1906 1572 1934 fas
1595 1906 1701 1934 sedibus

915 1951 971 1979 suis
988 1952 1183 1980 exterminatos
1198 1953 1323 1980 conviliis
1336 1952 1385 1987 ipsi
1404 1960 1509 1987 quoque
1524 1952 1701 1980 lacerassent!

915 1988 977 2025 num
990 1990 1131 2032 Theophili
1152 1999 1305 2033 petulantiae
1319 1999 1537 2026 consensissent?
1551 2006 1613 2026 num
1636 1998 1701 2026 fero-

913 2044 1023 2071 citatem
1046 2045 1104 2077 ejus
1132 2052 1164 2071 ac
1182 2045 1312 2072 saevitiam
1341 2045 1505 2077 laudassent,
1519 2049 1547 2072 et
1571 2044 1702 2071 laudando

913 2089 1070 2117 auxissent?
1085 2089 1160 2123 Quod
1184 2090 1206 2117 si
1233 2091 1388 2118 econtrario
1405 2090 1471 2118 falsa
1487 2091 1519 2118 de
1532 2089 1701 2124 Origenistts,

914 2141 942 2162 et
952 2134 1136 2171 Chrysostomi
1152 2143 1232 2163 causa
1245 2136 1406 2171 prodidisset
1422 2136 1534 2168 litteris;
1550 2143 1582 2162 an
1596 2135 1629 2162 de
1644 2135 1701 2169 ipso

881 2197 902 2225 υ
915 2182 1114 2216 pronuntiasset
1130 2181 1239 2208 Photius
1253 2182 1312 2209 cod.
1322 2190 1393 2214 xcw,
1406 2183 1447 2208 ὅτι
1469 2181 1612 2217 διαλογικῷ
1624 2182 1701 2216 τύπῳ

918 2226 1008 2259 καλῶς
1021 2236 1051 2253 τε
1067 2227 1113 2254 καὶ
1131 2227 1355 2263 ἐσπουδασμένως
1365 2227 1399 2254 τὰ
1412 2228 1475 2263 περὶ
1492 2228 1538 2254 τὸν
1552 2228 1701 2263 Χρυσόπο-

919 2281 969 2308 μον
985 2272 1167 2308 ἀνεγράψατο.
1192 2281 1202 2298 ι
1215 2273 1351 2308 Dialogico
1366 2273 1451 2308 ipsum
1469 2274 1624 2301 charactere
1641 2274 1701 2309 pul-

918 2319 982 2345 chre
996 2326 1027 2345 ac
1041 2318 1183 2353 diligenter
1208 2326 1252 2346 res
1276 2318 1461 2354 Chrysostomi
1484 2320 1678 2354 descripsisse?
1689 2330 1699 2346 ι

917 2363 1045 2398 Equidem
1060 2368 1086 2391 et
1099 2364 1155 2399 jam
1167 2372 1247 2399 supra
1263 2364 1329 2396 dixi,
1341 2369 1368 2391 et
1384 2373 1455 2392 nunc
1465 2374 1571 2401 quoque
1583 2374 1701 2401 pronun-

918 2411 953 2437 tio
971 2410 1084 2444 duplicis
1113 2410 1195 2437 fuisse
1210 2410 1315 2445 generis
1335 2410 1500 2446 Origenistas
1513 2431 1521 2444 ,
1539 2412 1701 2439 orthodoxos

918 2461 946 2483 et
961 2456 1162 2489 heterodoxos;
1181 2464 1249 2490 quos
1264 2464 1323 2483 cum
1336 2457 1369 2484 ab
1385 2458 1498 2485 invicem
1515 2465 1657 2485 secernere
1674 2459 1709 2506 in‘

917 2508 1040 2537 promptu
1053 2511 1104 2530 non
1116 2507 1199 2535 esset,
1215 2507 1344 2537 utrosque
1364 2502 1595 2530 indiscriminatim
1613 2503 1700 2531 Theo-

915 2549 1016 2583 philum
1034 2549 1194 2581 divcxasse;
1215 2550 1389 2584 eamdemque
1405 2549 1439 2576 ob
1455 2557 1560 2576 causam
1576 2545 1704 2584 utrosque'

918 2595 1152 2623 indiscriminatim
1176 2595 1306 2623 Joannem
1330 2595 1547 2630 Chrysostomum
1576 2595 1698 2624 fovisse:

917 2640 982 2668 hinc
1009 2641 1150 2669 nonnullos
1177 2641 1275 2669 factum
1301 2641 1441 2675 Theophili
1466 2641 1642 2668 heterodoxos
1659 2642 1700 2668 in-

917 2687 1045 2714 sectantis
1076 2687 1224 2721 probasse;
1248 2687 1307 2715 aliis
1327 2687 1489 2714 orthodoxos
1515 2687 1584 2714 male
1607 2686 1698 2715 haberi

918 2732 1045 2760 doluisse.
1065 2731 1241 2767 Theophilum
1258 2738 1386 2768 praeterea
1409 2732 1509 2768 judicio
1531 2733 1614 2761 fuisse
1631 2740 1699 2768 pra:-

121 2796 146 2812 ¹⁸
158 2796 242 2837 μοι.
255 2805 320 2830 rvn,
334 2799 400 2837 Iit.“
413 2798 522 2837 "uilior.
537 2799 613 2834 epist.
632 2799 675 2827 7i.
714 2800 736 2815 ’θ
750 2799 820 2828 Ilicr.
832 2799 961 2837 cpistq70.
1001 2801 1022 2816 ’⁷
1033 2799 1103 2828 llier.
1117 2801 1196 2836 epist.
1208 2801 1250 2828 7‘2.
1289 2802 1312 2817 "
1321 2801 1393 2830 llicr.
1403 2801 1480 2837 epist.
1493 2801 1536 2830 78.
1574 2797 1697 2837 "Virgil.

81 2832 195 2864 Λξηείά.
209 2840 252 2864 ιιι,
267 2840 335 2861 vcrs.
351 2833 410 2863 426.
426 2834 484 2861 5‘18.
