1927 3076
248 112 315 140 1147

909 101 938 128 Ρ.
959 97 1114 127 DANIELIS
1133 96 1248 124 HUETll

1791 89 1862 116 H48

248 170 336 205 eipiti,
352 173 380 197 et
409 166 489 195 animi
505 163 643 192 aﬂ‘eetibus
661 162 772 190 nimium
795 159 994 194 obtenfperasse
1009 157 1032 184 si
1045 159 1068 186 A
1083 163 1148 205 vero
1176 158 1253 205 regat
1277 152 1452 205 Epiphania-tm
1480 149 1721 205 Theophilusguqt‘
1742 147 1860 182 aliquem

249 204 386 251 negarem,
400 209 790 243 reclamat-ctChrysostontus,
809 206 834 232 itt
848 212 927 239 quem
947 204 1031 237 impo-

249 267 339 291 tenter
349 259 469 287 deszeviit
481 267 489 290 -,
505 256 665 284 reclamaret
679 259 705 281 et
714 254 811 280 Paulus
824 252 867 279 ille
878 251 1029 286 cpiscopus,

249 315 327 343 quem
350 310 409 340 post
426 303 538 337 ﬂagella,
562 307 699 329 carcerem
722 304 748 327 et
768 298 883 329 metalla,
910 304 924 323 a
945 295 1031 322 Theo-

249 342 331 387 philo,
348 359 398 377 non
413 354 522 384 propter
548 347 755 381 Origenismum,
770 344 815 371 sed
839 343 904 370 alias
917 342 950 369 ob
968 348 1032 367 cau-

249 406 293 426 sas
319 404 350 424 ex
368 395 483 431 [Egypto
495 395 661 422 eliminatum
686 391 864 425 Hieronymus
890 393 1031 416 transeun-

249 450 302 472 tetu
314 444 430 479 hospitio
443 443 569 476 suscepit,
599 445 625 467 ct
636 444 665 466 ut
681 446 728 474 per
743 435 879 471 imperiale
900 434 1028 479 scriptum

249 478 449 518 restitueretur,
467 486 606 513 laboravit.
625 483 740 511 Privatis
764 481 876 516 proinde
894 479 981 506 causis
996 478 1030 504 ad

249 533 398 568 carpendos
411 531 576 565 Origenistas
602 529 743 555 adductum
777 525 857 552 fuisse
883 524 939 550 veri
964 521 1028 550 mihi

249 579 355 605 videtur
371 585 498 611 perquam
517 575 692 605 simillimum,
716 576 743 599 et
756 571 877 598 vindictze
897 577 952 596 sua:
970 568 1030 596 Ori-

249 624 397 658 genismum
422 622 533 649 subdole
560 619 750 655 praetexuisse;
767 616 943 651 Epipltanium
965 621 1028 641 vero

249 668 495 702 eLHieronymum,
523 674 578 692 rem
613 665 698 698 ipsam
728 662 852 690 Ecclesiae
875 660 1026 695 perutilem,

250 714 410 748 Origcnismi
426 713 527 740 scilicet
537 710 756 745 exstirpationem
773 712 917 742 spectasse,
934 713 1028 734 causas

250 760 321 793 ipsas
338 760 444 793 insuper
466 758 601 785 habuisse.
624 757 793 789 Quatcunque
804 758 877 782 certe
888 762 931 782 res
943 754 1027 780 Theo-

249 805 349 838 philum
367 804 509 838 impttlerit,
525 807 631 830 constat
656 802 779 837 legitima;
799 801 891 836 synodi
912 800 1026 827 decretis

248 850 459 883 Origenistarum
476 857 582 876 errores
595 848 677 875 fuisse
692 848 839 880 rescissos;
860 854 891 873 ac
904 854 955 873 non
969 850 1027 872 tan—

249 901 303 922 tum
319 896 433 923 fortasse
447 895 596 929 Theophili,
615 899 744 929 quantum
768 893 861 928 synodi
875 891 1028 920 auctoritati

249 942 438 976 Hieronymum
456 946 483 968 et
498 941 674 976 Epiphanium
693 939 825 966 tribuisse.

283 986 338 1013 Vll.
365 988 447 1013 Porro
477 995 527 1013 non
552 987 707 1020 synodicam
739 986 867 1012 duntaxat
889 985 1028 1019 Theophili

248 1033 401 1067 epistolam,
432 1035 520 1059 datam
540 1040 609 1059 anno
625 1031 723 1058 Christi
744 1032 806 1063 599,
823 1033 868 1058 sed
886 1031 1029 1059 Pascltales

247 1080 328 1105 etiam
342 1085 466 1112 qnatttor,
481 1080 558 1105 annis
579 1078 641 1111 400,
658 1078 719 1108 401,
735 1077 796 1109 402,
809 1077 872 1109 405,
886 1077 949 1109 404,
961 1077 1030 1104 scri-

249 1130 316 1158 ptas,
344 1125 521 1160 llieronymus
546 1124 688 1151 Latinitate
718 1123 836 1155 donavit,
857 1128 885 1150 ttt
913 1131 972 1156 qua:
996 1123 1029 1150 iis

247 1171 439 1197 continebatur
453 1171 574 1205 Origenis
590 1170 735 1201 damnatio,
756 1169 845 1201 latius,
864 1174 890 1196 et
908 1169 933 1195 in
952 1169 1030 1196 Occi-

248 1216 329 1242 dente
353 1217 518 1250 potissimnm
549 1216 758 1250 pervulgaretur.
789 1215 971 1242 Pervenerunt
996 1215 1029 1242 ad

250 1262 319 1287 hanc
331 1267 435 1288 :ctatem
459 1263 620 1295 posteriores
637 1267 703 1293 tres,
732 1261 805 1295 prior
827 1268 887 1287 cum
903 1260 1028 1295 synodica

250 1307 401 1338 intercidit;
420 1307 444 1333 in
457 1308 552 1341 quibus
564 1308 708 1340 depravata
721 1307 808 1340 aliqua
822 1306 854 1333 ab
868 1305 1031 1340 llieronymo

249 1359 308 1377 cum
330 1352 411 1384 ipsius
423 1353 567 1379 adversarii
578 1353 733 1384 iactassent,
749 1359 807 1379 sese
819 1352 844 1378 in
857 1352 968 1386 epistola
984 1351 1028 1384 78.

250 1398 283 1422 ad
302 1396 496 1423 Primitiae/tium
519 1403 540 1423 cl
562 1397 728 1427 Marcellam.
757 1405 816 1424 cum
832 1399 865 1425 ad
879 1405 925 1425 eos
939 1402 1028 1431 poste-

250 1443 338 1469 riores
350 1443 492 1469 Pascltales
510 1444 635 1475 mitteret,
650 1442 796 1470 luculenter
810 1444 941 1477 purgavit.

287 1487 352 1513 Vlll.
370 1488 427 1513 .lant
447 1495 510 1513 vero
527 1495 614 1513 rerum
628 1487 724 1513 seriem
737 1494 939 1522 persequamur.
957 1488 1030 1515 Dixi-

250 1539 309 1558 mus
329 1532 587 1565 Constantinopolim
611 1532 745 1566 prol‘ectos
765 1540 825 1560 esse
851 1532 1025 1568 Origenistas,

251 1582 389 1611 postquam
412 1577 504 1604 eodem
528 1578 628 1612 legatos
649 1586 662 1604 a
675 1577 823 1612 Theophilo
841 1578 936 1605 missos
951 1586 1027 1606 acce-

250 1629 355 1657 perunt.
372 1623 450 1649 Falso
466 1623 489 1649 id
506 1631 518 1649 a
536 1624 652 1649 Palladio
668 1628 695 1650 et
723 1623 872 1651 Sozomeno
884 1624 1026 1650 contictutn

250 1669 337 1702 arguit
351 1668 478 1694 Baronius
494 1669 526 1694 ad
542 1678 583 1694 an.
602 1669 663 1701 400,
676 1677 735 1703 cap.
747 1669 791 1701 6l,
806 1677 854 1696 nec
866 1677 1025 1704 quemquam

251 1716 313 1741 illttc
331 1720 392 1741 ante
407 1715 508 1749 legasse
521 1716 695 1749 Tchphilum
717 1716 864 1749 contendit,
883 1723 962 1751 quam
979 1724 1027 1743 eo-

249 1762 308 1788 dem
327 1761 424 1788 abiisse
441 1761 607 1795 Origenistas
625 1762 764 1789 intellexit.
795 1762 900 1789 Falsum
923 1770 1027 1798 quoque

248 1814 307 1833 esse
318 1808 385 1840 vult,
402 1808 470 1834 inter
486 1808 650 1842 Origenistas
667 1808 750 1835 fuisse
784 1809 912 1836 lsidorum
926 1818 933 1843 ;
951 1810 976 1836 id
993 1810 1026 1836 li-

249 1858 290 1880 cet
317 1858 412 1887 przctcr
438 1853 616 1880 Sozomenunt
634 1854 759 1881 Socrates
773 1859 916 1881 assereret.
932 1854 1028 1881 Nititur

249 1899 377 1926 Baronius
391 1899 529 1933 Theoplnli
547 1901 579 1925 ad
592 1899 767 1934 Epiphanium
778 1900 899 1935 epistola,
917 1909 975 1935 qua:
987 1906 1028 1928 est

250 1946 317 1972 inter
343 1946 562 1981 llicronymianas
578 1947 629 1978 67;
657 1947 695 1973 sic
723 1946 802 1973 habet
820 1946 863 1973 illa
894 1955 900 1973 :
917 1955 926 1971 ι
940 1946 1026 1974 Didici

248 1992 319 2018 enim
343 1993 414 2026 qttod
439 1992 646 2019 calumniatores
672 1999 740 2019 vera:
764 1993 836 2024 ﬁdei,
852 1992 1025 2025 ‘Ammonins,

249 2037 390 2070 Eusebius,
404 2043 431 2065 et
452 2037 620 2072 Euthymius,
647 2045 715 2065 noro
745 2046 793 2072 pro
824 2038 917 2065 haeresi
937 2037 1027 2064 lurore

248 2084 420 2118 bacchantes,
438 2084 693 2117 Constantinopolim
705 2084 856 2118 navigarint
870 2092 876 2110 :
895 2088 922 2109 ut
938 2087 966 2109 et
980 2090 1027 2110 no-

248 2138 305 2164 vos,
322 2131 343 2157 si
360 2138 426 2165 quos
448 2130 588 2161 valuerint,
604 2130 747 2164 decipiant,
778 2134 804 2156 et
816 2130 950 2156 veteribus
972 2136 1027 2156 suae

248 2176 395 2211 impietatis
424 2176 503 2203 sociis
528 2176 733 2211 coniungantur.
750 2185 759 2201 ι
779 2175 853 2202 Nulla
872 2176 916 2202 hic
933 2175 1026 2202 lsidori
1042 2166 1063 2192 Ῑ)

249 2222 370 2248 mentio:
387 2226 460 2249 certe
482 2229 568 2256 neque
590 2222 718 2254 Dioscori,
744 2229 792 2249 nec
816 2221 926 2249 aliorum
949 2222 1027 2256 quin-

248 2268 384 2302 quaginta,
413 2276 479 2302 quos
511 2268 571 2295 illuc
596 2269 744 2302 perrexisse
774 2269 855 2295 tradit
880 2268 1024 2295 Palladius.

248 2312 329 2345 Quasi
347 2321 411 2340 vero
439 2314 545 2340 nomina
562 2314 725 2348 singulorum
753 2321 914 2347 percensere
938 2314 1026 2341 Tbeo-

249 2358 339 2392 pbilus
357 2358 513 2384 instituerit.
533 2359 568 2384 At
591 2358 686 2385 deinde
703 2358 865 2392 Theophilus
890 2367 897 2385 :
926 2367 934 2383 α
950 2358 981 2385 Et
998 2362 1026 2385 ut

248 2403 363 2431 celerius
377 2407 468 2430 nostra
480 2404 734 2437 Constantinopolim
749 2405 846 2438 scripta
860 2404 1024 2438 perveniant,

247 2450 325 2477 mitte
350 2450 507 2476 industrium
525 2450 620 2483 virum,
632 2455 659 2476 et
669 2450 781 2484 aliqnetn
795 2450 827 2475 de
837 2449 951 2481 clericis,
972 2450 1022 2476 sic-

247 2499 277 2521 ttt
297 2499 323 2522 et
345 2502 394 2521 nos
404 2494 436 2521 de
450 2494 517 2528 ipsis
530 2494 620 2521 Nitriae
640 2494 812 2521 monasteriis
827 2500 916 2528 patres
931 2502 1024 2521 mona»

230 2534 370 2573 ‘cltornm,
386 2548 445 2567 cum
462 2540 521 2567 aliis
542 2540 642 2567 sanctis
663 2545 689 2566 et
712 2540 947 2568 continentissitnis
961 2540 1025 2567 viris

247 2586 380 2618 misimus,
399 2586 442 2619 qui
460 2586 564 2620 possint
580 2591 694 2612 cunctos
722 2585 747 2612 in
765 2586 905 2619 prmsentia
928 2586 1024 2613 docere

246 2638 306 2665 quae
319 2636 393 2666 gesta
411 2636 484 2658 sunt.
503 2641 512 2657 ι
534 2631 571 2657 Ex
589 2631 629 2658 his
657 2631 724 2657 αἰΠοί
748 2635 823 2665 putat
844 2631 973 2659 Baronius
992 2632 1025 2658 ab

247 2676 407 2710 Epiphanio,
426 2684 477 2703 non
502 2681 590 2703 autem
623 2684 636 2702 a
653 2675 800 2710 Theopltilo
828 2680 892 2704 tunc
909 2677 1024 2711 legatum

247 2720 330 2748 fuisse
349 2722 460 2748 missum
477 2720 736 2754 Constantinopolim
751 2730 758 2754 ;
775 2721 950 2756 Theophilum
977 2729 1024 2748 au-

247 2769 300 2793 tem
315 2766 443 2799 quosdam
458 2773 472 2792 e
488 2766 624 2793 monachis
640 2765 819 2793 Nitriettsibus
832 2768 884 2794 alio
900 2767 1022 2802 ablegas-

247 2817 286 2837 se.
314 2811 385 2838 Sane
409 2812 435 2839 id
449 2819 481 2839 ex
501 2811 620 2846 epistolae
638 2812 726 2839 verbis
744 2820 794 2841 non
818 2813 921 2848 cogitur
943 2825 948 2841 :
971 2815 1022 2842 imo

1042 834 1063 862 Β

1043 1498 1064 1526 C

1082 202 1171 228 mittat
1190 198 1458 233 Constantinopolim,
1481 197 1549 223 sicut
1563 204 1577 222 a
1593 203 1622 222 se
1636 194 1787 221 Nitrienses
1801 202 1859 220 mo-

1080 247 1158 274 nachi
1183 247 1257 272 missi
1273 251 1334 272 sunt
1346 253 1353 271 :
1367 251 1420 279 qtto
1442 243 1533 270 missi?
1551 248 1646 276 nempe
1674 248 1728 275 qtto
1744 240 1860 274 aliquem

1081 293 1150 320 mitti
1164 293 1220 319 vnlt
1243 292 1276 319 ab
1301 290 1469 325 Epiphanio;
1486 286 1746 321 Constantinopolim
1766 293 1775 312 :
1799 293 1859 313 nam

1080 339 1144 373 quid
1178 338 1249 365 aliud
1272 338 1353 364 verba
1382 334 1585 367 sonant?Quod
1600 338 1690 360 atttem
1718 333 1861 367 peregrina

1081 385 1267 412 communione
1281 391 1327 411 eos
1341 382 1476 416 exceperit
1489 381 1709 415 Cbrysostomus,
1721 379 1785 405 inde
1797 386 1862 405 con-

1081 431 1165 458 cludit
1189 430 1321 457 Baronius
1344 428 1436 464 synodi
1466 426 1655 454 Alexandrinae
1673 425 1779 452 litteras
1799 424 1861 452 illuc

1079 477 1195 504 nondum
1214 476 1295 503 fuisse
1318 475 1449 510 perlatas;
1466 473 1562 507 alioqui
1585 473 1727 498 damnatos
1747 476 1775 497 et
1797 478 1860 505 pro-

1080 523 1195 557 scriptos
1222 522 1368 548 monachos
1391 520 1499 547 minime
1525 518 1607 546 fuisse
1621 522 1809 551 excepturum.
1828 517 1862 544 Ut

1079 568 1104 595 id
1116 569 1203 601 detur,
1221 569 1292 603 quod
1305 568 1394 603 negari
1416 571 1502 593 tamen
1516 570 1613 600 potest,
1629 572 1690 592 nam
1707 565 1861 591 damnatio-

1079 616 1121 643 nis
1133 622 1241 642 causam
1262 619 1365 642 certum
1381 617 1422 640 est
1442 613 1522 639 lit-ere
1536 611 1645 646 inquiri,
1662 618 1717 637 non
1736 611 1800 637 inde
1818 617 1860 637 se-

1079 661 1169 695 quitur
1185 659 1512 694 Constantinopolitanum
1543 658 1594 685 iter
1608 657 1683 691 prius
1706 656 1861 691 suscepisse

1078 706 1226 733 Nitrienses
1251 705 1429 740 Origenistas,
1458 712 1537 739 quam
1561 704 1663 739 legatos
1688 711 1754 730 suos
1764 703 1858 729 eodem

1078 752 1240 787 Theophilus
1264 752 1394 779 misisset.
1425 750 1565 777 Probabile
1587 749 1684 783 quippe
1710 753 1753 775 est
1769 748 1856 775 Theo-

1078 800 1143 834 phili
1160 799 1260 834 legatos
1278 798 1430 832 provincias
1446 797 1542 823 multas
1555 796 1664 827 adiisse,
1676 795 1856 822 disseminan-

1079 847 1171 873 darum
1192 845 1312 879 praesulis
1330 844 1400 871 illius
1417 843 1602 879 synodicarum
1627 842 1779 868 litterarum
1798 849 1856 875 gra-

1081 893 1127 925 tia,
1141 892 1305 926 proindeque
1317 891 1402 918 serius
1415 888 1671 923 Constantinopolim
1688 888 1797 915 easdem
1813 888 1860 914 im-

1078 945 1218 974 portasse;
1235 945 1294 965 cum
1323 937 1427 963 interea
1445 935 1607 963 discessione
1632 934 1741 961 illorum
1758 933 1858 965 audita.

1079 987 1180 1015 nullam
1196 987 1398 1019 interponentes
1416 989 1530 1015 moram,
1547 980 1652 1016 magnis
1669 980 1814 1007 itineribus
1827 979 1859 1005 il-

1080 1034 1121 1061 luc
1135 1032 1337 1060 contendissent
1357 1029 1531 1065 Origenistm;
1553 1032 1579 1055 et
1595 1028 1642 1062 qui
1662 1027 1753 1054 serius
1768 1033 1860 1053 susce-

1079 1083 1175 1114 perant
1192 1079 1252 1110 iter,
1269 1077 1401 1104 maturius
1415 1076 1478 1102 illud
1492 1074 1678 1103 confecissent.

1115 1125 1160 1152 lX.
1174 1123 1428 1157 Constantinopolim
1445 1120 1525 1148 delati
1544 1120 1704 1153 Origenistre
1724 1117 1861 1153 supplices

1081 1171 1205 1199 accidunt
1221 1170 1254 1197 ad
1277 1176 1363 1203 genua
1380 1168 1499 1200 Joannis,
1523 1167 1710 1201 postulautque
1723 1170 1753 1192 ut
1778 1171 1859 1199 opera

1080 1217 1162 1249 ipsius
1176 1220 1202 1242 et
1214 1215 1383 1245 auctoritate,
1399 1213 1539 1248 Theophili
1556 1213 1698 1239 adversum
1711 1219 1741 1238 se
1752 1212 1859 1238 iracun-

1081 1264 1123 1290 dia
1147 1265 1267 1295 sedetur,
1288 1266 1314 1289 et
1330 1261 1474 1296 Egyptum
1491 1261 1618 1287 redeundi
1630 1260 1680 1287 sibi
1700 1259 1777 1293 copia
1792 1258 1859 1285 fiat:

1080 1309 1149 1343 quod
1167 1309 1188 1335 si
1203 1307 1353 1335 reverentia
1368 1311 1413 1333 aut
1428 1311 1499 1333 metu
1510 1305 1661 1339 Theophili,
1680 1305 1714 1331 ab
1726 1305 1783 1338 ipso
1798 1311 1861 1337 quo-

1081 1362 1132 1388 que
1148 1354 1370 1388 quemadmodum
1381 1356 1407 1379 et
1421 1352 1454 1379 ab
1465 1352 1524 1379 aliis
1535 1351 1667 1386 episcopis
1685 1350 1858 1384 repellantur,

1081 1400 1250 1434 imperatoris
1264 1407 1340 1434 opem
1357 1406 1386 1426 se
1398 1398 1514 1431 denique
1531 1397 1729 1431 imploraturos.
1746 1396 1859 1429 Compo-

1082 1446 1150 1472 situs
1165 1445 1197 1471 ad
1217 1444 1415 1471 miserationem
1440 1442 1656 1469 commovendam
1671 1442 1792 1468 virorum
1808 1441 1860 1467 ha-

1081 1491 1152 1517 bitus
1165 1490 1356 1525 Chrysostomo
1379 1488 1512 1523 lacrymas
1526 1487 1653 1514 excussit.
1677 1486 1796 1519 Benigne
1810 1486 1859 1512 ita-

1078 1543 1129 1570 que
1146 1537 1217 1570 ipsos
1232 1535 1386 1569 alloquitur,
1402 1534 1477 1567 jubet
1496 1541 1604 1561 causam
1627 1533 1760 1560 adventus
1771 1532 1858 1559 suisi—

1077 1583 1158 1613 leant,
1174 1582 1207 1608 de
1230 1582 1349 1615 ipsorum
1371 1580 1538 1608 restitutione
1562 1586 1620 1606 sese
1633 1586 1694 1613 cum
1711 1577 1858 1612 Theophilo

1077 1635 1124 1662 per
1137 1627 1238 1654 litteras
1258 1631 1390 1658 acturum,
1411 1626 1437 1653 in
1451 1625 1549 1660 templo
1564 1625 1682 1656 interim,
1700 1624 1744 1651 cui
1761 1631 1857 1650 nomen

1076 1673 1229 1705 Anastasis,
1256 1673 1346 1700 sedem
1365 1679 1396 1699 ac
1411 1671 1575 1699 mansionem
1599 1670 1691 1704 ﬁgant.
1706 1670 1858 1696 Paruerunt

1078 1719 1126 1750 illi,
1145 1723 1171 1746 et
1181 1719 1241 1745 vitae
1253 1718 1404 1745 necessaria
1419 1717 1514 1751 partim
1530 1716 1644 1751 propriis
1661 1716 1710 1750 ipsi
1724 1717 1858 1748 manibus,

1078 1770 1106 1791 ut
1125 1772 1182 1791 mos
1193 1769 1251 1791 erat
1268 1764 1470 1795 monachorum,
1482 1764 1578 1799 partim
1596 1762 1781 1797 religiosarum
1801 1770 1858 1789 mu-

1077 1812 1169 1839 lierum
1184 1810 1342 1839 liberalitate
1358 1814 1556 1844 compararunt,
1575 1816 1606 1836 ac
1620 1808 1787 1845 Olympiadis
1807 1816 1854 1844 po-

1078 1857 1222 1888 tissimutn,
1242 1863 1301 1890 quae
1318 1860 1378 1890 post
1389 1855 1490 1882 obitum
1505 1854 1623 1882 Nebridii
1634 1855 1756 1889 conjugis
1767 1861 1857 1882 creata

1076 1902 1201 1929 Ecclesiae
1236 1901 1534 1935 Constantinopolitanae
1568 1900 1744 1934 diaconissa,
1783 1909 1859 1936 pere-

1077 1948 1168 1982 grinos
1184 1948 1301 1981 ltospitio
1312 1947 1446 1982 excipere,
1459 1951 1486 1974 et
1503 1946 1675 1975 facultatibus
1691 1949 1747 1975 suis
1765 1948 1858 1975 fovere

1077 1994 1188 2021 solebat.
1215 1993 1385 2021 Publicarum
1410 1993 1451 2020 his
1471 1993 1655 2027 precationutn
1689 1994 1857 2021 communio-

1076 2048 1136 2067 nem
1163 2040 1297 2067 concessit
1324 2040 1538 2075 Chrysostomus,
1568 2047 1599 2066 ac
1627 2045 1855 2067 sacramentorum

1078 2094 1154 2113 usuttt
1171 2094 1223 2112 non
1237 2085 1357 2117 admisit,
1380 2085 1495 2112 nondttnt
1508 2085 1612 2119 cognita
1625 2085 1745 2119 ipsorum
1757 2093 1854 2117 causa;

1077 2139 1136 2158 cutn
1156 2132 1303 2165 praesertim
1327 2131 1439 2158 clericos
1454 2131 1582 2165 quosdam
1601 2139 1615 2157 a
1632 2131 1780 2166 Theophilo
1800 2132 1855 2166 jam

1078 2182 1139 2204 ante
1154 2177 1212 2204 aliis
1230 2177 1263 2204 de
1280 2176 1360 2204 rebus
1373 2176 1628 2211 Constantinopolim
1650 2178 1748 2204 missos
1764 2185 1854 2205 accer-

1078 2223 1157 2250 sisset
1171 2222 1298 2255 Joannes,
1321 2230 1392 2257 ttque
1406 2230 1485 2256 super
1505 2223 1584 2250 rebus
1603 2224 1797 2250 monachorum
1814 2223 1854 2250 in-

1079 2270 1204 2302 terrogati
1220 2276 1342 2303 magnam
1355 2268 1413 2295 illos
1432 2268 1555 2302 injuriam
1576 2269 1738 2296 sustinuisse
1749 2269 1854 2303 quidem

1077 2313 1215 2344 dixissent,
1233 2316 1279 2340 sed
1302 2313 1334 2339 ad
1350 2313 1562 2339 cotntnunionem
1590 2318 1679 2340 tatnen
1701 2314 1856 2348 neutiquam

1077 2366 1123 2386 eos
1135 2359 1239 2386 admitti
1268 2359 1457 2393 postulassent,
1471 2366 1504 2385 ne
1523 2359 1670 2393 Tlteopbilo
1684 2367 1729 2386 res
1744 2367 1774 2386 ea
1790 2360 1857 2386 foret

1078 2404 1228 2431 oll‘ensioni.
1247 2404 1347 2430 Scribit
1374 2404 1405 2430 ad
1435 2404 1610 2439 Theophilum
1634 2404 1855 2440 Chrysostomus,

1079 2454 1206 2484 rogatque
1224 2454 1253 2476 ut
1268 2450 1406 2477 restitutos
1416 2450 1579 2484 Origenistas
1596 2451 1622 2477 in
1641 2452 1856 2478 communionem

1078 2498 1202 2524 admittat
1221 2505 1228 2524 :
1242 2498 1283 2524 sin
1300 2497 1400 2531 judicio
1415 2498 1576 2525 contendere
1588 2498 1674 2529 malit,
1688 2499 1855 2526 necessarios

1078 2542 1220 2577 mittatqui
1239 2549 1282 2569 res
1300 2542 1382 2576 ipsius
1403 2547 1554 2577 procurent.
1576 2542 1632 2569 Non
1648 2544 1789 2577 rescripsit
1805 2544 1854 2574 ille,

1077 2588 1204 2622 quosdam
1229 2594 1244 2614 e
1259 2588 1313 2614 suis
1326 2588 1389 2614 illud
1410 2587 1538 2622 allegasse
1563 2592 1718 2620 contentus,
1733 2588 1854 2615 «libellos

1075 2638 1105 2660 ut
1115 2633 1280 2668 porrigerent
1288 2634 1444 2665 admonens,
1456 2633 1540 2667 inquit
1551 2633 1694 2666 Palladius,
1707 2642 1777 2668 quos
1784 2641 1853 2661 more

1075 2678 1153 2705 solito
1166 2679 1230 2713 ipsis
1259 2678 1414 2710 dictaverat,
1439 2683 1559 2712 apertum
1577 2678 1686 2713 quidem
1707 2684 1735 2706 et
1746 2686 1851 2714 expres—

1075 2732 1134 2751 sum
1149 2725 1314 2752 mendacium
1331 2726 1507 2757 continentes,
1524 2726 1608 2753 variis
1618 2725 1766 2754 calumniis
1779 2734 1850 2761 oper-
1882 2752 1887 2761 ,

1076 2776 1131 2798 tum
1157 2775 1183 2797 et
1207 2771 1413 2801 obumbratum;
1430 2775 1529 2798 etcum
1556 2778 1609 2798 non
1634 2777 1727 2806 posset
1753 2773 1848 2799 illorum

1076 2817 1135 2844 vita;
1148 2815 1286 2851 derogare,
1311 2816 1382 2845 facit
1401 2821 1431 2844 ut
1460 2818 1529 2845 intra
1544 2817 1672 2853 palatium
1692 2818 1772 2853 quasi
1787 2818 1849 2853 magi
