1927 3076
70 106 145 135 1149

500 111 785 143 ORIGENIANORUM
805 114 869 146 LIB.
890 116 924 150 ll,
946 118 1020 146 CAP.
1042 118 1086 153 IV,
1108 119 1204 148 SECT.
1221 120 1254 148 ll.

1620 127 1690 158 1150

66 172 244 217 nptarentnr.
259 177 269 194 ι
290 167 388 217 Subdit
401 171 570 217 postmodum
584 173 754 202 advertentes
767 175 861 211 Orige-
874 178 897 206 A
911 182 959 205 sta:
971 179 1073 212 experti
1087 183 1150 206 sunt
1163 186 1170 206 :
1186 179 1320 215 proditum
1345 181 1442 217 quippe
1456 187 1498 210 est
1511 190 1526 210 a
1540 182 1689 213 Sozomcno

66 213 158 240 nistas
173 213 239 240 nihil
261 221 289 241 se
304 215 463 250 profecisse,
484 217 645 254 «plerosque
670 220 696 247 in
714 222 852 257 dignitati-

65 258 121 284 bus
138 260 304 287 constitutos
318 261 461 290 adduxisse
477 270 579 298 secum,
592 273 686 294 omnes
697 268 853 296 anathema-

63 303 172 331 tizasse
190 305 325 333 hmresim.
341 316 351 332 ›
370 307 437 334 Tum
466 309 562 337 deinde
574 310 702 346 .rollectas
725 313 852 342 adversus

63 348 212 384 Theophili
239 353 406 387 tyrannidem
423 357 616 391 accusationes,
641 363 667 385 et
685 359 710 386 in
736 359 851 388 libellum

63 396 208 430 coniectas
228 396 323 425 Joanni
351 398 449 427 frustra
466 401 526 429 illos
552 402 584 429 ab
597 403 703 438 incepto
718 407 852 434 revocanti

63 442 191 469 tradunt.
224 443 312 471 Mouet
332 445 376 472 ille
389 445 564 481 Theophilum
579 449 699 477 conflatm
710 451 851 479 adversum

61 493 96 513 se
110 488 302 516 accusationis.
326 489 461 518 Rescribit
483 491 645 527 Theophilus
664 496 775 523 vetitum
793 504 852 524 esse

61 531 187 561 Nicaeuis
210 536 367 571 canonibus,
387 546 419 565 ne
443 538 504 573 quis
517 539 658 575 episcopus
686 543 718 568 de
734 550 763 569 re
774 548 850 570 extra

61 578 199 607 ditionem
224 588 299 608 suam
319 583 405 616 posita
419 584 523 619 judicet
538 595 545 614 :
559 595 599 617 se.
616 588 637 614 si
657 588 682 614 iu
695 588 740 622 jus
755 596 852 616 vocari-

60 624 117 652 dus
130 625 177 658 sit,
195 626 229 653 ab
242 627 376 662 Egyptiis
390 631 522 666 episcopis
533 640 594 661 esse
613 633 798 668 iudicandum.
810 636 851 662 Ad

59 669 124 698 haec
147 674 356 705 permovehatur
380 675 454 703 falsis
477 679 645 712 rumoribus;
670 685 851 708 sacramento-

59 722 124 742 rum
140 718 357 746 communionem
368 720 525 755 Origenistis
536 725 700 753 concessisse
708 725 849 760 Joannem,

59 765 90 788 et
103 762 196 790 animo
212 771 273 791 esse
300 765 332 792 ad
357 766 480 795 ferendas
505 769 570 804 ipsis
584 771 720 805 suppetias
745 777 848 807 parato.

60 805 156 838 Quare
187 809 221 834 ad
249 809 388 845 episcopos
405 813 488 839 mittit
516 814 621 842 litteras
639 805 848 850 quaquaversus,

57 849 196 880 Joannem
208 853 340 888 dignitate
354 861 381 883 et
396 858 550 893 episcopatu
564 849 735 894 everterepet
748 849 855 891 Diosco-

60 903 123 923 rum
137 905 201 925 cum
221 899 348 929 fratribus
367 910 399 930 ac
413 904 494 932 sociis
515 905 607 933 ulcisci
623 907 695 934 omni
712 908 790 935 modo
805 916 847 936 sa-

59 946 172 977 tagens,
188 945 328 973 consilium
347 952 436 976 tamen
461 955 539 978 caute
561 952 708 986 occultans,
724 953 847 990 Origenis

57 987 146 1017 libros
160 990 329 1021 solummodo
342 1001 465 1029 carpens,

95 1035 126 1062 Si
142 1037 204 1070 quis
215 1037 381 1074 Origenlstas
399 1049 414 1068 a
430 1041 532 1071 Joanne
547 1050 673 1079 exceptos
695 1046 778 1074 fuisse
796 1048 847 1075 mi-

57 1087 150 1114 retur,
168 1090 291 1118 magnam
311 1087 381 1120 apud
399 1095 491 1116 onmes
505 1089 679 1117 Nitriensium
700 1093 846 1120 monacho-

56 1133 121 1153 rum
142 1128 371 1158 existimationem
395 1131 477 1160 fuisse
495 1136 664 1170 meminerit;
686 1141 713 1164 et
727 1138 845 1174 Chryso-

55 1177 152 1200 stomo
172 1173 229 1207 jam
252 1174 313 1203 itide
335 1181 411 1204 notas
430 1186 491 1206 esse
516 1179 656 1215 Theophili
679 1188 759 1216 artes,
783 1173 843 1211 cum

53 1217 191 1247 lsidorum
211 1220 237 1247 in
248 1221 571 1259 Constantinopolitanam
586 1227 677 1255 sedem
698 1229 844 1263 intrudere,

54 1269 84 1292 et
106 1267 251 1300 quominus
265 1268 298 1295 ad
319 1277 378 1296 eam
399 1272 561 1301 eveheretur
583 1273 699 1302 Joannes
715 1276 844 1310 impedire

54 1315 171 1338 conatus
185 1318 237 1340 est.
254 1313 387 1343 Praeterea
411 1316 715 1352 Origeniauoserrores
739 1321 844 1355 publice

53 1356 184 1384 detestati
211 1357 318 1387 fuerant
335 1361 484 1391 Nitrienses
509 1373 516 1391 :
543 1363 606 1392 hinc
622 1365 698 1393 valde
720 1373 842 1402 suspecta

54 1401 96 1429 illi
114 1402 255 1438 Theophili
268 1407 430 1435 criminatio.
452 1411 486 1435 At
504 1417 552 1437 nec
563 1410 624 1438 dum
639 1412 705 1439 satis
719 1412 843 1441 adverte-

53 1453 100 1475 rat
114 1449 176 1484 pius
193 1451 306 1479 antistes
330 1453 514 1482 simulationes
530 1454 756 1491 Origenistarum,
780 1458 841 1492 qui-

52 1494 108 1522 bus
136 1494 257 1530 objectos
280 1505 387 1526 errores
411 1499 565 1534 juramento
595 1501 696 1530 diluere
723 1503 841 1538 proclive

50 1545 126 1568 erat.
149 1540 269 1569 Notanda
289 1544 346 1571 haec
366 1544 520 1581 Hieronymi
534 1547 612 1582 epist.
631 1547 676 1580 65,
706 1549 741 1576 ad
761 1549 844 1577 Pam-
857 1545 879 1574 C

50 1587 145 1614 much.
156 1593 179 1615 et
194 1588 302 1623 0cean.,
322 1598 381 1626 cap.
397 1592 422 1624 1,
449 1602 458 1617 σ
473 1593 581 1620 Faciant
601 1596 671 1629 quod
690 1594 776 1622 solum
795 1603 841 1623 ca-

51 1637 132 1665 vent,
151 1638 179 1660 ut
204 1642 282 1662 saera
300 1643 392 1664 eorum
407 1643 488 1672 atque
511 1640 638 1674 mysteria
656 1641 681 1668 in
706 1642 841 1676 publicum

51 1678 207 1713 proferam,
221 1687 248 1707 et
264 1682 353 1709 omnis
365 1683 505 1717 prudentia
522 1692 626 1718 eorum,
647 1694 699 1720 qua
715 1694 762 1714 nos
776 1687 841 1714 sitn-

52 1725 141 1759 plices
154 1726 259 1760 ludunt,
274 1728 299 1755 in
316 1730 455 1763 propatulo
476 1731 530 1764 sit;
547 1736 574 1758 et
587 1732 631 1766 qui
656 1734 763 1767 neganti
783 1733 840 1760 voci

51 1779 109 1799 non
133 1774 258 1807 credunt,
286 1776 397 1803 credant
426 1776 521 1804 saltem
544 1779 665 1812 arguenti
680 1779 759 1815 stylo.
783 1779 840 1807 Hoc

49 1819 128 1847 enim
140 1819 181 1846 vel
208 1820 323 1849 maxime
339 1827 443 1855 cavent,
460 1831 494 1850 ne
510 1816 617 1858 quando
634 1830 727 1852 contra
749 1831 840 1854 aucto-

51 1874 113 1892 rem
130 1874 209 1893 suum
230 1874 322 1895 eorum
339 1869 439 1904 scripta
464 1875 615 1897 teneantur.
641 1870 729 1898 Facile
748 1872 840 1899 dicunt

50 1918 116 1938 eum
129 1911 295 1944 juramento,
311 1915 381 1948 quod
409 1919 500 1950 postea
519 1915 570 1942 alio
593 1916 697 1944 solvant
710 1917 837 1951 perjurio.

49 1958 95 1985 Ad
110 1958 317 1993 suscriptionem
333 1961 554 1996 tergiversantur,
568 1967 743 1998 quaeruntque
757 1963 839 1990 sull'u-

50 2003 108 2039 gia.
128 2003 203 2031 Alius
222 2013 228 2031 :
242 2004 299 2032 Non
317 2013 435 2039 possum,
453 2007 549 2042 inquit,
565 2007 695 2035 damnare
707 2009 777 2043 quod
791 2017 838 2036 ne-

50 2058 98 2077 mo
115 2050 263 2078 damnavit.
282 2052 356 2079 Allus
375 2061 382 2079 :
398 2052 469 2080 Nihil
494 2061 574 2088 super
598 2055 649 2081 hoc
668 2062 682 2081 a
713 2055 837 2084 Patribus

49 2100 185 2124 statutum
203 2101 243 2124 est
255 2106 262 2129 ;
276 2104 305 2125 nt
323 2099 384 2125 dum
399 2100 480 2126 totius
492 2100 565 2126 orbis
573 2105 732 2134 provocatur
744 2107 837 2129 aucto-

51 2141 129 2174 ritas,
142 2142 328 2170 subscrihendi
341 2145 486 2172 necessitas
494 2145 640 2172 differatur.
650 2147 760 2179 Quidam
773 2154 837 2174 eon-

50 2188 180 2220 stantius,
201 2188 349 2222 Quomodo,
367 2189 462 2224 inquit,
480 2191 663 2218 damnahimus
676 2199 742 2225 quos
760 2199 835 2227 syno-

50 2234 102 2261 dus
119 2234 227 2261 Niczena
246 2243 297 2261 non
317 2236 440 2270 tetigit?)
456 2237 542 2270 Atque
556 2236 581 2263 id
598 2245 648 2264 non
662 2238 694 2264 de
712 2238 835 2265 omnibus

48 2279 221 2314 Origenistis,
242 2285 414 2315 quotcunque
426 2282 458 2307 ad
477 2281 836 2319 Chrysostomumconfuge-

49 2331 124 2358 rant,
155 2327 318 2354 intellectum
343 2328 434 2359 velim,
459 2336 518 2355 nam
549 2330 646 2363 partim
667 2331 834 2364 orthodoxis,

47 2370 149 2404 partim
166 2369 333 2398 heterodoxis
350 2373 419 2398 hanc
433 2373 585 2400 constitisse
604 2379 738 2402 catervam
758 2381 835 2409 puto;

45 2416 118 2443 adeo
146 2421 174 2442 ut
196 2417 233 2443 illi
252 2424 284 2444 ex
309 2418 408 2452 animo,
437 2419 462 2446 hi
479 2424 603 2447 oreteuus
617 2428 723 2448 errores
742 2421 835 2456 Orige-

47 2463 93 2490 nis
115 2463 315 2492 damnaverint.
345 2465 409 2498 Quae
430 2473 490 2492 cum
505 2465 697 2500 Chrysostomo
725 2467 835 2495 minime

43 2513 191 2544 perspecta
212 2516 269 2536 esse
286 2516 404 2544 possent,
418 2511 498 2538 corda
521 2511 575 2537 Deo
591 2512 733 2538 scrutanda
751 2512 832 2539 relin—

44 2559 148 2587 quens,
166 2553 256 2580 verbis
274 2554 331 2582 illos
353 2555 475 2583 hazresim
500 2555 621 2589 ejurasse
636 2556 701 2583 satis
726 2557 829 2585 habuit.

43 2599 175 2627 Accessit
194 2599 287 2626 eodem
312 2599 427 2627 fortasse
449 2601 536 2635 aliqua
548 2600 702 2636 Origeuiani
717 2602 831 2629 nominis

44 2644 210 2676 reverentia,
229 2644 305 2679 cujus
328 2646 426 2680 scripta
453 2646 571 2673 studiose
594 2647 726 2674 lectitasse
747 2646 829 2674 Joan-

45 2697 123 2722 nem,
138 2689 276 2724 multaque
289 2697 322 2717 ex
342 2691 374 2717 iis
389 2691 421 2717 ad
442 2698 505 2718 suos
521 2692 688 2720 transtulisse
707 2700 770 2720 usus
782 2693 830 2720 ob-

46 2743 175 2764 servasse
190 2736 254 2763 mihi
268 2737 368 2769 videor,
384 2742 410 2763 et
437 2737 462 2764 in
478 2739 652 2772 sequentibus
669 2739 740 2767 notis
758 2746 830 2767 com-

44 2782 187 2817 probasse.

84 2828 213 2859 Eadoxim
234 2836 340 2864 quoque
356 2829 479 2863 Augusta:
503 2830 692 2857 humanitatem
709 2830 829 2866 Origeni-

905 228 933 250 et
949 222 1109 258 Nicephoro,
1130 224 1163 252 ad
1177 231 1247 258 eam,
1259 232 1319 252 eutn
1335 225 1405 253 forte
1417 234 1498 254 curru
1513 230 1688 262 praetervehe-

906 272 991 301 retur,
1009 270 1157 296 accessisse
1177 270 1333 303 monachos,
1352 271 1456 307 sibique
1468 272 1556 300 illatas
1569 281 1584 300 a
1600 274 1688 302 Theov

906 314 980 348 philo
997 314 1109 349 injurias
1129 316 1296 350 exposuisse,
1319 317 1388 345 hanc
1402 318 1503 346 honore
1516 320 1580 354 ipsis
1597 320 1688 347 habito

905 359 1064 393 pollicitam,
1077 359 1198 387 futurum
1213 366 1242 388 ut
1257 361 1330 389 brevi
1344 369 1486 397 cogeretur
1501 366 1629 399 synodus,
1654 367 1687 394 ad

905 410 1017 439 eamque
1030 404 1193 440 Theophilus
1205 411 1371 434 evocaretur.

943 449 975 476 Χ.
991 450 1056 477 Dum
1070 451 1126 478 haec
1141 456 1295 486 agerentur,
1312 452 1478 488 Epiphanius
1490 455 1586 483 litteris
1599 456 1687 484 Theo-

905 495 969 530 phili
990 497 1113 530 acceptis,
1151 497 1247 531 quibus
1263 499 1296 526 ad
1323 501 1520 528 convocandam
1544 503 1683 537 synodum,

906 547 933 570 ct
950 542 1115 570 damnandos
1147 543 1316 578 Origenistas
1344 546 1483 573 incitatum
1509 546 1589 575 fuisse
1605 556 1685 583 supra

904 587 1030 621 diximus,
1054 591 1125 625 cogit
1143 593 1326 626 episcoporum
1347 591 1505 627 Cypriorum
1530 594 1685 627 concilium,

906 634 1036 663 librorum
1058 637 1180 673 Origenis
1196 638 1338 667 lectionem
1361 639 1470 666 decreto
1491 640 1622 673 prohibet,
1642 648 1686 667 eu-

900 681 945 716 jus
960 682 1059 710 decreti
1083 684 1222 719 exemplar
1247 691 1308 711 eum
1324 684 1375 711 alia
1390 685 1417 712 in
1442 685 1510 718 loca,
1523 690 1578 712 tum
1593 687 1686 720 praeci-

903 735 955 764 pue
965 727 1222 764 Constantinopolim
1248 731 1340 763 mittit,
1356 730 1487 758 Joannem
1510 731 1541 759 ad
1563 731 1632 758 idem
1647 731 1685 757 fa-

904 774 1027 802 ciendum
1041 776 1198 803 adhortans.
1214 776 1359 804 Collectam
1384 784 1491 811 quoque
1506 784 1519 803 a
1538 775 1685 811 Theophila

905 826 997 855 postea
1012 822 1142 857 synodum
1156 822 1328 850 Alexandriae
1343 824 1436 850 cadent
1461 824 1494 850 de
1508 831 1588 850 causa
1602 823 1685 851 fuisse

870 865 891 892 Β
904 866 1024 894 scribunt
1046 867 1184 899 Socrates,
1201 873 1227 895 et.
1249 868 1434 901 Sozomeuus;
1449 873 1526 902 negat
1543 868 1683 901 Baronius,

901 916 928 939 et
944 919 1084 947 perperam
1098 914 1130 940 ad
1151 914 1176 941 id
1192 918 1298 948 tempus
1315 913 1425 941 relatam
1446 914 1528 941 fuisse
1548 915 1581 942 ab
1598 915 1684 950 impu~

900 959 938 986 ris
952 960 1127 994 scriptoribus
1147 961 1277 996 synodum
1289 961 1498 989 Alexandrinam
1516 962 1621 995 asserit,
1638 967 1680 988 ut-

900 1011 962 1040 pote
976 1014 1035 1041 quae
1056 1007 1110 1041 jam
1129 1013 1190 1034 ante
1205 1009 1293 1035 fuerat
1314 1008 1458 1035 celebrata.
1476 1008 1531 1042 Ego
1545 1015 1608 1035 vero
1619 1009 1682 1042 quid

900 1057 1031 1085 statuam,
1049 1060 1101 1080 non
1118 1053 1217 1085 habeo;
1235 1061 1296 1080 nam
1310 1061 1362 1080 non
1384 1061 1465 1080 unum
1480 1054 1607 1081 adversus
1619 1054 1681 1081 Ori-

899 1098 1016 1132 genistas
1037 1099 1182 1126 conflatum
1200 1099 1286 1127 fuisse
1306 1100 1449 1127 concilium
1465 1105 1557 1127 narrat
1572 1099 1682 1127 Posthu-

899 1144 1003 1171 mianus
1018 1145 1088 1179 apud
1100 1145 1247 1180 Sulpicium
1264 1145 1407 1178 Severum,
1421 1146 1522 1181 Dialog.
1544 1155 1563 1179 ι,
1581 1154 1640 1181 cap.
1653 1146 1680 1174 5.

934 1189 978 1216 XI.
995 1189 1091 1218 Missas
1107 1191 1140 1218 ad
1155 1198 1186 1218 se
1202 1192 1237 1219 ab
1252 1192 1401 1227 Epiphanio
1426 1197 1452 1219 et
1469 1191 1617 1227 Theophilo
1628 1192 1682 1226 epi-

899 1235 992 1267 stolas,
1018 1241 1183 1271 paratasque
1196 1237 1246 1265 sibi
1263 1238 1375 1265 insidias
1393 1237 1510 1272 neglexit
1521 1237 1680 1273 Chrysosto-

898 1289 967 1314 mus,
988 1283 1159 1317 animumque
1174 1283 1199 1309 in
1220 1283 1398 1310 ecclesiastica
1413 1283 1581 1310 restituenda
1600 1283 1680 1310 disci-

897 1327 968 1361 plina
991 1328 1094 1355 habuit.
1113 1327 1206 1363 Legati
1224 1329 1330 1355 interim
1353 1337 1366 1355 a
1383 1329 1530 1363 Thcophilo
1546 1328 1682 1356 Constan-

899 1373 1037 1408 tinopolim
1066 1375 1190 1401 monachi
1208 1374 1375 1408 Origenistas
1402 1375 1499 1402 libellis
1522 1374 1679 1408 proscinde-

896 1420 978 1447 bant:
991 1419 1130 1452 hicontra,
1146 1427 1192 1454 spe
1206 1421 1279 1454 pacis
1296 1420 1437 1455 praeclusa,
1450 1420 1518 1454 apud
1535 1420 1678 1447 Arcadium

897 1466 1088 1500 imperatorem
1111 1470 1138 1493 et
1156 1466 1316 1500 Eudoxiam,
1343 1466 1482 1500 Theophili
1507 1466 1592 1500 questi
1616 1469 1679 1492 sunt

895 1511 1021 1546 injurias,
1047 1512 1189 1547 libelloque
1209 1513 1300 1540 oblato
1328 1520 1424 1548 graves
1452 1513 1502 1546 ipsi
1519 1516 1545 1539 et
1567 1512 1678 1539 acerbas

895 1556 1098 1583 criminationes
1115 1557 1292 1592 impegerunt,
1314 1557 1537 1591 postulat-uritque
1553 1557 1677 1584 uladdu-

893 1606 1000 1628 ceretur
1015 1601 1056 1629 vcl
1082 1601 1194 1635 invitus,
1224 1607 1250 1629 et
1267 1610 1357 1630 coram
1370 1602 1472 1630 Joanne
1494 1603 1677 1630 vadimonium

893 1649 1020 1681 sisteret;
1050 1648 1157 1675 conficti
1174 1651 1244 1676 vero‘
1265 1649 1408 1675 adversum
1429 1656 1458 1676 se
1474 1649 1676 1675 accusationum

892 1693 972 1721 libelli
999 1694 1133 1729 prtefectis
1156 1695 1230 1721 urbis
1257 1695 1420 1729 diiudicandi
1445 1695 1675 1729 permitterentur.

892 1737 1056 1765 Adducendo
1086 1738 1237 1772 Theophilo
1255 1739 1370 1765 mittitur
1397 1739 1588 1766 Alexandriam
1613 1739 1676 1766 Ela-

891 1784 986 1818 phius;
1003 1791 1111 1811 causam
1126 1784 1277 1812 libellorum
1296 1789 1322 1811 et
1336 1785 1537 1812 accusationum
1555 1785 1673 1819 praefecti

890 1833 1068 1862 cognoscunt.
1087 1828 1257 1862 Deprehensa
1273 1828 1508 1863 Theophilensium
1525 1830 1672 1863 legatorum

889 1873 1047 1904 calumnia,’
1067 1874 1170 1901 crimen
1193 1873 1219 1900 hi
1236 1872 1261 1899 ln
1277 1872 1452 1907 Theophilum
1473 1874 1624 1905 conferunt,
1639 1875 1672 1901 ab

894 1926 980 1952 eoque
993 1918 1154 1947 subornatos
1183 1927 1242 1947 sese
1267 1919 1394 1946 fatentur.
1415 1919 1539 1954 Flagellis
1554 1920 1673 1954 graviter

889 1965 950 1991 caesi
973 1965 1151 1992 detruduntur
1169 1965 1196 1992 in
1226 1972 1375 1998 carcerem,
1399 1965 1486 2000 quoad
1507 1965 1671 1999 Theophilus

888 2016 995 2036 causam
1011 2017 1059 2044 pro
1073 2017 1103 2037 se
1117 2010 1240 2037 dicturus
1256 2011 1362 2037 adesset
1378 2019 1384 2037 :
1402 2017 1455 2045 quo
1467 2011 1552 2037 serius
1567 2011 1669 2038 adven-

888 2061 961 2082 tante
981 2063 1044 2089 pars
1060 2056 1086 2082 in
1107 2057 1224 2084 vinculis
1244 2057 1322 2092 obiit,
1351 2064 1412 2091 pars
1429 2057 1454 2083 in
1471 2057 1584 2083 insulam
1605 2056 1671 2084 Pro-

888 2109 1034 2129 connesum
1051 2102 1206 2136 deportatur
1230 2108 1289 2137 post
1305 2103 1446 2129 adventum
1465 2102 1615 2136 Theophili,
1626 2101 1670 2136 ju-

887 2145 977 2172 dicum
993 2146 1092 2174 animis
1114 2147 1226 2180 pecunia
1243 2147 1360 2174 mollitis.
1385 2148 1446 2175 llaec
1464 2148 1498 2174 ita
1517 2155 1531 2174 a
1549 2147 1668 2174 Palladio

887 2191 1052 2218 referuntur.
1074 2192 1280 2228 Chrysostomus
1307 2193 1413 2220 interim
1428 2192 1593 2227 Origenistas
1607 2200 1669 2220 eon-

889 2237 957 2264 siliis
974 2242 1001 2264 et
1015 2237 1177 2264 auctoritate
1200 2245 1247 2264 sua
1271 2237 1379 2272 juvasse
1393 2239 1513 2266 creditus
1529 2243 1579 2266 est.
1593 2239 1666 2272 Quo-

888 2284 960 2310 circa
974 2283 1023 2310 sub
1039 2283 1168 2311 Barnabze
1198 2283 1306 2310 nomin‘e
1325 2285 1440 2312 obscure
1454 2285 1488 2312 ab
1504 2285 1667 2320 llicronymo

887 2329 1079 2364 perstringitur
1098 2329 1124 2355 in
1140 2328 1223 2363 Epist.
1239 2328 1271 2355 16
1293 2330 1327 2355 ad
1345 2329 1506 2364 Principiam
1526 2338 1535 2357 :
1555 2340 1564 2356 (
1579 2331 1666 2358 Refri-

886 2376 990 2406 gerata,
1006 2372 1100 2406 inquit,
1113 2372 1246 2398 eharitale
1266 2372 1422 2405 multorum,
1437 2375 1514 2408 pauci
1531 2374 1577 2409 qui
1589 2383 1665 2402 anta-

885 2418 950 2445 bant
962 2418 1022 2445 fidei
1039 2420 1179 2445 veritatem
1196 2423 1287 2446 nostro
1307 2418 1578 2455 laterijungebantur,
1596 2430 1663 2456 quo-

887 2472 944 2490 rum
963 2464 1069 2499 publice
1083 2465 1224 2499 petebatur
1239 2469 1328 2498 caput,
1343 2470 1434 2491 contra
1451 2473 1518 2500 quos
1533 2475 1596 2500 opes
1607 2475 1663 2493 om-

886 2518 934 2537 nes
949 2511 1128 2544 parabantur;
1156 2510 1193 2537 ita
1208 2515 1236 2537 ut
1247 2509 1382 2537 Barnabas
1402 2519 1509 2545 quoque
1522 2512 1663 2540 duceretur

884 2556 911 2582 in
937 2556 1009 2583 illaut
1035 2557 1242 2588 simulationem,
1271 2557 1324 2583 imo
1340 2561 1461 2591 apertum
1477 2557 1661 2591 parricidium,

884 2602 954 2636 quod
970 2609 1021 2628 non
1036 2602 1149 2635 viribus,
1163 2603 1209 2630 sed
1222 2602 1360 2628 voluntate
1370 2602 1514 2629 commisit.
1528 2611 1536 2627 ι

920 2646 977 2674 Xll.
993 2646 1107 2683 Jamque
1121 2648 1191 2674 fama
1204 2649 1396 2682 percrebuerat
1410 2647 1478 2674 male
1491 2647 1516 2674 iu
1531 2647 1660 2675 Joannem

882 2692 1006 2719 affectum
1021 2701 1081 2720 esse
1105 2693 1292 2729 Theophilum,
1320 2699 1346 2720 et
1358 2701 1452 2721 causas
1468 2701 1588 2728 quaerere
1603 2702 1663 2728 qut-

882 2739 932 2765 bus
947 2746 1007 2765 eum
1034 2739 1098 2765 sede
1124 2739 1260 2773 dejiceret.
1283 2739 1340 2767 Hoc
1369 2739 1503 2767 intellecto
1519 2739 1660 2766 concilium

882 2784 1113 2819 Constantinopoli
1147 2787 1204 2821 cogi
1228 2787 1320 2813 volunt
1336 2786 1488 2821 optimates,
1515 2790 1541 2812 ct
1571 2785 1661 2814 clerici

883 2832 1042 2866 complures,
1061 2839 1173 2867 quorum
1189 2833 1344 2861 inimicitias
1365 2833 1573 2867 Chrysostomus
1589 2839 1663 2860 seve-
