1927 3076
255 120 320 150 IIS!

891 112 922 140 Ρ.
945 109 1106 139 DANIELIS
1123 109 1238 138 IIUETII

1813 103 1885 130 “5‘2

255 181 337 209 ritate
351 188 399 209 sua
420 179 470 208 sibi
496 182 647 214 pepererat.
675 176 805 204 Futurum
819 176 845 203 id
858 175 975 210 pollicita
987 173 1040 208 iam
1056 173 1079 201 Α
1095 171 1179 198 nistas
1202 170 1235 197 ad
1251 168 1437 204 jEpiphanium
1459 165 1616 214 qumsivisse
1640 171 1707 192 num
1733 162 1885 214 aliquando

256 232 321 254 ante
331 226 493 261 Origeuistis
508 225 596 252 fuerat
618 223 747 251 Eudoxia.
766 221 858 257 Itaque
875 219 1040 254 Theophilus

255 271 399 307 Egyplios
425 271 567 306 episcopos
581 278 614 298 eo
640 268 782 297 conIestim
809 267 935 302 navigare
954 265 1040 299 jubet,

257 319 394 346 antistites
407 317 526 346 Orientis
540 317 572 344 ad
595 316 737 344 concilium
763 314 868 342 invitat.
889 312 943 340 Nec
958 310 1041 338 multo

257 369 318 399 post
336 364 424 399 Cypro
453 363 563 390 solvens
593 362 757 397 Epiphanius
782 358 1040 393 Constantinopolim
1069 385 1072 388 ,

258 410 377 444 appellit.
390 409 501 437 Obviam
514 416 673 444 progressus
689 408 805 435 Joannes
819 407 899 434 totius
916 406 979 434 cleri
996 413 1042 433 eo-

258 457 354 484 mitatu
367 456 552 483 advenientem
565 455 728 485 honestavit,
751 461 803 481 nec
819 461 852 481 eo
868 453 984 488 perpulit
1000 457 1040 479 ta-

259 511 320 531 men
336 510 365 530 ut
377 503 492 538 hospitio
508 509 569 533 suo,
584 501 625 528 vel
646 501 770 528 domibus
790 499 1042 533 ecclesiasticis,'vel

258 556 307 575 sua
319 549 434 583 denique
445 547 640 576 consuetudine
654 547 690 574 uti
707 546 786 574 vellet
802 556 809 574 :
829 547 896 574 adeo
909 545 1042 573 infensum

260 594 358 622 Joanni
377 595 499 622 animum
518 599 628 629 propter
643 598 782 628 susceptos
799 593 965 628 Origenistas
989 599 1043 626 pra:

260 649 290 669 se
307 641 420 668 ferebat.
438 641 535 668 Statim
558 641 721 675 Epiphanius
740 640 772 667 ad
788 647 817 668 se
836 643 966 667 convocat
987 639 1044 673 epi-

262 695 360 723 scopos
375 687 420 722 qui
434 693 487 714 tum
512 687 582 714 forte
597 686 828 720 Constantinopoli
844 685 1042 712 versabantur:

262 734 369 761 decreta
393 733 553 768 synodorum
572 732 687 768 profert.
708 732 807 767 quibus
823 732 934 759 lectione
948 730 1043 766 Orige-

262 779 304 806 nis
318 779 442 806 omnibus
457 778 683 812 interdicebatur;
698 778 816 812 postulat
831 781 860 804 ut
873 785 903 804 ea
917 777 966 810 ipsi
979 784 1044 811 quo-

261 831 315 857 que
337 823 471 858 sull'ragiis
485 823 541 850 suis
553 824 723 851 conﬁrment.
749 823 900 850 Paruerunt
914 822 1043 855 nonnulli,

262 869 353 904 plures
371 869 597 896 detrectaverunt.
622 869 649 896 In
665 869 707 897 his
720 869 877 897 Theotimus
890 868 1046 896 Tomitanus

262 915 413 949 cpiscopus.
437 919 562 948 spectatio
584 915 626 941 vir
655 915 816 946 sanctitatis,
844 915 964 949 iniquum
987 922 1047 942 esse

263 960 340 993 dixit,
354 961 454 987 homini
465 961 624 995 jampridem
638 966 744 988 mortuo
758 961 881 996 injuriam
893 961 1004 993 inferre,
1021 965 1048 988 et

264 1005 395 1039 majorum
412 1006 445 1032 de
460 1014 491 1033 eo
506 1006 614 1033 decreta
642 1007 795 1034 rescindere
815 1017 822 1034 :
845 1014 898 1041 quo
918 1007 989 1034 dicto
1017 1006 1048 1034 Ii-

265 1053 341 1079 brum
353 1053 495 1088 quemdam
511 1052 636 1088 Origenis
651 1053 763 1088 profert,
781 1052 955 1087 pelleclisque
967 1053 1051 1080 versi-

264 1099 314 1125 bus
331 1099 446 1132 aliquot,
460 1099 557 1133 quibus
574 1098 700 1125 Ecclesiae
715 1098 792 1126 utiles
810 1099 950 1126 sententia:
963 1099 1048 1126 conti-

264 1143 396 1170 nebantur
409 1153 417 1170 :
429 1144 593 1179 Ittlelliganl,
607 1144 703 1178 inquit,
715 1144 759 1178 qui
775 1144 858 1171 libros
871 1143 994 1178 Origenis
1010 1151 1050 1171 re-

264 1189 388 1223 pudiant,
406 1189 462 1216 haec
479 1197 584 1223 quoque
598 1197 612 1216 a
635 1197 665 1217 se
693 1189 838 1223 repudiari.
859 1188 946 1216 Nihilo
961 1194 1048 1216 tamen

264 1235 353 1262 secius
373 1235 477 1270 roganti
501 1235 703 1270 Chrysostomo,
723 1239 752 1262 ut
778 1243 829 1262 una
848 1242 938 1262 secum
950 1235 1048 1267 f'domo,

265 1285 294 1308 et
312 1289 362 1307 una
379 1280 499 1308 Ecclesia
520 1286 652 1314 uteretur,
668 1281 832 1314 renuntiavit
847 1280 1012 1315 Epiphanius
1023 1279 1049 1307 in

266 1326 362 1353 domus
375 1331 399 1353 ct
415 1333 523 1360 precum
543 1328 758 1355 communionem
775 1335 836 1355 cum
851 1327 897 1354 illo
914 1334 974 1354 sese
986 1335 1050 1354 ven-

268 1374 367 1399 turum.
394 1370 430 1396 ita
446 1371 467 1397 si
482 1369 565 1398 libros
582 1371 708 1406 Origenis
725 1372 863 1404 damnare,
883 1376 910 1400 et
925 1371 1050 1407 Origeui-

268 1420 325 1442 stas
340 1414 483 1450 Egyptios
498 1425 512 1443 a
526 1425 555 1445 se
577 1417 691 1452 rejicere
707 1417 787 1445 vellet
804 1427 810 1445 :
828 1419 899 1452 quod
914 1426 974 1446 cum
990 1423 1052 1446 ante

267 1462 487 1495 disceptationem
501 1471 588 1491 causae
601 1463 690 1491 facere
701 1469 841 1492 recusaret
854 1463 981 1496 Joannes,
994 1472 1052 1498 per-

267 1515 364 1535 suasus
379 1512 419 1534 est
434 1508 598 1543 Epiphanius
621 1516 636 1535 a
652 1508 813 1542 quibusdam
828 1508 938 1536 Joannis
957 1510 1052 1536 adver-

268 1552 359 1583 sariis,
374 1557 404 1579 ut
418 1553 444 1580 in
459 1554 585 1587 templum
605 1553 804 1588 Apostolorum,
819 1561 874 1591 quo
892 1553 1051 1581 celebranda

268 1603 328 1625 erat
344 1597 469 1634 Synaxis,
485 1599 589 1633 publice
602 1599 730 1634 prodiret,
744 1599 885 1626 damnaret
901 1599 982 1627 libros
996 1599 1053 1628 Ori-

269 1643 344 1679 genis
359 1651 390 1671 ac
404 1643 578 1677 Origeuistas.
595 1649 621 1671 et
635 1644 854 1680 Chrysostomum
866 1645 952 1680 ipsum
967 1646 1053 1673 Inces'

268 1693 350 1716 seret.
367 1688 400 1716 Et
415 1689 522 1717 fecisset
541 1697 616 1723 sane,
630 1690 680 1718 nisi
692 1690 748 1725 jam
765 1690 862 1725 templo
875 1691 1052 1726 propinquum

270 1735 380 1763 adiisset
394 1736 524 1770 Serapion
551 1737 681 1764 diaconus
703 1743 717 1763 a
735 1736 837 1764 Joanne
861 1738 969 1770 missus,
996 1746 1054 1765 mo—

269 1781 426 1815 nuissetque
437 1781 556 1815 periculo
582 1782 665 1815 ipsius
690 1781 819 1815 futurum,
838 1782 859 1810 si
877 1782 947 1816 quod
964 1783 1054 1809 animo

268 1826 462 1860 destinaverat,
479 1827 565 1862 reipsa
586 1831 741 1861 pra’staret;
757 1827 789 1854 ad
804 1827 962 1855 seditionem
975 1828 1053 1862 quip-

270 1880 304 1907 pe
316 1880 373 1899 rem
385 1877 516 1906 spectare.
533 1873 721 1900 Admonitione
734 1873 878 1901 deterritus
892 1873 1055 1908 Epiphanius

271 1919 363 1953 pedem
377 1918 474 1945 retulit.

307 1962 373 1990 XIII.
389 1963 467 1990 Circa
486 1964 554 1991 idem
574 1969 677 1999 tempus
694 1965 766 1992 hunc
784 1965 855 1992 inter
867 1970 892 1992 el
907 1965 1053 1992 Eudoxiam

272 2009 394 2044 simultas
410 2009 576 2036 intervenit:
602 2017 709 2037 (ausam
733 2011 807 2037 varie
824 2011 972 2045 scriptores
992 2018 1055 2038 nar-

271 2061 343 2083 rant.
367 2056 493 2083 Scrihunt
519 2056 573 2083 Leo
600 2056 745 2090 imperator
775 2061 802 2083 et
824 2056 933 2083 Simeon
969 2056 1054 2084 Meta-

273 2103 397 2137 phrastes
421 2103 567 2129 Eudoxiam
594 2103 752 2137 Augustam,
778 2102 890 2130 inimico
908 2107 936 2129 ut
952 2107 1012 2130 erat
1028 2103 1054 2130 in

273 2148 494 2182 Chrysostowum
517 2148 617 2181 animo,
634 2147 721 2182 ipsum
747 2148 881 2176 hmreseos
903 2149 972 2182 apud
994 2148 1056 2183 Epi-

1093 217 1120 244 io
1136 216 1219 244 libros
1231 223 1293 242 suos
1307 214 1347 242 vel
1360 213 1506 248 discipulos
1521 212 1682 243 incidisset;
1701 214 1824 244 negante
1838 208 1884 234 illo

1093 266 1266 297 percontatos
1284 261 1353 288 unde
1370 267 1399 287 se
1412 259 1555 286 hzereticos
1571 255 1814 291 deprehendisset,
1838 254 1884 288 qui

1094 307 1235 335 sententia:
1249 301 1304 333 sua:
1316 305 1418 332 nullum
1446 304 1553 331 fecisset
1575 301 1749 337 periculum;
1765 301 1834 327 huic
1852 307 1884 326 ex

1095 353 1188 381 auditu
1203 360 1231 380 se
1243 351 1407 379 intellexisse
1426 349 1614 384 respondenti,
1634 347 1788 382 Subjecisse
1801 345 1884 373 illos:

1094 399 1177 427 Nobis
1195 405 1257 425 vero
1279 396 1444 425 contrarium
1469 394 1572 426 evenit.
1597 401 1658 421 nam
1684 400 1717 420 ex
1742 391 1887 426 discipulis

1096 446 1149 474 tuis
1162 449 1188 473 et
1202 444 1287 477 libris,
1306 451 1338 471 ae
1353 443 1485 470 Ancorato
1509 440 1642 476 praecipue
1659 444 1707 467 tua
1730 439 1816 466 nobis
1830 446 1888 472 per-

1099 496 1192 527 specta
1212 490 1346 519 sententia
1372 488 1514 517 nonnullos
1534 494 1605 522 saepe
1621 486 1819 516 refutavimus,
1841 485 1886 519 qui

1096 539 1233 566 haereSeos
1250 535 1413 564 calumniam
1431 534 1480 562 tibi
1494 533 1680 568 impingebant
1694 540 1702 563 ;
1721 539 1820 566 parem
1837 531 1889 557 ita-

1095 593 1150 619 que
1161 584 1238 611 uobis
1252 583 1338 610 vicem
1353 580 1504 609 retribuere
1516 580 1648 607 debueras
1661 587 1668 606 :
1682 579 1725 605 his
1737 577 1888 605 intellectis

1099 631 1233 666 placatum
1255 628 1434 664 Epiphanium
1460 627 1533 654 viros
1552 626 1690 654 dimisisse
1709 634 1717 657 ;
1745 629 1773 651 et
1797 624 1886 658 ipsum

1096 683 1202 712 quoque
1217 674 1297 710 paulo
1313 678 1373 709 post
1392 673 1531 708 navigasse
1553 672 1579 699 in
1599 671 1728 707 Cyprum,
1745 670 1806 697 sive
1817 669 1887 697 Con-

1097 721 1271 756 stantinopoli
1297 719 1473 756 paenituisset
1501 726 1563 745 eum
1590 717 1707 749 itineris,
1732 716 1792 743 sive
1817 715 1889 742 Dens

1097 771 1205 799 oraculo
1217 774 1331 797 mortem
1352 769 1456 795 instare
1484 767 1643 794 monuisset.
1664 766 1774 798 Ecquas
1799 764 1886 791 disce

1098 817 1178 846 dendi
1196 824 1291 844 causas
1318 814 1454 846 habuerit,
1478 813 1611 840 incertum
1634 816 1686 839 est.
1712 811 1796 838 Certe
1811 814 1887 837 ante—

1063 855 1084 882 B
1099 871 1178 899 quam
1194 863 1325 898 attigisset
1337 860 1467 896 Cyprum,
1485 859 1511 886 in
1523 859 1580 894 ipsa
1596 858 1657 885 navi
1676 856 1808 888 decessit,
1826 863 1886 882 cum

1095 910 1150 945 jam
1173 912 1243 936 esset
1262 914 1358 942 magno
1376 910 1452 933 natu.
1478 905 1546 932 Fato
1569 911 1678 938 quoque
1700 903 1816 930 circiter
1837 902 1889 929 hoc

1099 960 1204 990 tempus
1217 953 1343 981 exstincti
1361 956 1426 979 sunt
1448 949 1687 984 Constantinopoli
1708 949 1843 980 Isidorus,
1862 952 1887 974 et

1099 1002 1253 1033 Dioscorus,
1267 1003 1294 1026 et
1310 998 1389 1033 paulo
1403 1002 1465 1032 post
1482 995 1652 1027 Ammonius,
1677 1001 1806 1029 magnam
1829 998 1887 1028 post

1099 1047 1204 1075 obitum
1224 1044 1373 1072 sanctitatis
1388 1043 1487 1070 famam
1510 1041 1656 1069 consecuti.
1683 1040 1744 1073 Quo
1765 1044 1888 1073 tempore

1100 1101 1186 1120 annus
1200 1092 1332 1126 agebatur
1342 1089 1404 1116 405.

1136 1138 1208 1166 XIV.
1226 1137 1294 1171 Quid
1312 1137 1345 1163 de
1363 1136 1413 1163 hoc
1435 1135 1543 1166 itinere,
1558 1133 1718 1167 itinerisque
1739 1139 1825 1159 causa
1843 1131 1888 1158 lit-

1099 1183 1165 1210 teris
1186 1180 1326 1209 tradiderit
1360 1179 1486 1215 Polybius
1512 1178 1651 1214 Epiphanii
1681 1177 1833 1211 discipulus
1858 1184 1889 1203 ac

1099 1228 1199 1260 socius,
1221 1234 1253 1254 ac
1275 1233 1364 1254 rerum
1392 1225 1511 1252 omnium
1535 1224 1659 1252 oculatus
1684 1223 1772 1255 testis,
1797 1230 1887 1257 operte

1100 1273 1218 1308 pretium
1249 1276 1291 1300 est
1318 1278 1492 1307 cognoscere.
1516 1270 1619 1298 Scribit
1641 1269 1686 1297 ille
1707 1269 1887 1302 Theophilum

1100 1318 1549 1354 JoanniChrysostomoiufensum
1581 1316 1615 1344 ob
1641 1315 1829 1343 communioni
1847 1322 1889 1342 re-

1101 1367 1210 1395 stitutos
1225 1365 1334 1400 Longos
1354 1364 1463 1395 fratres,
1479 1371 1539 1390 cum
1553 1361 1758 1397 imperatricem
1781 1360 1888 1387 mittere

1103 1413 1174 1440 hunc
1190 1411 1218 1438 in
1236 1411 1361 1438 exsilium
1378 1409 1446 1436 velle
1468 1408 1630 1443 accepisset,
1655 1407 1682 1434 id
1701 1411 1731 1433 ut
1746 1406 1890 1441 perlicere-

1103 1463 1146 1485 tur
1164 1464 1334 1491 summopere
1359 1455 1520 1487 laborasse;
1538 1454 1643 1481 dedisse
1669 1452 1761 1486 itaque
1785 1451 1888 1480 litteras

1105 1504 1137 1531 ad
1155 1503 1346 1538 Epiphanium,
1362 1502 1461 1536 quibus
1474 1499 1636 1534 Origenismi
1655 1498 1787 1526 Joannem
1811 1505 1889 1524 accu-

1103 1550 1197 1581 sabat;
1217 1548 1298 1575 aliam
1319 1551 1408 1574 autem
1426 1547 1461 1573 ob
1486 1552 1599 1573 causam
1622 1541 1899 1577 Constantinopolim

1103 1595 1292 1629 navigaturum
1318 1593 1497 1628 Epiphaniam
1524 1599 1557 1618 eo
1580 1590 1668 1625 magis
1691 1589 1887 1624 profectionem

1104 1641 1281 1672 accelerasse,
1298 1647 1350 1666 non
1366 1639 1559 1674 Chrysostomo
1576 1640 1666 1664 tamen
1690 1635 1810 1663 nocendi
1831 1639 1887 1661 stu-

1105 1687 1166 1715 dio:
1182 1693 1306 1721 magnam
1323 1690 1377 1712 tum
1391 1684 1476 1711 fuisse
1493 1685 1519 1710 In
1535 1683 1603 1710 urbe
1619 1682 1693 1717 regia
1710 1688 1805 1709 rerum
1827 1687 1887 1715 per-

1105 1733 1294 1765 turbationem,
1315 1735 1424 1766 propter
1438 1729 1566 1757 Eudoxiaa
1581 1735 1613 1756 ac
1626 1727 1818 1764 Cbrysostomi
1835 1726 1889 1753 dis-

1105 1780 1173 1808 sidia
1191 1787 1199 1812 ;
1227 1778 1380 1814 ingressum
1403 1776 1598 1804 monasterium
1615 1774 1752 1810 quoddam
1771 1772 1890 1808 Epipha-

1105 1825 1179 1852 nium
1195 1823 1357 1851 necessitate
1371 1822 1453 1849 fuisse
1468 1826 1602 1852 coactum,
1615 1824 1644 1846 ut
1659 1817 1805 1854 quemdam
1820 1817 1891 1844 ordi-

1105 1875 1182 1898 naret
1195 1878 1202 1902 ;
1214 1877 1284 1904 :cgre
1299 1868 1324 1896 id
1338 1867 1431 1895 tulisse
1445 1867 1669 1902 Chrysostomum
1683 1873 1690 1895 ;
1707 1864 1771 1891 hinc
1785 1864 1890 1890 dissen-

1105 1916 1195 1942 siones
1208 1915 1278 1941 inter
1295 1918 1439 1947 utrumque
1459 1911 1617 1943 exstitisse;
1651 1909 1801 1937 Eudoxiam
1824 1915 1888 1935 vero

1106 1961 1149 1988 his
1166 1959 1311 1994 compertis
1336 1958 1514 1985 accersivisse
1536 1957 1727 1991 Epiphanium,
1753 1956 1889 1982 haereseos

1106 2013 1246 2034 accusasse
1262 2005 1491 2040 Chrysostomum,
1518 2008 1545 2031 et
1560 2002 1709 2038 postulasse
1721 2006 1750 2028 ut
1764 2008 1798 2028 eo
1812 2003 1890 2028 abre-

1106 2058 1167 2088 εειιο
1184 2052 1265 2079 alium
1284 2049 1516 2084 Constantinopoli
1537 2048 1693 2083 episcopum
1717 2046 1888 2081 praeﬁceret;

1106 2098 1278 2133 respondisse
1301 2097 1492 2132 Epiphaniam,
1512 2094 1663 2123 sacerdotio
1690 2093 1800 2128 quidem
1824 2092 1891 2119 indi-

1107 2153 1189 2179 gnum
1207 2151 1266 2171 esse
1284 2142 1427 2175 Joannem,
1442 2142 1464 2170 si
1479 2142 1566 2176 reipsa
1593 2141 1619 2168 in
1637 2140 1763 2168 haeresim
1783 2138 1890 2166 incidis-

273 2192 401 2226 phanium
425 2200 571 2220 accusasse
589 2201 596 2226 ;
630 2192 779 2227 postulasse
807 2193 995 2227 Epiphanium,
1025 2197 1054 2219 ut
1070 2201 1092 2228 ι)
1107 2195 1165 2223 set;
1181 2190 1221 2217 siu
1236 2189 1291 2223 ipsa
1304 2188 1337 2215 ad
1351 2187 1517 2215 ulciscendas
1552 2186 1671 2220 privatas
1694 2184 1811 2219 injurias
1829 2191 1888 2211 eum

273 2244 382 2264 causam
407 2238 529 2265 dicturus
553 2238 669 2265 Joannes
689 2243 887 2270 accerseretur,
904 2245 934 2265 se
955 2238 1054 2272 alioqui

273 2283 385 2310 minime
412 2291 608 2317 assensurum;
632 2282 665 2310 ad
689 2283 746 2311 btec
774 2283 938 2311 exclamasse
967 2283 1056 2319 Augu-

275 2333 354 2361 stam.
371 2330 393 2356 si
406 2329 518 2357 Joannis
535 2330 646 2357 exitium
665 2329 829 2364 interpellet,
846 2337 905 2357 sese
921 2329 1052 2357 idolorum

275 2373 376 2401 cultum
394 2374 576 2401 restituturam
590 2382 598 2407 ;
616 2382 669 2408 quo
686 2374 779 2401 audito
797 2374 889 2401 dolore
901 2374 1055 2408 perculsum

274 2419 451 2454 Epiphanium
467 2419 532 2447 fusis
552 2420 676 2455 Iacrymis
702 2419 933 2454 Constantinopoli
960 2427 1054 2447 exces-

275 2465 354 2492 sisse.
376 2465 410 2492 At
429 2465 534 2492 diversa
553 2465 634 2492 habet
657 2466 823 2492 Sozomenus
843 2473 850 2498 ;
878 2465 904 2492 in
933 2465 1055 2492 morbum

276 2510 587 2545 incidisseimperatoris
604 2510 714 2537 ﬁliolum
728 2519 735 2542 ς
751 2510 830 2543 hujus
842 2511 903 2537 vita:
919 2510 1056 2537 timentem

277 2556 476 2591 imperatricem
501 2564 611 2590 rogasse
628 2556 808 2591 Epiphanium
834 2560 862 2583 ut
888 2563 936 2591 pro
953 2563 985 2583 eo
998 2563 1058 2583 ora-

278 2607 319 2629 ret
332 2611 340 2636 ;
357 2603 402 2637 qui
417 2610 478 2630 cum
499 2602 618 2630 futurum
633 2602 791 2636 recepisset,
803 2606 836 2629 ut
858 2602 1059 2630 convalesceret

278 2647 361 2680 illius,
378 2647 400 2675 si
413 2648 447 2674 ab
462 2647 680 2683 Origenistarum
693 2647 816 2682 partibus
826 2646 870 2673 illa
887 2646 1059 2679 descisceret,

279 2693 450 2727 respondisse
476 2694 624 2727 Angustam
652 2701 660 2719 :
696 2692 723 2719 In
751 2692 797 2719 Dei
831 2696 965 2727 potestate
991 2691 1061 2718 Iilius

280 2744 357 2765 meus
370 2742 428 2768 est:
445 2742 473 2764 tu
490 2745 564 2770 vero,
583 2737 726 2773 Epiphani,
744 2737 765 2764 si
782 2741 902 2764 tnorttms
924 2737 956 2763 ad
977 2737 1059 2763 vitam

281 2789 410 2810 revocare
425 2791 529 2818 posses,
551 2784 707 2818 neutiquam
721 2782 833 2810 obiissct
853 2788 915 2810 tuus
927 2782 1060 2809 archidia-

287 2834 391 2857 conus:
410 2829 505 2857 missos
525 2829 618 2857 codem
640 2833 759 2864 tempore
783 2833 816 2856 ab
833 2829 950 2855 Eudoxia
970 2827 1062 2862 Orige-

1107 2241 1284 2263 exauctorare
1301 2233 1392 2266 vellet,
1405 2233 1565 2268 neutiquam
1579 2239 1608 2259 se
1621 2231 1887 2265 obtemperaturum;

1107 2279 1285 2308 excanduisse
1299 2278 1382 2311 illam,
1398 2282 1426 2306 et
1440 2277 1641 2305 interminatam
1657 2276 1781 2303 futurum
1792 2280 1821 2302 ut
1835 2276 1888 2302 ido-

1107 2327 1194 2352 lorum
1210 2324 1307 2359 templa
1325 2324 1453 2358 aperiret,
1482 2323 1504 2350 si
1521 2321 1634 2350 Joannis
1658 2321 1756 2348 exsilio
1780 2321 1889 2348 interce

1107 2371 1171 2399 dere
1197 2370 1294 2397 vellet:
1311 2369 1441 2405 perlatum
1473 2369 1555 2396 fuisse
1570 2368 1604 2395 ad
1614 2367 1850 2401 Cbrysostomum,
1865 2367 1887 2393 in

1108 2416 1233 2444 exsilium
1249 2424 1327 2443 stium
1344 2415 1522 2450 Epiphanium
1544 2414 1735 2446 consensisse;
1751 2413 1831 2447 eique
1846 2421 1888 2439 va-

1106 2462 1244 2490 ticinatum
1266 2461 1338 2488 illum
1354 2461 1411 2488 fore
1432 2465 1461 2488 ut
1476 2461 1502 2488 in
1520 2460 1616 2488 throno
1636 2467 1688 2487 non
1718 2459 1833 2493 amplius
1847 2466 1887 2486 se-

1107 2508 1193 2540 deret,
1217 2510 1298 2542 alque
1323 2507 1396 2534 hunc
1423 2507 1542 2534 vicissim
1569 2505 1771 2541 przeuuntiasse
1793 2505 1886 2532 Joauni

1107 2552 1225 2580 futurum
1246 2557 1275 2579 ut
1286 2552 1319 2579 ad
1336 2552 1423 2579 exsilii
1450 2552 1536 2579 locum
1563 2559 1614 2579 non
1640 2552 1813 2586 perveniret;
1828 2558 1888 2578 eon-

1108 2606 1203 2627 scensa
1216 2598 1324 2626 demum
1342 2599 1402 2626 navi
1414 2597 1604 2632 Epiphanium,
1616 2602 1762 2632 antequam
1775 2597 1886 2632 Cyprum

1109 2645 1265 2679 attingeret,
1284 2643 1395 2671 obiisse.
1417 2643 1547 2670 Barouius
1572 2642 1609 2670 ad
1634 2651 1681 2669 an.
1696 2641 1761 2675 ιω,
1782 2649 1837 2677 cap.
1861 2641 1884 2672 7.

1110 2689 1205 2716 falsum
1214 2696 1274 2716 esse
1283 2680 1383 2716 asserit
1393 2689 1426 2715 ad
1446 2687 1618 2715 diaconatum
1633 2694 1798 2722 quemquam
1811 2686 1886 2714 fuisse

1112 2739 1265 2769 promotum
1297 2734 1331 2761 ab
1365 2732 1514 2768 Epiphanio
1541 2732 1567 2759 in
1595 2731 1883 2765 Constantinopolitana

1115 2780 1236 2813 dioecesi,
1258 2784 1285 2807 et
1301 2779 1380 2806 utrius
1394 2778 1538 2806 Sozomeni
1549 2777 1687 2805 silentium
1699 2776 1818 2812 opinioni
1836 2782 1884 2802 suae

1120 2826 1280 2861 praetendit;
1297 2832 1407 2853 causam
1423 2832 1487 2853 vero
1503 2832 1551 2852 cur
1568 2824 1593 2852 id
1604 2823 1738 2858 iactatum
1762 2823 1805 2857 sit,
1825 2822 1881 2850 hau:
