  <div class='ocr_page' id='page_1' title='image "/cluster/home/n/w/nwhite01/storage/ocr_20150623/17/njp.32101010944583/788.png"; bbox 0 0 1927 3076; ppageno 0'>
   <div class='ocr_carea' id='block_1_1' title="bbox 68 100 161 131">
    <p class='ocr_par' dir='ltr' id='par_1_1' title="bbox 68 100 161 131">
     <span class='ocr_line' id='line_1_1' title="bbox 68 100 161 131; baseline 0.032 -3"><span class='ocrx_word' id='word_1_1' title='bbox 68 100 161 131; x_wconf 63' lang='grc' dir='ltr'><strong>ΓΕεό</strong></span> 
     </span>
    </p>
   </div>
   <div class='ocr_carea' id='block_1_2' title="bbox 513 104 1265 140">
    <p class='ocr_par' dir='ltr' id='par_1_2' title="bbox 513 104 1265 140">
     <span class='ocr_line' id='line_1_2' title="bbox 513 104 1265 140; baseline 0.003 -7"><span class='ocrx_word' id='word_1_2' title='bbox 513 104 798 133; x_wconf 79' lang='lat' dir='ltr'><strong>ORIGENIANORUM</strong></span> <span class='ocrx_word' id='word_1_3' title='bbox 815 104 878 133; x_wconf 86' lang='lat' dir='ltr'><strong>LIB.</strong></span> <span class='ocrx_word' id='word_1_4' title='bbox 900 106 933 139; x_wconf 89' lang='lat' dir='ltr'><strong>ll,</strong></span> <span class='ocrx_word' id='word_1_5' title='bbox 952 107 1027 135; x_wconf 79' lang='lat' dir='ltr'><strong>CAP.</strong></span> <span class='ocrx_word' id='word_1_6' title='bbox 1049 108 1092 140; x_wconf 84' lang='lat' dir='ltr'><strong>iV,</strong></span> <span class='ocrx_word' id='word_1_7' title='bbox 1116 108 1211 135; x_wconf 75' lang='lat' dir='ltr'><strong>SEC&#39;I.</strong></span> <span class='ocrx_word' id='word_1_8' title='bbox 1234 110 1265 135; x_wconf 88' lang='lat' dir='ltr'><strong>ll.</strong></span> 
     </span>
    </p>
   </div>
   <div class='ocr_carea' id='block_1_3' title="bbox 1626 115 1696 143">
    <p class='ocr_par' dir='ltr' id='par_1_3' title="bbox 1626 115 1696 143">
     <span class='ocr_line' id='line_1_3' title="bbox 1626 115 1696 143; baseline 0.029 -2"><span class='ocrx_word' id='word_1_9' title='bbox 1626 115 1696 143; x_wconf 64' lang='lat' dir='ltr'><strong>H54</strong></span> 
     </span>
    </p>
   </div>
   <div class='ocr_carea' id='block_1_4' title="bbox 67 160 1699 207">
    <p class='ocr_par' dir='ltr' id='par_1_4' title="bbox 67 160 1699 207">
     <span class='ocr_line' id='line_1_4' title="bbox 67 160 1699 207; baseline 0.009 -21"><span class='ocrx_word' id='word_1_10' title='bbox 67 167 149 187; x_wconf 72' lang='lat' dir='ltr'><strong>esse</strong></span> <span class='ocrx_word' id='word_1_11' title='bbox 162 160 277 192; x_wconf 85' lang='lat' dir='ltr'><strong>divinat,</strong></span> <span class='ocrx_word' id='word_1_12' title='bbox 294 161 365 195; x_wconf 88' lang='lat' dir='ltr'><strong>quod</strong></span> <span class='ocrx_word' id='word_1_13' title='bbox 383 161 409 189; x_wconf 94' lang='lat' dir='ltr'><strong>in</strong></span> <span class='ocrx_word' id='word_1_14' title='bbox 426 161 537 190; x_wconf 77' lang='lat' dir='ltr'><strong>Joannis</strong></span> <span class='ocrx_word' id='word_1_15' title='bbox 561 162 784 198; x_wconf 84' lang='lat' dir='ltr'><strong>Jerosoiymitani</strong></span> <span class='ocrx_word' id='word_1_16' title='bbox 806 163 871 191; x_wconf 73' lang='lat' dir='ltr'><strong>dim-</strong></span> <span class='ocrx_word' id='word_1_17' title='bbox 884 168 907 195; x_wconf 79' lang='grc' dir='ltr'>Α</span> <span class='ocrx_word' id='word_1_18' title='bbox 921 170 1064 199; x_wconf 76' lang='lat' dir='ltr'><strong>praesentat</strong></span> <span class='ocrx_word' id='word_1_19' title='bbox 1085 165 1194 194; x_wconf 77' lang='lat' dir='ltr'><strong>Pbotius</strong></span> <span class='ocrx_word' id='word_1_20' title='bbox 1219 166 1277 193; x_wconf 91' lang='lat' dir='ltr'><strong>cod.</strong></span> <span class='ocrx_word' id='word_1_21' title='bbox 1303 175 1361 195; x_wconf 75' lang='lat' dir='ltr'><strong>LIX.</strong></span> <span class='ocrx_word' id='word_1_22' title='bbox 1377 168 1410 195; x_wconf 84' lang='lat' dir='ltr'><strong>At</strong></span> <span class='ocrx_word' id='word_1_23' title='bbox 1429 168 1564 198; x_wconf 87' lang='lat' dir='ltr'><strong>Palladius</strong></span> <span class='ocrx_word' id='word_1_24' title='bbox 1591 172 1699 207; x_wconf 77' lang='lat' dir='ltr'><strong>triginta</strong></span> 
     </span>
    </p>
   </div>
   <div class='ocr_carea' id='block_1_5' title="bbox 67 207 870 244">
    <p class='ocr_par' dir='ltr' id='par_1_5' title="bbox 67 207 870 244">
     <span class='ocr_line' id='line_1_5' title="bbox 67 207 870 244; baseline 0.004 -11"><span class='ocrx_word' id='word_1_25' title='bbox 67 207 143 234; x_wconf 76' lang='lat' dir='ltr'><strong>cesi</strong></span> <span class='ocrx_word' id='word_1_26' title='bbox 159 207 214 241; x_wconf 83' lang='lat' dir='ltr'><strong>jam</strong></span> <span class='ocrx_word' id='word_1_27' title='bbox 229 214 244 234; x_wconf 94' lang='lat' dir='ltr'><strong>a</strong></span> <span class='ocrx_word' id='word_1_28' title='bbox 256 213 300 234; x_wconf 89' lang='lat' dir='ltr'><strong>nte</strong></span> <span class='ocrx_word' id='word_1_29' title='bbox 317 207 472 235; x_wconf 86' lang='lat' dir='ltr'><strong>Pauliniano</strong></span> <span class='ocrx_word' id='word_1_30' title='bbox 486 208 640 244; x_wconf 84' lang='lat' dir='ltr'><strong>Hieronymi</strong></span> <span class='ocrx_word' id='word_1_31' title='bbox 654 209 732 236; x_wconf 79' lang='lat' dir='ltr'><strong>fratri</strong></span> <span class='ocrx_word' id='word_1_32' title='bbox 757 210 870 244; x_wconf 86' lang='lat' dir='ltr'><strong>presby-</strong></span> 
     </span>
    </p>
   </div>
   <div class='ocr_carea' id='block_1_6' title="bbox 70 253 871 290">
    <p class='ocr_par' dir='ltr' id='par_1_6' title="bbox 70 253 871 290">
     <span class='ocr_line' id='line_1_6' title="bbox 70 253 871 290; baseline 0.002 -10"><span class='ocrx_word' id='word_1_33' title='bbox 70 253 149 280; x_wconf 75' lang='lat' dir='ltr'><strong>terii</strong></span> <span class='ocrx_word' id='word_1_34' title='bbox 161 254 346 281; x_wconf 89' lang='lat' dir='ltr'><strong>characterem</strong></span> <span class='ocrx_word' id='word_1_35' title='bbox 365 254 549 289; x_wconf 85' lang='lat' dir='ltr'><strong>imposuerat;</strong></span> <span class='ocrx_word' id='word_1_36' title='bbox 567 255 645 282; x_wconf 79' lang='lat' dir='ltr'><strong>facile</strong></span> <span class='ocrx_word' id='word_1_37' title='bbox 672 255 760 290; x_wconf 90' lang='lat' dir='ltr'><strong>itaque</strong></span> <span class='ocrx_word' id='word_1_38' title='bbox 785 255 871 282; x_wconf 83' lang='lat' dir='ltr'><strong>J0an-</strong></span> 
     </span>
    </p>
   </div>
   <div class='ocr_carea' id='block_1_7' title="bbox 68 299 867 337">
    <p class='ocr_par' dir='ltr' id='par_1_7' title="bbox 68 299 867 337">
     <span class='ocr_line' id='line_1_7' title="bbox 68 299 867 337; baseline 0.004 -11"><span class='ocrx_word' id='word_1_39' title='bbox 68 306 149 326; x_wconf 85' lang='lat' dir='ltr'><strong>nem</strong></span> <span class='ocrx_word' id='word_1_40' title='bbox 181 299 434 336; x_wconf 83' lang='lat' dir='ltr'><strong>Jerosolymitanum</strong></span> <span class='ocrx_word' id='word_1_41' title='bbox 475 309 535 328; x_wconf 91' lang='lat' dir='ltr'><strong>cum</strong></span> <span class='ocrx_word' id='word_1_42' title='bbox 568 301 867 337; x_wconf 87' lang='lat' dir='ltr'><strong>Constantinopolitano</strong></span> 
     </span>
    </p>
   </div>
   <div class='ocr_carea' id='block_1_8' title="bbox 67 344 869 381">
    <p class='ocr_par' dir='ltr' id='par_1_8' title="bbox 67 344 869 381">
     <span class='ocr_line' id='line_1_8' title="bbox 67 344 869 381; baseline 0.005 -9"><span class='ocrx_word' id='word_1_43' title='bbox 67 344 190 373; x_wconf 76' lang='lat' dir='ltr'><strong>Joanne</strong></span> <span class='ocrx_word' id='word_1_44' title='bbox 217 347 364 381; x_wconf 87' lang='lat' dir='ltr'><strong>scriptores</strong></span> <span class='ocrx_word' id='word_1_45' title='bbox 396 347 559 375; x_wconf 88' lang='lat' dir='ltr'><strong>confudisse.</strong></span> <span class='ocrx_word' id='word_1_46' title='bbox 595 348 691 375; x_wconf 88' lang='lat' dir='ltr'><strong>Verqu</strong></span> <span class='ocrx_word' id='word_1_47' title='bbox 721 354 751 376; x_wconf 91' lang='lat' dir='ltr'><strong>ut</strong></span> <span class='ocrx_word' id='word_1_48' title='bbox 777 349 869 377; x_wconf 82' lang='lat' dir='ltr'><strong>dicere</strong></span> 
     </span>
    </p>
   </div>
   <div class='ocr_carea' id='block_1_9' title="bbox 67 393 863 430">
    <p class='ocr_par' dir='ltr' id='par_1_9' title="bbox 67 393 863 430">
     <span class='ocr_line' id='line_1_9' title="bbox 67 393 863 430; baseline 0.005 -12"><span class='ocrx_word' id='word_1_49' title='bbox 67 393 290 426; x_wconf 63' lang='lat' dir='ltr'><strong>praetermittam</strong></span> <span class='ocrx_word' id='word_1_50' title='bbox 306 400 385 427; x_wconf 83' lang='lat' dir='ltr'><strong>quam</strong></span> <span class='ocrx_word' id='word_1_51' title='bbox 401 393 460 420; x_wconf 85' lang='lat' dir='ltr'><strong>leve</strong></span> <span class='ocrx_word' id='word_1_52' title='bbox 476 394 511 421; x_wconf 86' lang='lat' dir='ltr'><strong>sit</strong></span> <span class='ocrx_word' id='word_1_53' title='bbox 525 399 713 430; x_wconf 74' lang='lat' dir='ltr'><strong>argumentum</strong></span> <span class='ocrx_word' id='word_1_54' title='bbox 727 402 760 423; x_wconf 85' lang='lat' dir='ltr'><strong>ex</strong></span> <span class='ocrx_word' id='word_1_55' title='bbox 777 394 863 422; x_wconf 81' lang='lat' dir='ltr'><strong>Sozo-</strong></span> 
     </span>
    </p>
   </div>
   <div class='ocr_carea' id='block_1_10' title="bbox 69 438 868 475">
    <p class='ocr_par' dir='ltr' id='par_1_10' title="bbox 69 438 868 475">
     <span class='ocr_line' id='line_1_10' title="bbox 69 438 868 475; baseline 0.005 -11"><span class='ocrx_word' id='word_1_56' title='bbox 69 438 158 464; x_wconf 89' lang='lat' dir='ltr'><strong>meni</strong></span> <span class='ocrx_word' id='word_1_57' title='bbox 176 438 228 471; x_wconf 89' lang='lat' dir='ltr'><strong>(cui</strong></span> <span class='ocrx_word' id='word_1_58' title='bbox 244 444 271 465; x_wconf 90' lang='lat' dir='ltr'><strong>et</strong></span> <span class='ocrx_word' id='word_1_59' title='bbox 284 438 435 466; x_wconf 88' lang='lat' dir='ltr'><strong>Cedrenum</strong></span> <span class='ocrx_word' id='word_1_60' title='bbox 450 439 549 466; x_wconf 87' lang='lat' dir='ltr'><strong>addere</strong></span> <span class='ocrx_word' id='word_1_61' title='bbox 564 442 661 475; x_wconf 81' lang='lat' dir='ltr'><strong>potuit)</strong></span> <span class='ocrx_word' id='word_1_62' title='bbox 676 440 784 467; x_wconf 87' lang='lat' dir='ltr'><strong>silentio</strong></span> <span class='ocrx_word' id='word_1_63' title='bbox 799 441 868 475; x_wconf 90' lang='lat' dir='ltr'><strong>peti-</strong></span> 
     </span>
    </p>
   </div>
   <div class='ocr_carea' id='block_1_11' title="bbox 69 482 867 519">
    <p class='ocr_par' dir='ltr' id='par_1_11' title="bbox 69 482 867 519">
     <span class='ocr_line' id='line_1_11' title="bbox 69 482 867 519; baseline 0.009 -12"><span class='ocrx_word' id='word_1_64' title='bbox 69 485 156 515; x_wconf 88' lang='lat' dir='ltr'><strong>tum,</strong></span> <span class='ocrx_word' id='word_1_65' title='bbox 171 487 265 509; x_wconf 83' lang='lat' dir='ltr'><strong>contra</strong></span> <span class='ocrx_word' id='word_1_66' title='bbox 277 482 407 516; x_wconf 84' lang='lat' dir='ltr'><strong>Socratis,</strong></span> <span class='ocrx_word' id='word_1_67' title='bbox 421 483 517 511; x_wconf 82' lang='lat' dir='ltr'><strong>Leonis</strong></span> <span class='ocrx_word' id='word_1_68' title='bbox 539 485 718 519; x_wconf 84' lang='lat' dir='ltr'><strong>imperatoris,</strong></span> <span class='ocrx_word' id='word_1_69' title='bbox 733 485 867 514; x_wconf 86' lang='lat' dir='ltr'><strong>Simeonis</strong></span> 
     </span>
    </p>
   </div>
   <div class='ocr_carea' id='block_1_12' title="bbox 72 527 863 564">
    <p class='ocr_par' dir='ltr' id='par_1_12' title="bbox 72 527 863 564">
     <span class='ocr_line' id='line_1_12' title="bbox 72 527 863 564; baseline 0.008 -11"><span class='ocrx_word' id='word_1_70' title='bbox 72 527 296 562; x_wconf 67' lang='lat' dir='ltr'><strong>Metaphrastae,</strong></span> <span class='ocrx_word' id='word_1_71' title='bbox 328 533 354 556; x_wconf 86' lang='lat' dir='ltr'><strong>et</strong></span> <span class='ocrx_word' id='word_1_72' title='bbox 390 529 532 564; x_wconf 87' lang='lat' dir='ltr'><strong>Niccphori</strong></span> <span class='ocrx_word' id='word_1_73' title='bbox 564 531 763 563; x_wconf 88' lang='lat' dir='ltr'><strong>auctoritatem,</strong></span> <span class='ocrx_word' id='word_1_74' title='bbox 793 532 863 559; x_wconf 85' lang='lat' dir='ltr'><strong>tollit</strong></span> 
     </span>
    </p>
   </div>
   <div class='ocr_carea' id='block_1_13' title="bbox 69 572 865 612">
    <p class='ocr_par' dir='ltr' id='par_1_13' title="bbox 69 572 865 612">
     <span class='ocr_line' id='line_1_13' title="bbox 69 572 865 612; baseline 0.009 -15"><span class='ocrx_word' id='word_1_75' title='bbox 69 578 166 598; x_wconf 80' lang='lat' dir='ltr'><strong>ontne</strong></span> <span class='ocrx_word' id='word_1_76' title='bbox 187 572 297 599; x_wconf 91' lang='lat' dir='ltr'><strong>dubium</strong></span> <span class='ocrx_word' id='word_1_77' title='bbox 321 573 448 609; x_wconf 82' lang='lat' dir='ltr'><strong>Polybius</strong></span> <span class='ocrx_word' id='word_1_78' title='bbox 465 575 491 601; x_wconf 91' lang='lat' dir='ltr'><strong>id</strong></span> <span class='ocrx_word' id='word_1_79' title='bbox 507 575 592 610; x_wconf 89' lang='lat' dir='ltr'><strong>ipsum</strong></span> <span class='ocrx_word' id='word_1_80' title='bbox 607 583 741 609; x_wconf 86' lang='lat' dir='ltr'><strong>asserens,</strong></span> <span class='ocrx_word' id='word_1_81' title='bbox 763 577 810 612; x_wconf 87' lang='lat' dir='ltr'><strong>qui</strong></span> <span class='ocrx_word' id='word_1_82' title='bbox 827 577 865 604; x_wconf 87' lang='lat' dir='ltr'><strong>rei</strong></span> 
     </span>
    </p>
   </div>
   <div class='ocr_carea' id='block_1_14' title="bbox 69 617 314 651">
    <p class='ocr_par' dir='ltr' id='par_1_14' title="bbox 69 617 314 651">
     <span class='ocr_line' id='line_1_14' title="bbox 69 617 314 651; baseline 0.008 -8"><span class='ocrx_word' id='word_1_83' title='bbox 69 622 167 651; x_wconf 70' lang='lat' dir='ltr'><strong>gestae</strong></span> <span class='ocrx_word' id='word_1_84' title='bbox 179 617 314 646; x_wconf 86' lang='lat' dir='ltr'><strong>interfuit.</strong></span> 
     </span>
    </p>
   </div>
   <div class='ocr_carea' id='block_1_15' title="bbox 115 662 863 703">
    <p class='ocr_par' dir='ltr' id='par_1_15' title="bbox 115 662 863 703">
     <span class='ocr_line' id='line_1_15' title="bbox 115 662 863 703; baseline 0.011 -14"><span class='ocrx_word' id='word_1_85' title='bbox 115 662 177 690; x_wconf 80' lang='lat' dir='ltr'><strong>XV.</strong></span> <span class='ocrx_word' id='word_1_86' title='bbox 204 662 260 691; x_wconf 90' lang='lat' dir='ltr'><strong>Hac</strong></span> <span class='ocrx_word' id='word_1_87' title='bbox 293 669 452 699; x_wconf 80' lang='lat' dir='ltr'><strong>tempestate</strong></span> <span class='ocrx_word' id='word_1_88' title='bbox 480 665 713 701; x_wconf 86' lang='lat' dir='ltr'><strong>Constantinopoli</strong></span> <span class='ocrx_word' id='word_1_89' title='bbox 744 669 863 703; x_wconf 78' lang='lat' dir='ltr'><strong>agebant</strong></span> 
     </span>
    </p>
   </div>
   <div class='ocr_carea' id='block_1_16' title="bbox 68 709 864 747">
    <p class='ocr_par' dir='ltr' id='par_1_16' title="bbox 68 709 864 747">
     <span class='ocr_line' id='line_1_16' title="bbox 68 709 864 747; baseline 0.008 -11"><span class='ocrx_word' id='word_1_90' title='bbox 68 709 200 737; x_wconf 79' lang='lat' dir='ltr'><strong>Aeacius</strong></span> <span class='ocrx_word' id='word_1_91' title='bbox 208 709 374 741; x_wconf 72' lang='lat' dir='ltr'><strong>Bermcnsis.</strong></span> <span class='ocrx_word' id='word_1_92' title='bbox 389 711 555 740; x_wconf 84' lang='lat' dir='ltr'><strong>Severianus</strong></span> <span class='ocrx_word' id='word_1_93' title='bbox 566 712 756 747; x_wconf 83' lang='lat' dir='ltr'><strong>Gabalitanus,</strong></span> <span class='ocrx_word' id='word_1_94' title='bbox 771 718 799 742; x_wconf 89' lang='lat' dir='ltr'><strong>et</strong></span> <span class='ocrx_word' id='word_1_95' title='bbox 812 715 864 742; x_wconf 85' lang='lat' dir='ltr'><strong>An-</strong></span> 
     </span>
    </p>
   </div>
   <div class='ocr_carea' id='block_1_17' title="bbox 70 756 864 795">
    <p class='ocr_par' dir='ltr' id='par_1_17' title="bbox 70 756 864 795">
     <span class='ocr_line' id='line_1_17' title="bbox 70 756 864 795; baseline 0.008 -13"><span class='ocrx_word' id='word_1_96' title='bbox 70 756 188 784; x_wconf 84' lang='lat' dir='ltr'><strong>tiochus</strong></span> <span class='ocrx_word' id='word_1_97' title='bbox 214 756 388 784; x_wconf 81' lang='lat' dir='ltr'><strong>Ptolemaidis</strong></span> <span class='ocrx_word' id='word_1_98' title='bbox 409 758 537 793; x_wconf 81' lang='lat' dir='ltr'><strong>episcopi,</strong></span> <span class='ocrx_word' id='word_1_99' title='bbox 551 763 576 786; x_wconf 85' lang='lat' dir='ltr'><strong>et</strong></span> <span class='ocrx_word' id='word_1_100' title='bbox 592 758 704 795; x_wconf 89' lang='lat' dir='ltr'><strong>Syruius</strong></span> <span class='ocrx_word' id='word_1_101' title='bbox 718 761 864 789; x_wconf 88' lang='lat' dir='ltr'><strong>monachus</strong></span> 
     </span>
    </p>
   </div>
   <div class='ocr_carea' id='block_1_18' title="bbox 70 801 863 842">
    <p class='ocr_par' dir='ltr' id='par_1_18' title="bbox 70 801 863 842">
     <span class='ocr_line' id='line_1_18' title="bbox 70 801 863 842; baseline 0.009 -14"><span class='ocrx_word' id='word_1_102' title='bbox 70 801 199 829; x_wconf 85' lang='lat' dir='ltr'><strong>Isaaeus.</strong></span> <span class='ocrx_word' id='word_1_103' title='bbox 224 801 255 829; x_wconf 90' lang='lat' dir='ltr'><strong>Hi</strong></span> <span class='ocrx_word' id='word_1_104' title='bbox 271 803 391 837; x_wconf 81' lang='lat' dir='ltr'><strong>privatas</strong></span> <span class='ocrx_word' id='word_1_105' title='bbox 408 803 564 832; x_wconf 92' lang='lat' dir='ltr'><strong>inimicitia</strong></span> <span class='ocrx_word' id='word_1_106' title='bbox 588 813 648 832; x_wconf 92' lang='lat' dir='ltr'><strong>cum</strong></span> <span class='ocrx_word' id='word_1_107' title='bbox 670 805 863 842; x_wconf 89' lang='lat' dir='ltr'><strong>Chrysoslomo</strong></span> 
     </span>
    </p>
   </div>
   <div class='ocr_carea' id='block_1_19' title="bbox 70 847 862 886">
    <p class='ocr_par' dir='ltr' id='par_1_19' title="bbox 70 847 862 886">
     <span class='ocr_line' id='line_1_19' title="bbox 70 847 862 886; baseline 0.01 -13"><span class='ocrx_word' id='word_1_108' title='bbox 70 853 218 882; x_wconf 80' lang='lat' dir='ltr'><strong>gerentes,</strong></span> <span class='ocrx_word' id='word_1_109' title='bbox 245 847 421 884; x_wconf 84' lang='lat' dir='ltr'><strong>Theophilum</strong></span> <span class='ocrx_word' id='word_1_110' title='bbox 446 850 591 878; x_wconf 83' lang='lat' dir='ltr'><strong>sollicitant</strong></span> <span class='ocrx_word' id='word_1_111' title='bbox 619 859 669 886; x_wconf 91' lang='lat' dir='ltr'><strong>per</strong></span> <span class='ocrx_word' id='word_1_112' title='bbox 700 853 807 880; x_wconf 88' lang='lat' dir='ltr'><strong>nuntios</strong></span> <span class='ocrx_word' id='word_1_113' title='bbox 833 858 862 880; x_wconf 93' lang='lat' dir='ltr'><strong>ut</strong></span> 
     </span>
    </p>
   </div>
   <div class='ocr_carea' id='block_1_20' title="bbox 70 895 852 930">
    <p class='ocr_par' dir='ltr' id='par_1_20' title="bbox 70 895 852 930">
     <span class='ocr_line' id='line_1_20' title="bbox 70 895 852 930; baseline 0.008 -10"><span class='ocrx_word' id='word_1_114' title='bbox 70 900 173 920; x_wconf 85' lang='lat' dir='ltr'><strong>secum</strong></span> <span class='ocrx_word' id='word_1_115' title='bbox 190 901 288 929; x_wconf 84' lang='lat' dir='ltr'><strong>operas</strong></span> <span class='ocrx_word' id='word_1_116' title='bbox 310 895 343 922; x_wconf 90' lang='lat' dir='ltr'><strong>ad</strong></span> <span class='ocrx_word' id='word_1_117' title='bbox 358 895 544 930; x_wconf 83' lang='lat' dir='ltr'><strong>expellendum</strong></span> <span class='ocrx_word' id='word_1_118' title='bbox 566 895 697 925; x_wconf 83' lang='lat' dir='ltr'><strong>Joannem</strong></span> <span class='ocrx_word' id='word_1_119' title='bbox 715 899 852 926; x_wconf 90' lang='lat' dir='ltr'><strong>consocia-</strong></span> 
     </span>
    </p>
   </div>
   <div class='ocr_carea' id='block_1_21' title="bbox 70 939 861 980">
    <p class='ocr_par' dir='ltr' id='par_1_21' title="bbox 70 939 861 980">
     <span class='ocr_line' id='line_1_21' title="bbox 70 939 861 980; baseline 0.009 -14"><span class='ocrx_word' id='word_1_120' title='bbox 70 944 130 966; x_wconf 85' lang='lat' dir='ltr'><strong>ret.</strong></span> <span class='ocrx_word' id='word_1_121' title='bbox 146 939 298 968; x_wconf 81' lang='lat' dir='ltr'><strong>Morantem</strong></span> <span class='ocrx_word' id='word_1_122' title='bbox 316 949 424 976; x_wconf 83' lang='lat' dir='ltr'><strong>quoque</strong></span> <span class='ocrx_word' id='word_1_123' title='bbox 437 947 512 978; x_wconf 81' lang='lat' dir='ltr'><strong>urget</strong></span> <span class='ocrx_word' id='word_1_124' title='bbox 528 942 650 971; x_wconf 79' lang='lat' dir='ltr'><strong>Eudoxia</strong></span> <span class='ocrx_word' id='word_1_125' title='bbox 670 944 861 980; x_wconf 86' lang='lat' dir='ltr'><strong>Chrysostomo</strong></span> 
     </span>
    </p>
   </div>
   <div class='ocr_carea' id='block_1_22' title="bbox 69 985 860 1026">
    <p class='ocr_par' dir='ltr' id='par_1_22' title="bbox 69 985 860 1026">
     <span class='ocr_line' id='line_1_22' title="bbox 69 985 860 1026; baseline 0.009 -15"><span class='ocrx_word' id='word_1_126' title='bbox 69 985 220 1020; x_wconf 86' lang='lat' dir='ltr'><strong>oii&#39;ensior,</strong></span> <span class='ocrx_word' id='word_1_127' title='bbox 237 986 297 1014; x_wconf 90' lang='lat' dir='ltr'><strong>ideo</strong></span> <span class='ocrx_word' id='word_1_128' title='bbox 313 987 383 1022; x_wconf 86' lang='lat' dir='ltr'><strong>quod</strong></span> <span class='ocrx_word' id='word_1_129' title='bbox 395 989 480 1016; x_wconf 88' lang='lat' dir='ltr'><strong>sacris</strong></span> <span class='ocrx_word' id='word_1_130' title='bbox 493 989 576 1023; x_wconf 87' lang='lat' dir='ltr'><strong>ipsius</strong></span> <span class='ocrx_word' id='word_1_131' title='bbox 590 990 778 1024; x_wconf 90' lang='lat' dir='ltr'><strong>conciouibus,</strong></span> <span class='ocrx_word' id='word_1_132' title='bbox 800 991 860 1026; x_wconf 91' lang='lat' dir='ltr'><strong>qui-</strong></span> 
     </span>
    </p>
   </div>
   <div class='ocr_carea' id='block_1_23' title="bbox 70 1028 858 1071">
    <p class='ocr_par' dir='ltr' id='par_1_23' title="bbox 70 1028 858 1071">
     <span class='ocr_line' id='line_1_23' title="bbox 70 1028 858 1071; baseline 0.008 -12"><span class='ocrx_word' id='word_1_133' title='bbox 70 1032 128 1059; x_wconf 85' lang='lat' dir='ltr'><strong>bus</strong></span> <span class='ocrx_word' id='word_1_134' title='bbox 143 1033 293 1061; x_wconf 86' lang='lat' dir='ltr'><strong>aulicarum</strong></span> <span class='ocrx_word' id='word_1_135' title='bbox 311 1034 453 1062; x_wconf 88' lang='lat' dir='ltr'><strong>mulierum</strong></span> <span class='ocrx_word' id='word_1_136' title='bbox 470 1028 647 1071; x_wconf 33' lang='lat' dir='ltr'><strong>mores-saepe</strong></span> <span class='ocrx_word' id='word_1_137' title='bbox 669 1037 858 1071; x_wconf 83' lang='lat' dir='ltr'><strong>carpebantur,</strong></span> 
     </span>
    </p>
   </div>
   <div class='ocr_carea' id='block_1_24' title="bbox 67 1078 859 1111">
    <p class='ocr_par' dir='ltr' id='par_1_24' title="bbox 67 1078 859 1111">
     <span class='ocr_line' id='line_1_24' title="bbox 67 1078 859 1111; baseline 0.006 -6"><span class='ocrx_word' id='word_1_138' title='bbox 67 1078 204 1106; x_wconf 80' lang='lat' dir='ltr'><strong>vitiorum</strong></span> <span class='ocrx_word' id='word_1_139' title='bbox 220 1087 327 1107; x_wconf 85' lang='lat' dir='ltr'><strong>suorum</strong></span> <span class='ocrx_word' id='word_1_140' title='bbox 342 1081 393 1108; x_wconf 84' lang='lat' dir='ltr'><strong>sibi</strong></span> <span class='ocrx_word' id='word_1_141' title='bbox 406 1081 513 1109; x_wconf 88' lang='lat' dir='ltr'><strong>conscia</strong></span> <span class='ocrx_word' id='word_1_142' title='bbox 528 1082 615 1110; x_wconf 88' lang='lat' dir='ltr'><strong>notari</strong></span> <span class='ocrx_word' id='word_1_143' title='bbox 635 1089 664 1110; x_wconf 89' lang='lat' dir='ltr'><strong>se</strong></span> <span class='ocrx_word' id='word_1_144' title='bbox 676 1083 813 1111; x_wconf 84' lang='lat' dir='ltr'><strong>censebat.</strong></span> <span class='ocrx_word' id='word_1_145' title='bbox 823 1082 859 1110; x_wconf 87' lang='lat' dir='ltr'><strong>E-</strong></span> 
     </span>
    </p>
   </div>
   <div class='ocr_carea' id='block_1_25' title="bbox 68 1125 858 1156">
    <p class='ocr_par' dir='ltr' id='par_1_25' title="bbox 68 1125 858 1156">
     <span class='ocr_line' id='line_1_25' title="bbox 68 1125 858 1156; baseline 0.005 -4"><span class='ocrx_word' id='word_1_146' title='bbox 68 1125 216 1152; x_wconf 83' lang='lat' dir='ltr'><strong>contrario</strong></span> <span class='ocrx_word' id='word_1_147' title='bbox 231 1133 295 1153; x_wconf 88' lang='lat' dir='ltr'><strong>vero</strong></span> <span class='ocrx_word' id='word_1_148' title='bbox 305 1127 463 1155; x_wconf 83' lang='lat' dir='ltr'><strong>accersitum</strong></span> <span class='ocrx_word' id='word_1_149' title='bbox 480 1135 541 1155; x_wconf 90' lang='lat' dir='ltr'><strong>eum</strong></span> <span class='ocrx_word' id='word_1_150' title='bbox 556 1128 588 1155; x_wconf 88' lang='lat' dir='ltr'><strong>ad</strong></span> <span class='ocrx_word' id='word_1_151' title='bbox 610 1128 734 1156; x_wconf 89' lang='lat' dir='ltr'><strong>diluenda</strong></span> <span class='ocrx_word' id='word_1_152' title='bbox 744 1128 858 1156; x_wconf 89' lang='lat' dir='ltr'><strong>crimina</strong></span> 
     </span>
    </p>
   </div>
   <div class='ocr_carea' id='block_1_26' title="bbox 68 1169 858 1207">
    <p class='ocr_par' dir='ltr' id='par_1_26' title="bbox 68 1169 858 1207">
     <span class='ocr_line' id='line_1_26' title="bbox 68 1169 858 1207; baseline 0.008 -11"><span class='ocrx_word' id='word_1_153' title='bbox 68 1169 158 1204; x_wconf 86' lang='lat' dir='ltr'><strong>(apud</strong></span> <span class='ocrx_word' id='word_1_154' title='bbox 184 1171 372 1206; x_wconf 89' lang='lat' dir='ltr'><strong>imperatorem</strong></span> <span class='ocrx_word' id='word_1_155' title='bbox 400 1172 497 1207; x_wconf 85' lang='lat' dir='ltr'><strong>quippe</strong></span> <span class='ocrx_word' id='word_1_156' title='bbox 534 1173 621 1201; x_wconf 82' lang='lat' dir='ltr'><strong>fuerat</strong></span> <span class='ocrx_word' id='word_1_157' title='bbox 647 1174 806 1201; x_wconf 84' lang='lat' dir='ltr'><strong>seditionum</strong></span> <span class='ocrx_word' id='word_1_158' title='bbox 830 1179 858 1202; x_wconf 85' lang='lat' dir='ltr'><strong>et</strong></span> 
     </span>
    </p>
   </div>
   <div class='ocr_carea' id='block_1_27' title="bbox 70 1215 853 1253">
    <p class='ocr_par' dir='ltr' id='par_1_27' title="bbox 70 1215 853 1253">
     <span class='ocr_line' id='line_1_27' title="bbox 70 1215 853 1253; baseline 0.008 -12"><span class='ocrx_word' id='word_1_159' title='bbox 70 1215 190 1242; x_wconf 84' lang='lat' dir='ltr'><strong>caedium</strong></span> <span class='ocrx_word' id='word_1_160' title='bbox 207 1218 358 1251; x_wconf 83' lang='lat' dir='ltr'><strong>accusatus)</strong></span> <span class='ocrx_word' id='word_1_161' title='bbox 385 1222 498 1245; x_wconf 89' lang='lat' dir='ltr'><strong>testatur</strong></span> <span class='ocrx_word' id='word_1_162' title='bbox 522 1218 578 1253; x_wconf 92' lang='lat' dir='ltr'><strong>ipse</strong></span> <span class='ocrx_word' id='word_1_163' title='bbox 598 1218 807 1253; x_wconf 83' lang='lat' dir='ltr'><strong>Chrysostouius</strong></span> <span class='ocrx_word' id='word_1_164' title='bbox 827 1219 853 1247; x_wconf 92' lang='lat' dir='ltr'><strong>in</strong></span> 
     </span>
    </p>
   </div>
   <div class='ocr_carea' id='block_1_28' title="bbox 66 1261 857 1299">
    <p class='ocr_par' dir='ltr' id='par_1_28' title="bbox 66 1261 857 1299">
     <span class='ocr_line' id='line_1_28' title="bbox 66 1261 857 1299; baseline 0.006 -11"><span class='ocrx_word' id='word_1_165' title='bbox 66 1261 190 1295; x_wconf 85' lang='lat' dir='ltr'><strong>epistola</strong></span> <span class='ocrx_word' id='word_1_166' title='bbox 219 1262 252 1289; x_wconf 91' lang='lat' dir='ltr'><strong>ad</strong></span> <span class='ocrx_word' id='word_1_167' title='bbox 277 1263 460 1290; x_wconf 84' lang='lat' dir='ltr'><strong>innocentium</strong></span> <span class='ocrx_word' id='word_1_168' title='bbox 496 1271 609 1298; x_wconf 80' lang='lat' dir='ltr'><strong>papam,</strong></span> <span class='ocrx_word' id='word_1_169' title='bbox 637 1272 716 1299; x_wconf 87' lang='lat' dir='ltr'><strong>quam</strong></span> <span class='ocrx_word' id='word_1_170' title='bbox 749 1265 857 1293; x_wconf 79' lang='lat' dir='ltr'><strong>exhibet</strong></span> 
     </span>
    </p>
   </div>
   <div class='ocr_carea' id='block_1_29' title="bbox 65 1305 855 1345">
    <p class='ocr_par' dir='ltr' id='par_1_29' title="bbox 65 1305 855 1345">
     <span class='ocr_line' id='line_1_29' title="bbox 65 1305 855 1345; baseline 0.005 -11"><span class='ocrx_word' id='word_1_171' title='bbox 65 1305 221 1336; x_wconf 78' lang='lat' dir='ltr'><strong>Palladius.</strong></span> <span class='ocrx_word' id='word_1_172' title='bbox 242 1307 296 1336; x_wconf 86' lang='lat' dir='ltr'><strong>Leo</strong></span> <span class='ocrx_word' id='word_1_173' title='bbox 319 1313 407 1336; x_wconf 90' lang='lat' dir='ltr'><strong>autem</strong></span> <span class='ocrx_word' id='word_1_174' title='bbox 433 1309 599 1344; x_wconf 85' lang='lat' dir='ltr'><strong>imperator,</strong></span> <span class='ocrx_word' id='word_1_175' title='bbox 616 1315 792 1345; x_wconf 80' lang='lat' dir='ltr'><strong>cognomento</strong></span> <span class='ocrx_word' id='word_1_176' title='bbox 804 1310 855 1338; x_wconf 82' lang='lat' dir='ltr'><strong>Sa-</strong></span> 
     </span>
    </p>
   </div>
   <div class='ocr_carea' id='block_1_30' title="bbox 67 1352 855 1390">
    <p class='ocr_par' dir='ltr' id='par_1_30' title="bbox 67 1352 855 1390">
     <span class='ocr_line' id='line_1_30' title="bbox 67 1352 855 1390; baseline 0.005 -11"><span class='ocrx_word' id='word_1_177' title='bbox 67 1352 164 1386; x_wconf 86' lang='lat' dir='ltr'><strong>piens,</strong></span> <span class='ocrx_word' id='word_1_178' title='bbox 185 1353 281 1381; x_wconf 85' lang='lat' dir='ltr'><strong>scribit</strong></span> <span class='ocrx_word' id='word_1_179' title='bbox 304 1354 330 1381; x_wconf 94' lang='lat' dir='ltr'><strong>in</strong></span> <span class='ocrx_word' id='word_1_180' title='bbox 346 1353 407 1381; x_wconf 82' lang='lat' dir='ltr'><strong>Vita</strong></span> <span class='ocrx_word' id='word_1_181' title='bbox 420 1353 613 1390; x_wconf 85' lang='lat' dir='ltr'><strong>Chrysostomi,</strong></span> <span class='ocrx_word' id='word_1_182' title='bbox 636 1355 746 1389; x_wconf 76' lang='lat' dir='ltr'><strong>iussisse</strong></span> <span class='ocrx_word' id='word_1_183' title='bbox 769 1356 855 1383; x_wconf 85' lang='lat' dir='ltr'><strong>Arca-</strong></span> 
     </span>
    </p>
   </div>
   <div class='ocr_carea' id='block_1_31' title="bbox 65 1398 853 1435">
    <p class='ocr_par' dir='ltr' id='par_1_31' title="bbox 65 1398 853 1435">
     <span class='ocr_line' id='line_1_31' title="bbox 65 1398 853 1435; baseline 0.006 -11"><span class='ocrx_word' id='word_1_184' title='bbox 65 1398 148 1425; x_wconf 80' lang='lat' dir='ltr'><strong>dium</strong></span> <span class='ocrx_word' id='word_1_185' title='bbox 174 1399 198 1426; x_wconf 91' lang='lat' dir='ltr'><strong>vi</strong></span> <span class='ocrx_word' id='word_1_186' title='bbox 223 1399 320 1426; x_wconf 90' lang='lat' dir='ltr'><strong>adduci</strong></span> <span class='ocrx_word' id='word_1_187' title='bbox 349 1399 538 1434; x_wconf 82' lang='lat' dir='ltr'><strong>Theophilum,</strong></span> <span class='ocrx_word' id='word_1_188' title='bbox 568 1408 628 1428; x_wconf 88' lang='lat' dir='ltr'><strong>cum</strong></span> <span class='ocrx_word' id='word_1_189' title='bbox 645 1409 703 1435; x_wconf 71' lang='lat' dir='ltr'><strong>qua:</strong></span> <span class='ocrx_word' id='word_1_190' title='bbox 726 1402 853 1429; x_wconf 89' lang='lat' dir='ltr'><strong>adversus</strong></span> 
     </span>
    </p>
   </div>
   <div class='ocr_carea' id='block_1_32' title="bbox 65 1442 854 1485">
    <p class='ocr_par' dir='ltr' id='par_1_32' title="bbox 65 1442 854 1485">
     <span class='ocr_line' id='line_1_32' title="bbox 65 1442 854 1485; baseline 0.006 -15"><span class='ocrx_word' id='word_1_191' title='bbox 65 1442 204 1470; x_wconf 83' lang='lat' dir='ltr'><strong>Joannem</strong></span> <span class='ocrx_word' id='word_1_192' title='bbox 222 1443 312 1471; x_wconf 89' lang='lat' dir='ltr'><strong>fuerat</strong></span> <span class='ocrx_word' id='word_1_193' title='bbox 341 1444 449 1485; x_wconf 73' lang='lat' dir='ltr'><strong>molitus</strong></span> <span class='ocrx_word' id='word_1_194' title='bbox 467 1446 659 1481; x_wconf 90' lang='lat' dir='ltr'><strong>comperisset;</strong></span> <span class='ocrx_word' id='word_1_195' title='bbox 682 1451 709 1473; x_wconf 90' lang='lat' dir='ltr'><strong>et</strong></span> <span class='ocrx_word' id='word_1_196' title='bbox 727 1447 761 1474; x_wconf 90' lang='lat' dir='ltr'><strong>ab</strong></span> <span class='ocrx_word' id='word_1_197' title='bbox 776 1445 854 1475; x_wconf 92' lang='lat' dir='ltr'><strong>lnno-</strong></span> 
     </span>
    </p>
   </div>
   <div class='ocr_carea' id='block_1_33' title="bbox 66 1489 853 1527">
    <p class='ocr_par' dir='ltr' id='par_1_33' title="bbox 66 1489 853 1527">
     <span class='ocr_line' id='line_1_33' title="bbox 66 1489 853 1527; baseline 0.006 -12"><span class='ocrx_word' id='word_1_198' title='bbox 66 1489 165 1516; x_wconf 91' lang='lat' dir='ltr'><strong>centio</strong></span> <span class='ocrx_word' id='word_1_199' title='bbox 186 1490 311 1524; x_wconf 90' lang='lat' dir='ltr'><strong>pontiiicc</strong></span> <span class='ocrx_word' id='word_1_200' title='bbox 327 1490 457 1524; x_wconf 80' lang='lat' dir='ltr'><strong>Romano,</strong></span> <span class='ocrx_word' id='word_1_201' title='bbox 473 1496 500 1518; x_wconf 89' lang='lat' dir='ltr'><strong>et</strong></span> <span class='ocrx_word' id='word_1_202' title='bbox 516 1492 548 1518; x_wconf 89' lang='lat' dir='ltr'><strong>ab</strong></span> <span class='ocrx_word' id='word_1_203' title='bbox 564 1491 681 1520; x_wconf 91' lang='lat' dir='ltr'><strong>Honorio</strong></span> <span class='ocrx_word' id='word_1_204' title='bbox 698 1491 782 1520; x_wconf 88' lang='lat' dir='ltr'><strong>fratre</strong></span> <span class='ocrx_word' id='word_1_205' title='bbox 806 1500 853 1527; x_wconf 92' lang='lat' dir='ltr'><strong>po-</strong></span> 
     </span>
    </p>
   </div>
   <div class='ocr_carea' id='block_1_34' title="bbox 65 1535 853 1572">
    <p class='ocr_par' dir='ltr' id='par_1_34' title="bbox 65 1535 853 1572">
     <span class='ocr_line' id='line_1_34' title="bbox 65 1535 853 1572; baseline 0.005 -11"><span class='ocrx_word' id='word_1_206' title='bbox 65 1535 200 1569; x_wconf 85' lang='lat' dir='ltr'><strong>stulasse,</strong></span> <span class='ocrx_word' id='word_1_207' title='bbox 217 1540 246 1563; x_wconf 90' lang='lat' dir='ltr'><strong>ut</strong></span> <span class='ocrx_word' id='word_1_208' title='bbox 261 1536 342 1571; x_wconf 83' lang='lat' dir='ltr'><strong>aliqui</strong></span> <span class='ocrx_word' id='word_1_209' title='bbox 357 1537 443 1564; x_wconf 81' lang='lat' dir='ltr'><strong>Roma</strong></span> <span class='ocrx_word' id='word_1_210' title='bbox 465 1537 644 1570; x_wconf 85' lang='lat' dir='ltr'><strong>mitterentur,</strong></span> <span class='ocrx_word' id='word_1_211' title='bbox 660 1538 705 1572; x_wconf 90' lang='lat' dir='ltr'><strong>qui</strong></span> <span class='ocrx_word' id='word_1_212' title='bbox 721 1538 754 1565; x_wconf 91' lang='lat' dir='ltr'><strong>de</strong></span> <span class='ocrx_word' id='word_1_213' title='bbox 765 1537 853 1565; x_wconf 89' lang='lat' dir='ltr'><strong>Theo-</strong></span> 
     </span>
    </p>
   </div>
   <div class='ocr_carea' id='block_1_35' title="bbox 66 1581 851 1618">
    <p class='ocr_par' dir='ltr' id='par_1_35' title="bbox 66 1581 851 1618">
     <span class='ocr_line' id='line_1_35' title="bbox 66 1581 851 1618; baseline 0.005 -11"><span class='ocrx_word' id='word_1_214' title='bbox 66 1581 137 1615; x_wconf 87' lang='lat' dir='ltr'><strong>phili</strong></span> <span class='ocrx_word' id='word_1_215' title='bbox 150 1588 229 1608; x_wconf 86' lang='lat' dir='ltr'><strong>causa</strong></span> <span class='ocrx_word' id='word_1_216' title='bbox 243 1587 456 1616; x_wconf 82' lang='lat' dir='ltr'><strong>cognoscerent:</strong></span> <span class='ocrx_word' id='word_1_217' title='bbox 473 1583 671 1618; x_wconf 78' lang='lat' dir='ltr'><strong>tergiversante</strong></span> <span class='ocrx_word' id='word_1_218' title='bbox 688 1591 752 1610; x_wconf 91' lang='lat' dir='ltr'><strong>vero</strong></span> <span class='ocrx_word' id='word_1_219' title='bbox 769 1583 851 1611; x_wconf 92' lang='lat' dir='ltr'><strong>inno-</strong></span> 
     </span>
    </p>
   </div>
   <div class='ocr_carea' id='block_1_36' title="bbox 64 1626 853 1664">
    <p class='ocr_par' dir='ltr' id='par_1_36' title="bbox 64 1626 853 1664">
     <span class='ocr_line' id='line_1_36' title="bbox 64 1626 853 1664; baseline 0.004 -11"><span class='ocrx_word' id='word_1_220' title='bbox 64 1626 173 1659; x_wconf 86' lang='lat' dir='ltr'><strong>centio,</strong></span> <span class='ocrx_word' id='word_1_221' title='bbox 199 1627 375 1661; x_wconf 88' lang='lat' dir='ltr'><strong>Theophilum</strong></span> <span class='ocrx_word' id='word_1_222' title='bbox 403 1627 563 1663; x_wconf 80' lang='lat' dir='ltr'><strong>Origenismi</strong></span> <span class='ocrx_word' id='word_1_223' title='bbox 593 1628 681 1656; x_wconf 90' lang='lat' dir='ltr'><strong>dicam</strong></span> <span class='ocrx_word' id='word_1_224' title='bbox 712 1629 853 1664; x_wconf 85' lang='lat' dir='ltr'><strong>scripsisse</strong></span> 
     </span>
    </p>
   </div>
   <div class='ocr_carea' id='block_1_37' title="bbox 63 1669 851 1708">
    <p class='ocr_par' dir='ltr' id='par_1_37' title="bbox 63 1669 851 1708">
     <span class='ocr_line' id='line_1_37' title="bbox 63 1669 851 1708; baseline 0.004 -11"><span class='ocrx_word' id='word_1_225' title='bbox 63 1669 179 1704; x_wconf 86' lang='lat' dir='ltr'><strong>Joanni,</strong></span> <span class='ocrx_word' id='word_1_226' title='bbox 196 1676 223 1699; x_wconf 90' lang='lat' dir='ltr'><strong>ct</strong></span> <span class='ocrx_word' id='word_1_227' title='bbox 243 1671 422 1701; x_wconf 76' lang='lat' dir='ltr'><strong>Nitriensibus</strong></span> <span class='ocrx_word' id='word_1_228' title='bbox 446 1673 605 1706; x_wconf 85' lang='lat' dir='ltr'><strong>monachis,</strong></span> <span class='ocrx_word' id='word_1_229' title='bbox 625 1681 640 1700; x_wconf 88' lang='lat' dir='ltr'><strong>a</strong></span> <span class='ocrx_word' id='word_1_230' title='bbox 665 1673 760 1707; x_wconf 87' lang='lat' dir='ltr'><strong>quibus</strong></span> <span class='ocrx_word' id='word_1_231' title='bbox 782 1673 851 1708; x_wconf 89' lang='lat' dir='ltr'><strong>apud</strong></span> 
     </span>
    </p>
   </div>
   <div class='ocr_carea' id='block_1_38' title="bbox 64 1717 851 1753">
    <p class='ocr_par' dir='ltr' id='par_1_38' title="bbox 64 1717 851 1753">
     <span class='ocr_line' id='line_1_38' title="bbox 64 1717 851 1753; baseline 0.005 -11"><span class='ocrx_word' id='word_1_232' title='bbox 64 1717 260 1751; x_wconf 82' lang='lat' dir='ltr'><strong>imperatorem</strong></span> <span class='ocrx_word' id='word_1_233' title='bbox 282 1718 368 1746; x_wconf 85' lang='lat' dir='ltr'><strong>fuerat</strong></span> <span class='ocrx_word' id='word_1_234' title='bbox 394 1722 547 1750; x_wconf 85' lang='lat' dir='ltr'><strong>accusatus,</strong></span> <span class='ocrx_word' id='word_1_235' title='bbox 565 1726 681 1753; x_wconf 83' lang='lat' dir='ltr'><strong>suasque</strong></span> <span class='ocrx_word' id='word_1_236' title='bbox 708 1719 735 1746; x_wconf 94' lang='lat' dir='ltr'><strong>in</strong></span> <span class='ocrx_word' id='word_1_237' title='bbox 760 1723 851 1753; x_wconf 87' lang='lat' dir='ltr'><strong>partes</strong></span> 
     </span>
    </p>
   </div>
   <div class='ocr_carea' id='block_1_39' title="bbox 64 1764 852 1800">
    <p class='ocr_par' dir='ltr' id='par_1_39' title="bbox 64 1764 852 1800">
     <span class='ocr_line' id='line_1_39' title="bbox 64 1764 852 1800; baseline 0.003 -9"><span class='ocrx_word' id='word_1_238' title='bbox 64 1764 248 1800; x_wconf 85' lang='lat' dir='ltr'><strong>Epiphanium</strong></span> <span class='ocrx_word' id='word_1_239' title='bbox 274 1765 398 1793; x_wconf 82' lang='lat' dir='ltr'><strong>illexisse.</strong></span> <span class='ocrx_word' id='word_1_240' title='bbox 417 1765 535 1792; x_wconf 80' lang='lat' dir='ltr'><strong>Narrant</strong></span> <span class='ocrx_word' id='word_1_241' title='bbox 547 1764 601 1792; x_wconf 90' lang='lat' dir='ltr'><strong>Leo</strong></span> <span class='ocrx_word' id='word_1_242' title='bbox 614 1770 641 1792; x_wconf 88' lang='lat' dir='ltr'><strong>et</strong></span> <span class='ocrx_word' id='word_1_243' title='bbox 655 1765 787 1793; x_wconf 84' lang='lat' dir='ltr'><strong>Palladius</strong></span> <span class='ocrx_word' id='word_1_244' title='bbox 804 1766 852 1793; x_wconf 87' lang='lat' dir='ltr'><strong>da-</strong></span> 
     </span>
    </p>
   </div>
   <div class='ocr_carea' id='block_1_40' title="bbox 63 1810 849 1845">
    <p class='ocr_par' dir='ltr' id='par_1_40' title="bbox 63 1810 849 1845">
     <span class='ocr_line' id='line_1_40' title="bbox 63 1810 849 1845; baseline 0 -8"><span class='ocrx_word' id='word_1_245' title='bbox 63 1814 111 1838; x_wconf 88' lang='lat' dir='ltr'><strong>tos</strong></span> <span class='ocrx_word' id='word_1_246' title='bbox 129 1811 258 1838; x_wconf 77' lang='lat' dir='ltr'><strong>adversus</strong></span> <span class='ocrx_word' id='word_1_247' title='bbox 273 1810 450 1845; x_wconf 88' lang='lat' dir='ltr'><strong>Theophilum</strong></span> <span class='ocrx_word' id='word_1_248' title='bbox 464 1810 647 1838; x_wconf 88' lang='lat' dir='ltr'><strong>accusationis</strong></span> <span class='ocrx_word' id='word_1_249' title='bbox 672 1810 787 1843; x_wconf 86' lang='lat' dir='ltr'><strong>libellos,</strong></span> <span class='ocrx_word' id='word_1_250' title='bbox 811 1817 849 1837; x_wconf 87' lang='lat' dir='ltr'><strong>se-</strong></span> 
     </span>
    </p>
   </div>
   <div class='ocr_carea' id='block_1_41' title="bbox 63 1855 850 1892">
    <p class='ocr_par' dir='ltr' id='par_1_41' title="bbox 63 1855 850 1892">
     <span class='ocr_line' id='line_1_41' title="bbox 63 1855 850 1892; baseline 0 -9"><span class='ocrx_word' id='word_1_251' title='bbox 63 1857 206 1892; x_wconf 85' lang='lat' dir='ltr'><strong>ptuaginta</strong></span> <span class='ocrx_word' id='word_1_252' title='bbox 223 1856 312 1891; x_wconf 85' lang='lat' dir='ltr'><strong>capita</strong></span> <span class='ocrx_word' id='word_1_253' title='bbox 337 1857 478 1885; x_wconf 87' lang='lat' dir='ltr'><strong>habuisse.</strong></span> <span class='ocrx_word' id='word_1_254' title='bbox 496 1855 687 1890; x_wconf 82' lang='lat' dir='ltr'><strong>Maturatergo</strong></span> <span class='ocrx_word' id='word_1_255' title='bbox 700 1856 752 1882; x_wconf 84' lang='lat' dir='ltr'><strong>iter</strong></span> <span class='ocrx_word' id='word_1_256' title='bbox 764 1855 850 1883; x_wconf 88' lang='lat' dir='ltr'><strong>Theo-</strong></span> 
     </span>
    </p>
   </div>
   <div class='ocr_carea' id='block_1_42' title="bbox 64 1901 848 1937">
    <p class='ocr_par' dir='ltr' id='par_1_42' title="bbox 64 1901 848 1937">
     <span class='ocr_line' id='line_1_42' title="bbox 64 1901 848 1937; baseline 0 -9"><span class='ocrx_word' id='word_1_257' title='bbox 64 1902 169 1936; x_wconf 85' lang='lat' dir='ltr'><strong>philus,</strong></span> <span class='ocrx_word' id='word_1_258' title='bbox 184 1907 211 1929; x_wconf 87' lang='lat' dir='ltr'><strong>et</strong></span> <span class='ocrx_word' id='word_1_259' title='bbox 224 1902 419 1930; x_wconf 83' lang='lat' dir='ltr'><strong>Chalcedonem</strong></span> <span class='ocrx_word' id='word_1_260' title='bbox 430 1901 561 1937; x_wconf 84' lang='lat' dir='ltr'><strong>pervenit.</strong></span> <span class='ocrx_word' id='word_1_261' title='bbox 584 1901 682 1929; x_wconf 83' lang='lat' dir='ltr'><strong>Eodem</strong></span> <span class='ocrx_word' id='word_1_262' title='bbox 710 1901 848 1929; x_wconf 84' lang='lat' dir='ltr'><strong>confluunt</strong></span> 
     </span>
    </p>
   </div>
   <div class='ocr_carea' id='block_1_43' title="bbox 60 1946 848 1982">
    <p class='ocr_par' dir='ltr' id='par_1_43' title="bbox 60 1946 848 1982">
     <span class='ocr_line' id='line_1_43' title="bbox 60 1946 848 1982; baseline 0.001 -10"><span class='ocrx_word' id='word_1_263' title='bbox 60 1946 196 1980; x_wconf 84' lang='lat' dir='ltr'><strong>episcopi,</strong></span> <span class='ocrx_word' id='word_1_264' title='bbox 229 1947 324 1980; x_wconf 85' lang='lat' dir='ltr'><strong>partim</strong></span> <span class='ocrx_word' id='word_1_265' title='bbox 337 1946 477 1982; x_wconf 88' lang='lat' dir='ltr'><strong>Theophili</strong></span> <span class='ocrx_word' id='word_1_266' title='bbox 496 1947 606 1979; x_wconf 90' lang='lat' dir='ltr'><strong>nuntiis,</strong></span> <span class='ocrx_word' id='word_1_267' title='bbox 622 1946 717 1981; x_wconf 89' lang='lat' dir='ltr'><strong>partim</strong></span> <span class='ocrx_word' id='word_1_268' title='bbox 732 1947 848 1982; x_wconf 86' lang='lat' dir='ltr'><strong>impera-</strong></span> 
     </span>
    </p>
   </div>
   <div class='ocr_carea' id='block_1_44' title="bbox 64 1992 847 2029">
    <p class='ocr_par' dir='ltr' id='par_1_44' title="bbox 64 1992 847 2029">
     <span class='ocr_line' id='line_1_44' title="bbox 64 1992 847 2029; baseline 0.004 -11"><span class='ocrx_word' id='word_1_269' title='bbox 64 1992 134 2020; x_wconf 86' lang='lat' dir='ltr'><strong>toris</strong></span> <span class='ocrx_word' id='word_1_270' title='bbox 152 1992 277 2020; x_wconf 87' lang='lat' dir='ltr'><strong>mandato</strong></span> <span class='ocrx_word' id='word_1_271' title='bbox 290 1994 381 2021; x_wconf 80' lang='lat' dir='ltr'><strong>exciti.</strong></span> <span class='ocrx_word' id='word_1_272' title='bbox 407 1993 444 2021; x_wconf 81' lang='lat' dir='ltr'><strong>Ex</strong></span> <span class='ocrx_word' id='word_1_273' title='bbox 471 2001 523 2020; x_wconf 87' lang='lat' dir='ltr'><strong>una</strong></span> <span class='ocrx_word' id='word_1_274' title='bbox 541 2001 634 2021; x_wconf 92' lang='lat' dir='ltr'><strong>omnes</strong></span> <span class='ocrx_word' id='word_1_275' title='bbox 658 1995 762 2023; x_wconf 86' lang='lat' dir='ltr'><strong>venisse</strong></span> <span class='ocrx_word' id='word_1_276' title='bbox 783 2002 847 2029; x_wconf 84' lang='lat' dir='ltr'><strong>pro-</strong></span> 
     </span>
    </p>
   </div>
   <div class='ocr_carea' id='block_1_45' title="bbox 65 2038 847 2076">
    <p class='ocr_par' dir='ltr' id='par_1_45' title="bbox 65 2038 847 2076">
     <span class='ocr_line' id='line_1_45' title="bbox 65 2038 847 2076; baseline 0.005 -11"><span class='ocrx_word' id='word_1_277' title='bbox 65 2038 155 2065; x_wconf 89' lang='lat' dir='ltr'><strong>vincia</strong></span> <span class='ocrx_word' id='word_1_278' title='bbox 170 2039 266 2066; x_wconf 85' lang='lat' dir='ltr'><strong>scribit</strong></span> <span class='ocrx_word' id='word_1_279' title='bbox 286 2039 443 2073; x_wconf 87' lang='lat' dir='ltr'><strong>Palladius;</strong></span> <span class='ocrx_word' id='word_1_280' title='bbox 463 2040 507 2067; x_wconf 90' lang='lat' dir='ltr'><strong>alii</strong></span> <span class='ocrx_word' id='word_1_281' title='bbox 527 2048 561 2068; x_wconf 88' lang='lat' dir='ltr'><strong>ex</strong></span> <span class='ocrx_word' id='word_1_282' title='bbox 580 2040 710 2076; x_wconf 68' lang='lat' dir='ltr'><strong>Egypto,</strong></span> <span class='ocrx_word' id='word_1_283' title='bbox 735 2041 847 2076; x_wconf 87' lang='lat' dir='ltr'><strong>aliisque</strong></span> 
     </span>
    </p>
   </div>
   <div class='ocr_carea' id='block_1_46' title="bbox 64 2084 847 2122">
    <p class='ocr_par' dir='ltr' id='par_1_46' title="bbox 64 2084 847 2122">
     <span class='ocr_line' id='line_1_46' title="bbox 64 2084 847 2122; baseline 0.005 -12"><span class='ocrx_word' id='word_1_284' title='bbox 64 2084 202 2118; x_wconf 88' lang='lat' dir='ltr'><strong>profectos</strong></span> <span class='ocrx_word' id='word_1_285' title='bbox 229 2085 296 2113; x_wconf 92' lang='lat' dir='ltr'><strong>locis</strong></span> <span class='ocrx_word' id='word_1_286' title='bbox 311 2091 434 2118; x_wconf 88' lang='lat' dir='ltr'><strong>narrant,</strong></span> <span class='ocrx_word' id='word_1_287' title='bbox 460 2093 563 2113; x_wconf 91' lang='lat' dir='ltr'><strong>necnon</strong></span> <span class='ocrx_word' id='word_1_288' title='bbox 586 2094 617 2113; x_wconf 84' lang='lat' dir='ltr'><strong>ex</strong></span> <span class='ocrx_word' id='word_1_289' title='bbox 631 2087 705 2121; x_wconf 82' lang='lat' dir='ltr'><strong>Asia,</strong></span> <span class='ocrx_word' id='word_1_290' title='bbox 735 2087 847 2122; x_wconf 87' lang='lat' dir='ltr'><strong>quicun-</strong></span> 
     </span>
    </p>
   </div>
   <div class='ocr_carea' id='block_1_47' title="bbox 63 2129 846 2167">
    <p class='ocr_par' dir='ltr' id='par_1_47' title="bbox 63 2129 846 2167">
     <span class='ocr_line' id='line_1_47' title="bbox 63 2129 846 2167; baseline 0.005 -11"><span class='ocrx_word' id='word_1_291' title='bbox 63 2137 118 2163; x_wconf 89' lang='lat' dir='ltr'><strong>que</strong></span> <span class='ocrx_word' id='word_1_292' title='bbox 131 2129 239 2157; x_wconf 85' lang='lat' dir='ltr'><strong>sedibus</strong></span> <span class='ocrx_word' id='word_1_293' title='bbox 266 2130 320 2158; x_wconf 90' lang='lat' dir='ltr'><strong>suis</strong></span> <span class='ocrx_word' id='word_1_294' title='bbox 343 2131 467 2166; x_wconf 87' lang='lat' dir='ltr'><strong>depulsos</strong></span> <span class='ocrx_word' id='word_1_295' title='bbox 480 2139 509 2159; x_wconf 89' lang='lat' dir='ltr'><strong>se</strong></span> <span class='ocrx_word' id='word_1_296' title='bbox 528 2140 543 2158; x_wconf 85' lang='lat' dir='ltr'><strong>a</strong></span> <span class='ocrx_word' id='word_1_297' title='bbox 556 2131 659 2160; x_wconf 88' lang='lat' dir='ltr'><strong>Joanne</strong></span> <span class='ocrx_word' id='word_1_298' title='bbox 688 2140 759 2167; x_wconf 74' lang='lat' dir='ltr'><strong>:Pgre</strong></span> <span class='ocrx_word' id='word_1_299' title='bbox 776 2133 846 2161; x_wconf 84' lang='lat' dir='ltr'><strong>fere-</strong></span> 
     </span>
    </p>
   </div>
   <div class='ocr_carea' id='block_1_48' title="bbox 921 211 1698 253">
    <p class='ocr_par' dir='ltr' id='par_1_48' title="bbox 921 211 1698 253">
     <span class='ocr_line' id='line_1_48' title="bbox 921 211 1698 253; baseline 0.014 -17"><span class='ocrx_word' id='word_1_300' title='bbox 921 218 969 238; x_wconf 74' lang='lat' dir='ltr'><strong>sux</strong></span> <span class='ocrx_word' id='word_1_301' title='bbox 985 211 1114 238; x_wconf 87' lang='lat' dir='ltr'><strong>duntaxat</strong></span> <span class='ocrx_word' id='word_1_302' title='bbox 1128 213 1250 247; x_wconf 80' lang='lat' dir='ltr'><strong>agnoscit</strong></span> <span class='ocrx_word' id='word_1_303' title='bbox 1270 222 1277 240; x_wconf 88' lang='lat'><strong><em>:</em></strong></span> <span class='ocrx_word' id='word_1_304' title='bbox 1291 214 1330 240; x_wconf 88' lang='lat' dir='ltr'><strong>sic</strong></span> <span class='ocrx_word' id='word_1_305' title='bbox 1354 214 1424 241; x_wconf 88' lang='lat' dir='ltr'><strong>enim</strong></span> <span class='ocrx_word' id='word_1_306' title='bbox 1445 215 1583 251; x_wconf 85' lang='lat' dir='ltr'><strong>episcopos</strong></span> <span class='ocrx_word' id='word_1_307' title='bbox 1597 219 1642 253; x_wconf 90' lang='lat' dir='ltr'><strong>qui</strong></span> <span class='ocrx_word' id='word_1_308' title='bbox 1657 226 1698 246; x_wconf 86' lang='lat' dir='ltr'><strong>as-</strong></span> 
     </span>
    </p>
   </div>
   <div class='ocr_carea' id='block_1_49' title="bbox 921 255 1700 298">
    <p class='ocr_par' dir='ltr' id='par_1_49' title="bbox 921 255 1700 298">
     <span class='ocr_line' id='line_1_49' title="bbox 921 255 1700 298; baseline 0.012 -15"><span class='ocrx_word' id='word_1_309' title='bbox 921 255 1046 283; x_wconf 89' lang='lat' dir='ltr'><strong>sidebant</strong></span> <span class='ocrx_word' id='word_1_310' title='bbox 1072 256 1187 291; x_wconf 88' lang='lat' dir='ltr'><strong>Joanui,</strong></span> <span class='ocrx_word' id='word_1_311' title='bbox 1221 259 1254 285; x_wconf 89' lang='lat' dir='ltr'><strong>ad</strong></span> <span class='ocrx_word' id='word_1_312' title='bbox 1283 260 1497 288; x_wconf 88' lang='lat' dir='ltr'><strong>conventiculum</strong></span> <span class='ocrx_word' id='word_1_313' title='bbox 1528 264 1700 298; x_wconf 85' lang='lat' dir='ltr'><strong>rescripsisse</strong></span> 
     </span>
    </p>
   </div>
   <div class='ocr_carea' id='block_1_50' title="bbox 922 301 1699 341">
    <p class='ocr_par' dir='ltr' id='par_1_50' title="bbox 922 301 1699 341">
     <span class='ocr_line' id='line_1_50' title="bbox 922 301 1699 341; baseline 0.013 -14"><span class='ocrx_word' id='word_1_314' title='bbox 922 301 1018 328; x_wconf 86' lang='lat' dir='ltr'><strong>tradit:</strong></span> <span class='ocrx_word' id='word_1_315' title='bbox 1037 312 1047 327; x_wconf 70' lang='grc' dir='ltr'>ι</span> <span class='ocrx_word' id='word_1_316' title='bbox 1062 302 1117 329; x_wconf 91' lang='lat' dir='ltr'><strong>Tua</strong></span> <span class='ocrx_word' id='word_1_317' title='bbox 1129 303 1236 337; x_wconf 89' lang='lat' dir='ltr'><strong>quidem</strong></span> <span class='ocrx_word' id='word_1_318' title='bbox 1252 305 1370 338; x_wconf 86' lang='lat' dir='ltr'><strong>synodus</strong></span> <span class='ocrx_word' id='word_1_319' title='bbox 1385 305 1494 341; x_wconf 78' lang='lat' dir='ltr'><strong>triginta</strong></span> <span class='ocrx_word' id='word_1_320' title='bbox 1507 312 1534 334; x_wconf 91' lang='lat' dir='ltr'><strong>et</strong></span> <span class='ocrx_word' id='word_1_321' title='bbox 1550 315 1598 336; x_wconf 80' lang='lat' dir='ltr'><strong>sex</strong></span> <span class='ocrx_word' id='word_1_322' title='bbox 1617 309 1699 338; x_wconf 88' lang='lat' dir='ltr'><strong>habet</strong></span> 
     </span>
    </p>
   </div>
   <div class='ocr_carea' id='block_1_51' title="bbox 919 347 1698 389">
    <p class='ocr_par' dir='ltr' id='par_1_51' title="bbox 919 347 1698 389">
     <span class='ocr_line' id='line_1_51' title="bbox 919 347 1698 389; baseline 0.013 -16"><span class='ocrx_word' id='word_1_323' title='bbox 919 347 1059 382; x_wconf 89' lang='lat' dir='ltr'><strong>episcopos</strong></span> <span class='ocrx_word' id='word_1_324' title='bbox 1092 355 1124 375; x_wconf 92' lang='lat' dir='ltr'><strong>ex</strong></span> <span class='ocrx_word' id='word_1_325' title='bbox 1149 356 1200 375; x_wconf 93' lang='lat' dir='ltr'><strong>una</strong></span> <span class='ocrx_word' id='word_1_326' title='bbox 1229 350 1385 384; x_wconf 88' lang='lat' dir='ltr'><strong>provincia:</strong></span> <span class='ocrx_word' id='word_1_327' title='bbox 1408 359 1456 379; x_wconf 91' lang='lat' dir='ltr'><strong>nos</strong></span> <span class='ocrx_word' id='word_1_328' title='bbox 1479 358 1568 381; x_wconf 90' lang='lat' dir='ltr'><strong>autem</strong></span> <span class='ocrx_word' id='word_1_329' title='bbox 1581 355 1698 389; x_wconf 61' lang='lat' dir='ltr'><strong>quadra»</strong></span> 
     </span>
    </p>
   </div>
   <div class='ocr_carea' id='block_1_52' title="bbox 919 393 1695 433">
    <p class='ocr_par' dir='ltr' id='par_1_52' title="bbox 919 393 1695 433">
     <span class='ocr_line' id='line_1_52' title="bbox 919 393 1695 433; baseline 0.014 -14"><span class='ocrx_word' id='word_1_330' title='bbox 919 393 992 427; x_wconf 79' lang='lat' dir='ltr'><strong>ginta</strong></span> <span class='ocrx_word' id='word_1_331' title='bbox 1015 401 1107 421; x_wconf 87' lang='lat' dir='ltr'><strong>sumus</strong></span> <span class='ocrx_word' id='word_1_332' title='bbox 1121 402 1153 422; x_wconf 82' lang='lat' dir='ltr'><strong>ex</strong></span> <span class='ocrx_word' id='word_1_333' title='bbox 1169 395 1313 429; x_wconf 86' lang='lat' dir='ltr'><strong>provinciis</strong></span> <span class='ocrx_word' id='word_1_334' title='bbox 1328 397 1418 429; x_wconf 92' lang='lat' dir='ltr'><strong>variis,</strong></span> <span class='ocrx_word' id='word_1_335' title='bbox 1439 399 1465 425; x_wconf 96' lang='lat' dir='ltr'><strong>iu</strong></span> <span class='ocrx_word' id='word_1_336' title='bbox 1477 400 1572 433; x_wconf 89' lang='lat' dir='ltr'><strong>quibus</strong></span> <span class='ocrx_word' id='word_1_337' title='bbox 1596 405 1623 428; x_wconf 83' lang='lat' dir='ltr'><strong>et</strong></span> <span class='ocrx_word' id='word_1_338' title='bbox 1650 409 1695 429; x_wconf 81' lang='lat' dir='ltr'><strong>se-</strong></span> 
     </span>
    </p>
   </div>
   <div class='ocr_carea' id='block_1_53' title="bbox 919 440 1696 482">
    <p class='ocr_par' dir='ltr' id='par_1_53' title="bbox 919 440 1696 482">
     <span class='ocr_line' id='line_1_53' title="bbox 919 440 1696 482; baseline 0.014 -18"><span class='ocrx_word' id='word_1_339' title='bbox 919 443 990 472; x_wconf 91' lang='lat' dir='ltr'><strong>ptem</strong></span> <span class='ocrx_word' id='word_1_340' title='bbox 1025 443 1087 466; x_wconf 87' lang='lat' dir='ltr'><strong>sunt</strong></span> <span class='ocrx_word' id='word_1_341' title='bbox 1123 440 1307 476; x_wconf 69' lang='lat' dir='ltr'><strong>metropolitzr.</strong></span> <span class='ocrx_word' id='word_1_342' title='bbox 1325 451 1334 468; x_wconf 77' lang='grc' dir='ltr'><strong><em>ι</em></strong></span> <span class='ocrx_word' id='word_1_343' title='bbox 1369 442 1439 471; x_wconf 90' lang='lat' dir='ltr'><strong>Duos</strong></span> <span class='ocrx_word' id='word_1_344' title='bbox 1465 448 1493 471; x_wconf 91' lang='lat' dir='ltr'><strong>et</strong></span> <span class='ocrx_word' id='word_1_345' title='bbox 1521 446 1696 482; x_wconf 80' lang='lat' dir='ltr'><strong>quadraginta</strong></span> 
     </span>
    </p>
   </div>
   <div class='ocr_carea' id='block_1_54' title="bbox 917 483 1697 526">
    <p class='ocr_par' dir='ltr' id='par_1_54' title="bbox 917 483 1697 526">
     <span class='ocr_line' id='line_1_54' title="bbox 917 483 1697 526; baseline 0.014 -16"><span class='ocrx_word' id='word_1_346' title='bbox 917 483 1011 511; x_wconf 91' lang='lat' dir='ltr'><strong>Joanni</strong></span> <span class='ocrx_word' id='word_1_347' title='bbox 1026 484 1146 513; x_wconf 79' lang='lat' dir='ltr'><strong>adfuisse</strong></span> <span class='ocrx_word' id='word_1_348' title='bbox 1158 492 1251 513; x_wconf 90' lang='lat' dir='ltr'><strong>auctor</strong></span> <span class='ocrx_word' id='word_1_349' title='bbox 1269 493 1310 514; x_wconf 88' lang='lat' dir='ltr'><strong>est</strong></span> <span class='ocrx_word' id='word_1_350' title='bbox 1332 487 1386 516; x_wconf 87' lang='lat' dir='ltr'><strong>Leo</strong></span> <span class='ocrx_word' id='word_1_351' title='bbox 1400 489 1556 525; x_wconf 88' lang='lat' dir='ltr'><strong>imperator.</strong></span> <span class='ocrx_word' id='word_1_352' title='bbox 1576 491 1642 520; x_wconf 89' lang='lat' dir='ltr'><strong>Cum</strong></span> <span class='ocrx_word' id='word_1_353' title='bbox 1655 494 1697 526; x_wconf 43' lang='lat' dir='ltr'><strong>,sit</strong></span> 
     </span>
    </p>
   </div>
   <div class='ocr_carea' id='block_1_55' title="bbox 918 530 1694 573">
    <p class='ocr_par' dir='ltr' id='par_1_55' title="bbox 918 530 1694 573">
     <span class='ocr_line' id='line_1_55' title="bbox 918 530 1694 573; baseline 0.013 -18"><span class='ocrx_word' id='word_1_354' title='bbox 918 533 1006 556; x_wconf 91' lang='lat' dir='ltr'><strong>autem</strong></span> <span class='ocrx_word' id='word_1_355' title='bbox 1034 530 1060 556; x_wconf 92' lang='lat' dir='ltr'><strong>in</strong></span> <span class='ocrx_word' id='word_1_356' title='bbox 1093 530 1255 559; x_wconf 78' lang='lat' dir='ltr'><strong>atlnotandis</strong></span> <span class='ocrx_word' id='word_1_357' title='bbox 1281 533 1400 560; x_wconf 87' lang='lat' dir='ltr'><strong>numeris</strong></span> <span class='ocrx_word' id='word_1_358' title='bbox 1425 535 1552 568; x_wconf 85' lang='lat' dir='ltr'><strong>proclivis</strong></span> <span class='ocrx_word' id='word_1_359' title='bbox 1587 536 1694 573; x_wconf 88' lang='lat' dir='ltr'><strong>lapsus,</strong></span> 
     </span>
    </p>
   </div>
   <div class='ocr_carea' id='block_1_56' title="bbox 917 575 1693 617">
    <p class='ocr_par' dir='ltr' id='par_1_56' title="bbox 917 575 1693 617">
     <span class='ocr_line' id='line_1_56' title="bbox 917 575 1693 617; baseline 0.01 -15"><span class='ocrx_word' id='word_1_360' title='bbox 917 575 1068 609; x_wconf 87' lang='lat' dir='ltr'><strong>promptius</strong></span> <span class='ocrx_word' id='word_1_361' title='bbox 1085 580 1126 603; x_wconf 89' lang='lat' dir='ltr'><strong>est</strong></span> <span class='ocrx_word' id='word_1_362' title='bbox 1140 577 1270 612; x_wconf 87' lang='lat' dir='ltr'><strong>suspicari</strong></span> <span class='ocrx_word' id='word_1_363' title='bbox 1286 583 1441 613; x_wconf 88' lang='lat' dir='ltr'><strong>corruptum</strong></span> <span class='ocrx_word' id='word_1_364' title='bbox 1464 588 1606 609; x_wconf 89' lang='lat' dir='ltr'><strong>numerum</strong></span> <span class='ocrx_word' id='word_1_365' title='bbox 1623 584 1693 617; x_wconf 83' lang='lat' dir='ltr'><strong>apud</strong></span> 
     </span>
    </p>
   </div>
   <div class='ocr_carea' id='block_1_57' title="bbox 916 621 1694 663">
    <p class='ocr_par' dir='ltr' id='par_1_57' title="bbox 916 621 1694 663">
     <span class='ocr_line' id='line_1_57' title="bbox 916 621 1694 663; baseline 0.013 -16"><span class='ocrx_word' id='word_1_366' title='bbox 916 621 1061 656; x_wconf 83' lang='lat' dir='ltr'><strong>scriptores</strong></span> <span class='ocrx_word' id='word_1_367' title='bbox 1077 622 1145 654; x_wconf 91' lang='lat' dir='ltr'><strong>illos,</strong></span> <span class='ocrx_word' id='word_1_368' title='bbox 1163 631 1244 658; x_wconf 85' lang='lat' dir='ltr'><strong>quam</strong></span> <span class='ocrx_word' id='word_1_369' title='bbox 1270 625 1339 658; x_wconf 90' lang='lat' dir='ltr'><strong>apud</strong></span> <span class='ocrx_word' id='word_1_370' title='bbox 1359 624 1507 653; x_wconf 86' lang='lat' dir='ltr'><strong>Palladium</strong></span> <span class='ocrx_word' id='word_1_371' title='bbox 1523 628 1567 662; x_wconf 89' lang='lat' dir='ltr'><strong>qui</strong></span> <span class='ocrx_word' id='word_1_372' title='bbox 1587 631 1694 663; x_wconf 84' lang='lat' dir='ltr'><strong>paucio-</strong></span> 
     </span>
    </p>
   </div>
   <div class='ocr_carea' id='block_1_58' title="bbox 916 668 1694 704">
    <p class='ocr_par' dir='ltr' id='par_1_58' title="bbox 916 668 1694 704">
     <span class='ocr_line' id='line_1_58' title="bbox 916 668 1694 704; baseline 0.012 -11"><span class='ocrx_word' id='word_1_373' title='bbox 916 674 958 694; x_wconf 88' lang='lat' dir='ltr'><strong>res</strong></span> <span class='ocrx_word' id='word_1_374' title='bbox 970 675 1049 701; x_wconf 88' lang='lat' dir='ltr'><strong>quam</strong></span> <span class='ocrx_word' id='word_1_375' title='bbox 1063 668 1250 704; x_wconf 75' lang='lat' dir='ltr'><strong>quadringinta</strong></span> <span class='ocrx_word' id='word_1_376' title='bbox 1277 670 1427 704; x_wconf 87' lang='lat' dir='ltr'><strong>Theophilo</strong></span> <span class='ocrx_word' id='word_1_377' title='bbox 1458 672 1576 700; x_wconf 81' lang='lat' dir='ltr'><strong>adfuisse</strong></span> <span class='ocrx_word' id='word_1_378' title='bbox 1594 674 1694 703; x_wconf 89' lang='lat' dir='ltr'><strong>diserte</strong></span> 
     </span>
    </p>
   </div>
   <div class='ocr_carea' id='block_1_59' title="bbox 916 713 1692 750">
    <p class='ocr_par' dir='ltr' id='par_1_59' title="bbox 916 713 1692 750">
     <span class='ocr_line' id='line_1_59' title="bbox 916 713 1692 750; baseline 0.01 -11"><span class='ocrx_word' id='word_1_379' title='bbox 916 713 1022 740; x_wconf 88' lang='lat' dir='ltr'><strong>asserit.</strong></span> <span class='ocrx_word' id='word_1_380' title='bbox 1039 713 1137 740; x_wconf 88' lang='lat' dir='ltr'><strong>Statim</strong></span> <span class='ocrx_word' id='word_1_381' title='bbox 1153 714 1250 742; x_wconf 86' lang='lat' dir='ltr'><strong>adesse</strong></span> <span class='ocrx_word' id='word_1_382' title='bbox 1262 714 1371 749; x_wconf 87' lang='lat' dir='ltr'><strong>jubetur</strong></span> <span class='ocrx_word' id='word_1_383' title='bbox 1382 715 1511 750; x_wconf 81' lang='lat' dir='ltr'><strong>Joannes,</strong></span> <span class='ocrx_word' id='word_1_384' title='bbox 1525 723 1549 745; x_wconf 93' lang='lat' dir='ltr'><strong>el</strong></span> <span class='ocrx_word' id='word_1_385' title='bbox 1563 719 1596 746; x_wconf 90' lang='lat' dir='ltr'><strong>ad</strong></span> <span class='ocrx_word' id='word_1_386' title='bbox 1612 727 1692 747; x_wconf 89' lang='lat' dir='ltr'><strong>accu-</strong></span> 
     </span>
    </p>
   </div>
   <div class='ocr_carea' id='block_1_60' title="bbox 887 758 1695 804">
    <p class='ocr_par' dir='ltr' id='par_1_60' title="bbox 887 758 1695 804">
     <span class='ocr_line' id='line_1_60' title="bbox 887 758 1695 804; baseline 0.009 -18"><span class='ocrx_word' id='word_1_387' title='bbox 887 774 902 786; x_wconf 97' lang='lat'><strong>-.</strong></span> <span class='ocrx_word' id='word_1_388' title='bbox 915 758 1035 786; x_wconf 82' lang='lat' dir='ltr'><strong>sationes</strong></span> <span class='ocrx_word' id='word_1_389' title='bbox 1052 760 1224 793; x_wconf 87' lang='lat' dir='ltr'><strong>respondere,</strong></span> <span class='ocrx_word' id='word_1_390' title='bbox 1240 769 1347 804; x_wconf 68' lang='lat' dir='ltr'><strong>unaque</strong></span> <span class='ocrx_word' id='word_1_391' title='bbox 1364 770 1425 790; x_wconf 90' lang='lat' dir='ltr'><strong>cum</strong></span> <span class='ocrx_word' id='word_1_392' title='bbox 1446 770 1478 790; x_wconf 90' lang='lat' dir='ltr'><strong>eo</strong></span> <span class='ocrx_word' id='word_1_393' title='bbox 1502 763 1645 800; x_wconf 88' lang='lat' dir='ltr'><strong>Serapion,</strong></span> <span class='ocrx_word' id='word_1_394' title='bbox 1668 771 1695 794; x_wconf 91' lang='lat' dir='ltr'><strong>et</strong></span> 
     </span>
    </p>
   </div>
   <div class='ocr_carea' id='block_1_61' title="bbox 915 803 1695 843">
    <p class='ocr_par' dir='ltr' id='par_1_61' title="bbox 915 803 1695 843">
     <span class='ocr_line' id='line_1_61' title="bbox 915 803 1695 843; baseline 0.01 -13"><span class='ocrx_word' id='word_1_395' title='bbox 915 803 1002 838; x_wconf 81' lang='lat' dir='ltr'><strong>Tigris</strong></span> <span class='ocrx_word' id='word_1_396' title='bbox 1019 805 1157 833; x_wconf 89' lang='lat' dir='ltr'><strong>eunuchus</strong></span> <span class='ocrx_word' id='word_1_397' title='bbox 1178 803 1343 842; x_wconf 78' lang='lat' dir='ltr'><strong>presbyteri,</strong></span> <span class='ocrx_word' id='word_1_398' title='bbox 1379 813 1405 835; x_wconf 94' lang='lat' dir='ltr'><strong>et</strong></span> <span class='ocrx_word' id='word_1_399' title='bbox 1427 807 1525 836; x_wconf 84' lang='lat' dir='ltr'><strong>Paulus</strong></span> <span class='ocrx_word' id='word_1_400' title='bbox 1544 809 1641 843; x_wconf 88' lang='lat' dir='ltr'><strong>lector;</strong></span> <span class='ocrx_word' id='word_1_401' title='bbox 1658 811 1695 838; x_wconf 86' lang='lat' dir='ltr'><strong>si-</strong></span> 
     </span>
    </p>
   </div>
   <div class='ocr_carea' id='block_1_62' title="bbox 914 850 1692 888">
    <p class='ocr_par' dir='ltr' id='par_1_62' title="bbox 914 850 1692 888">
     <span class='ocr_line' id='line_1_62' title="bbox 914 850 1692 888; baseline 0.01 -12"><span class='ocrx_word' id='word_1_402' title='bbox 914 850 970 877; x_wconf 93' lang='lat' dir='ltr'><strong>mul</strong></span> <span class='ocrx_word' id='word_1_403' title='bbox 985 850 1140 878; x_wconf 88' lang='lat' dir='ltr'><strong>universuttt</strong></span> <span class='ocrx_word' id='word_1_404' title='bbox 1163 851 1291 879; x_wconf 87' lang='lat' dir='ltr'><strong>Ecclesiae</strong></span> <span class='ocrx_word' id='word_1_405' title='bbox 1309 852 1615 888; x_wconf 66' lang='lat' dir='ltr'><strong>Constantinopolitanae:</strong></span> <span class='ocrx_word' id='word_1_406' title='bbox 1637 856 1692 884; x_wconf 92' lang='lat' dir='ltr'><strong>cle-</strong></span> 
     </span>
    </p>
   </div>
   <div class='ocr_carea' id='block_1_63' title="bbox 913 896 1691 936">
    <p class='ocr_par' dir='ltr' id='par_1_63' title="bbox 913 896 1691 936">
     <span class='ocr_line' id='line_1_63' title="bbox 913 896 1691 936; baseline 0.009 -15"><span class='ocrx_word' id='word_1_407' title='bbox 913 903 973 922; x_wconf 87' lang='lat' dir='ltr'><strong>rum</strong></span> <span class='ocrx_word' id='word_1_408' title='bbox 988 896 1107 931; x_wconf 89' lang='lat' dir='ltr'><strong>synodus</strong></span> <span class='ocrx_word' id='word_1_409' title='bbox 1120 897 1247 924; x_wconf 87' lang='lat' dir='ltr'><strong>accersit.</strong></span> <span class='ocrx_word' id='word_1_410' title='bbox 1261 897 1389 930; x_wconf 81' lang='lat' dir='ltr'><strong>Quamvis</strong></span> <span class='ocrx_word' id='word_1_411' title='bbox 1406 904 1495 926; x_wconf 91' lang='lat' dir='ltr'><strong>autem</strong></span> <span class='ocrx_word' id='word_1_412' title='bbox 1514 898 1610 927; x_wconf 84' lang='lat' dir='ltr'><strong>Joanni</strong></span> <span class='ocrx_word' id='word_1_413' title='bbox 1628 909 1691 936; x_wconf 85' lang='lat' dir='ltr'><strong>qua-</strong></span> 
     </span>
    </p>
   </div>
   <div class='ocr_carea' id='block_1_64' title="bbox 912 940 1688 977">
    <p class='ocr_par' dir='ltr' id='par_1_64' title="bbox 912 940 1688 977">
     <span class='ocr_line' id='line_1_64' title="bbox 912 940 1688 977; baseline 0.009 -10"><span class='ocrx_word' id='word_1_414' title='bbox 912 940 1034 975; x_wconf 82' lang='lat' dir='ltr'><strong>dragiuta</strong></span> <span class='ocrx_word' id='word_1_415' title='bbox 1046 942 1206 970; x_wconf 82' lang='lat' dir='ltr'><strong>assisterent</strong></span> <span class='ocrx_word' id='word_1_416' title='bbox 1219 943 1347 977; x_wconf 84' lang='lat' dir='ltr'><strong>episcopi,</strong></span> <span class='ocrx_word' id='word_1_417' title='bbox 1363 951 1416 970; x_wconf 90' lang='lat' dir='ltr'><strong>non</strong></span> <span class='ocrx_word' id='word_1_418' title='bbox 1431 944 1531 972; x_wconf 86' lang='lat' dir='ltr'><strong>idcirco</strong></span> <span class='ocrx_word' id='word_1_419' title='bbox 1549 949 1639 973; x_wconf 87' lang='lat' dir='ltr'><strong>tamen</strong></span> <span class='ocrx_word' id='word_1_420' title='bbox 1653 947 1688 974; x_wconf 88' lang='lat' dir='ltr'><strong>ad</strong></span> 
     </span>
    </p>
   </div>
   <div class='ocr_carea' id='block_1_65' title="bbox 911 985 1690 1021">
    <p class='ocr_par' dir='ltr' id='par_1_65' title="bbox 911 985 1690 1021">
     <span class='ocr_line' id='line_1_65' title="bbox 911 985 1690 1021; baseline 0.01 -10"><span class='ocrx_word' id='word_1_421' title='bbox 911 985 1047 1018; x_wconf 88' lang='lat' dir='ltr'><strong>Quercum</strong></span> <span class='ocrx_word' id='word_1_422' title='bbox 1071 994 1180 1014; x_wconf 88' lang='lat' dir='ltr'><strong>causam</strong></span> <span class='ocrx_word' id='word_1_423' title='bbox 1203 987 1325 1015; x_wconf 89' lang='lat' dir='ltr'><strong>dicturus</strong></span> <span class='ocrx_word' id='word_1_424' title='bbox 1351 989 1445 1016; x_wconf 86' lang='lat' dir='ltr'><strong>adesse</strong></span> <span class='ocrx_word' id='word_1_425' title='bbox 1472 991 1639 1021; x_wconf 83' lang='lat' dir='ltr'><strong>recusabat:</strong></span> <span class='ocrx_word' id='word_1_426' title='bbox 1667 992 1690 1020; x_wconf 90' lang='lat' dir='ltr'><strong>si</strong></span> 
     </span>
    </p>
   </div>
   <div class='ocr_carea' id='block_1_66' title="bbox 910 1030 1689 1069">
    <p class='ocr_par' dir='ltr' id='par_1_66' title="bbox 910 1030 1689 1069">
     <span class='ocr_line' id='line_1_66' title="bbox 910 1030 1689 1069; baseline 0.008 -13"><span class='ocrx_word' id='word_1_427' title='bbox 910 1030 989 1057; x_wconf 90' lang='lat' dir='ltr'><strong>modo</strong></span> <span class='ocrx_word' id='word_1_428' title='bbox 1003 1037 1037 1057; x_wconf 80' lang='lat' dir='ltr'><strong>ex</strong></span> <span class='ocrx_word' id='word_1_429' title='bbox 1072 1031 1220 1059; x_wconf 83' lang='lat' dir='ltr'><strong>antistitum</strong></span> <span class='ocrx_word' id='word_1_430' title='bbox 1241 1041 1352 1061; x_wconf 91' lang='lat' dir='ltr'><strong>numero</strong></span> <span class='ocrx_word' id='word_1_431' title='bbox 1365 1038 1481 1068; x_wconf 91' lang='lat' dir='ltr'><strong>quatuor</strong></span> <span class='ocrx_word' id='word_1_432' title='bbox 1497 1035 1689 1069; x_wconf 88' lang='lat' dir='ltr'><strong>eximerentur,</strong></span> 
     </span>
    </p>
   </div>
   <div class='ocr_carea' id='block_1_67' title="bbox 909 1075 1691 1114">
    <p class='ocr_par' dir='ltr' id='par_1_67' title="bbox 909 1075 1691 1114">
     <span class='ocr_line' id='line_1_67' title="bbox 909 1075 1691 1114; baseline 0.009 -12"><span class='ocrx_word' id='word_1_433' title='bbox 909 1075 1007 1103; x_wconf 90' lang='lat' dir='ltr'><strong>merito</strong></span> <span class='ocrx_word' id='word_1_434' title='bbox 1021 1076 1072 1104; x_wconf 88' lang='lat' dir='ltr'><strong>sibi</strong></span> <span class='ocrx_word' id='word_1_435' title='bbox 1087 1077 1140 1105; x_wconf 88' lang='lat' dir='ltr'><strong>odii</strong></span> <span class='ocrx_word' id='word_1_436' title='bbox 1154 1082 1181 1105; x_wconf 92' lang='lat' dir='ltr'><strong>et</strong></span> <span class='ocrx_word' id='word_1_437' title='bbox 1195 1078 1395 1107; x_wconf 88' lang='lat' dir='ltr'><strong>inimicitiarum</strong></span> <span class='ocrx_word' id='word_1_438' title='bbox 1423 1081 1568 1114; x_wconf 53' lang='lat' dir='ltr'><strong>suspecti;</strong></span> <span class='ocrx_word' id='word_1_439' title='bbox 1593 1080 1634 1108; x_wconf 91' lang='lat' dir='ltr'><strong>sin</strong></span> <span class='ocrx_word' id='word_1_440' title='bbox 1654 1081 1691 1109; x_wconf 94' lang='lat' dir='ltr'><strong>ul-</strong></span> 
     </span>
    </p>
   </div>
   <div class='ocr_carea' id='block_1_68' title="bbox 910 1121 1690 1162">
    <p class='ocr_par' dir='ltr' id='par_1_68' title="bbox 910 1121 1690 1162">
     <span class='ocr_line' id='line_1_68' title="bbox 910 1121 1690 1162; baseline 0.006 -14"><span class='ocrx_word' id='word_1_441' title='bbox 910 1121 993 1148; x_wconf 86' lang='lat' dir='ltr'><strong>terius</strong></span> <span class='ocrx_word' id='word_1_442' title='bbox 1011 1124 1220 1157; x_wconf 86' lang='lat' dir='ltr'><strong>pertenderent,</strong></span> <span class='ocrx_word' id='word_1_443' title='bbox 1235 1125 1365 1159; x_wconf 88' lang='lat' dir='ltr'><strong>synodum</strong></span> <span class='ocrx_word' id='word_1_444' title='bbox 1386 1126 1580 1153; x_wconf 75' lang='lat' dir='ltr'><strong>cecumenicam</strong></span> <span class='ocrx_word' id='word_1_445' title='bbox 1598 1127 1690 1162; x_wconf 86' lang='lat' dir='ltr'><strong>appel-</strong></span> 
     </span>
    </p>
   </div>
   <div class='ocr_carea' id='block_1_69' title="bbox 909 1165 1689 1206">
    <p class='ocr_par' dir='ltr' id='par_1_69' title="bbox 909 1165 1689 1206">
     <span class='ocr_line' id='line_1_69' title="bbox 909 1165 1689 1206; baseline 0.009 -13"><span class='ocrx_word' id='word_1_446' title='bbox 909 1165 966 1194; x_wconf 86' lang='lat' dir='ltr'><strong>lare</strong></span> <span class='ocrx_word' id='word_1_447' title='bbox 976 1174 1005 1195; x_wconf 88' lang='lat' dir='ltr'><strong>se</strong></span> <span class='ocrx_word' id='word_1_448' title='bbox 1018 1168 1216 1196; x_wconf 85' lang='lat' dir='ltr'><strong>obtestabatur.</strong></span> <span class='ocrx_word' id='word_1_449' title='bbox 1233 1170 1337 1203; x_wconf 88' lang='lat' dir='ltr'><strong>Quibus</strong></span> <span class='ocrx_word' id='word_1_450' title='bbox 1355 1170 1465 1204; x_wconf 84' lang='lat' dir='ltr'><strong>auditis,</strong></span> <span class='ocrx_word' id='word_1_451' title='bbox 1485 1177 1582 1206; x_wconf 87' lang='lat' dir='ltr'><strong>quater</strong></span> <span class='ocrx_word' id='word_1_452' title='bbox 1594 1180 1626 1200; x_wconf 89' lang='lat' dir='ltr'><strong>eo</strong></span> <span class='ocrx_word' id='word_1_453' title='bbox 1641 1180 1689 1200; x_wconf 90' lang='lat' dir='ltr'><strong>vo-</strong></span> 
     </span>
    </p>
   </div>
   <div class='ocr_carea' id='block_1_70' title="bbox 907 1215 1689 1250">
    <p class='ocr_par' dir='ltr' id='par_1_70' title="bbox 907 1215 1689 1250">
     <span class='ocr_line' id='line_1_70' title="bbox 907 1215 1689 1250; baseline 0.006 -9"><span class='ocrx_word' id='word_1_454' title='bbox 907 1218 980 1247; x_wconf 87' lang='lat' dir='ltr'><strong>cato,</strong></span> <span class='ocrx_word' id='word_1_455' title='bbox 1004 1215 1153 1250; x_wconf 85' lang='lat' dir='ltr'><strong>eademque</strong></span> <span class='ocrx_word' id='word_1_456' title='bbox 1174 1217 1332 1250; x_wconf 78' lang='lat' dir='ltr'><strong>exceptione</strong></span> <span class='ocrx_word' id='word_1_457' title='bbox 1359 1225 1418 1250; x_wconf 86' lang='lat' dir='ltr'><strong>uso,</strong></span> <span class='ocrx_word' id='word_1_458' title='bbox 1444 1217 1478 1245; x_wconf 89' lang='lat' dir='ltr'><strong>ad</strong></span> <span class='ocrx_word' id='word_1_459' title='bbox 1501 1218 1689 1247; x_wconf 75' lang='lat' dir='ltr'><strong>accusationes</strong></span> 
     </span>
    </p>
   </div>
   <div class='ocr_carea' id='block_1_71' title="bbox 907 1262 1686 1301">
    <p class='ocr_par' dir='ltr' id='par_1_71' title="bbox 907 1262 1686 1301">
     <span class='ocr_line' id='line_1_71' title="bbox 907 1262 1686 1301; baseline 0.005 -12"><span class='ocrx_word' id='word_1_460' title='bbox 907 1262 1015 1289; x_wconf 88' lang='lat' dir='ltr'><strong>tandem</strong></span> <span class='ocrx_word' id='word_1_461' title='bbox 1039 1262 1229 1297; x_wconf 74' lang='lat' dir='ltr'><strong>expendendas</strong></span> <span class='ocrx_word' id='word_1_462' title='bbox 1250 1263 1370 1290; x_wconf 91' lang='lat' dir='ltr'><strong>animum</strong></span> <span class='ocrx_word' id='word_1_463' title='bbox 1393 1263 1570 1297; x_wconf 78' lang='lat' dir='ltr'><strong>Quercetana:</strong></span> <span class='ocrx_word' id='word_1_464' title='bbox 1590 1265 1686 1301; x_wconf 87' lang='lat' dir='ltr'><strong>synodi</strong></span> 
     </span>
    </p>
   </div>
   <div class='ocr_carea' id='block_1_72' title="bbox 906 1307 1219 1342">
    <p class='ocr_par' dir='ltr' id='par_1_72' title="bbox 906 1307 1219 1342">
     <span class='ocr_line' id='line_1_72' title="bbox 906 1307 1219 1342; baseline 0.006 -9"><span class='ocrx_word' id='word_1_465' title='bbox 906 1307 1034 1342; x_wconf 61' lang='lat' dir='ltr'><strong>praesules</strong></span> <span class='ocrx_word' id='word_1_466' title='bbox 1048 1308 1219 1342; x_wconf 85' lang='lat' dir='ltr'><strong>appulerunt.</strong></span> 
     </span>
    </p>
   </div>
   <div class='ocr_carea' id='block_1_73' title="bbox 941 1353 1688 1391">
    <p class='ocr_par' dir='ltr' id='par_1_73' title="bbox 941 1353 1688 1391">
     <span class='ocr_line' id='line_1_73' title="bbox 941 1353 1688 1391; baseline 0.005 -11"><span class='ocrx_word' id='word_1_467' title='bbox 941 1353 1011 1380; x_wconf 79' lang='lat' dir='ltr'><strong>XVI.</strong></span> <span class='ocrx_word' id='word_1_468' title='bbox 1033 1353 1092 1381; x_wconf 87' lang='lat' dir='ltr'><strong>Non</strong></span> <span class='ocrx_word' id='word_1_469' title='bbox 1116 1361 1160 1381; x_wconf 87' lang='lat' dir='ltr'><strong>res</strong></span> <span class='ocrx_word' id='word_1_470' title='bbox 1185 1353 1240 1381; x_wconf 91' lang='lat' dir='ltr'><strong>illic</strong></span> <span class='ocrx_word' id='word_1_471' title='bbox 1262 1361 1295 1380; x_wconf 88' lang='lat' dir='ltr'><strong>ex</strong></span> <span class='ocrx_word' id='word_1_472' title='bbox 1316 1361 1394 1389; x_wconf 57' lang='lat' dir='ltr'><strong>aequo</strong></span> <span class='ocrx_word' id='word_1_473' title='bbox 1413 1361 1557 1390; x_wconf 77' lang='lat' dir='ltr'><strong>expensas,</strong></span> <span class='ocrx_word' id='word_1_474' title='bbox 1577 1356 1623 1383; x_wconf 78' lang='lat' dir='ltr'><strong>Sed</strong></span> <span class='ocrx_word' id='word_1_475' title='bbox 1638 1363 1688 1391; x_wconf 87' lang='lat' dir='ltr'><strong>per</strong></span> 
     </span>
    </p>
   </div>
   <div class='ocr_carea' id='block_1_74' title="bbox 904 1399 1686 1437">
    <p class='ocr_par' dir='ltr' id='par_1_74' title="bbox 904 1399 1686 1437">
     <span class='ocr_line' id='line_1_74' title="bbox 904 1399 1686 1437; baseline 0.005 -11"><span class='ocrx_word' id='word_1_476' title='bbox 904 1399 1096 1427; x_wconf 89' lang='lat' dir='ltr'><strong>contumeliam</strong></span> <span class='ocrx_word' id='word_1_477' title='bbox 1115 1404 1142 1427; x_wconf 91' lang='lat' dir='ltr'><strong>et</strong></span> <span class='ocrx_word' id='word_1_478' title='bbox 1156 1399 1296 1427; x_wconf 85' lang='lat' dir='ltr'><strong>maledicta</strong></span> <span class='ocrx_word' id='word_1_479' title='bbox 1322 1399 1406 1428; x_wconf 84' lang='lat' dir='ltr'><strong>fuisse</strong></span> <span class='ocrx_word' id='word_1_480' title='bbox 1427 1407 1516 1436; x_wconf 79' lang='lat' dir='ltr'><strong>gestas</strong></span> <span class='ocrx_word' id='word_1_481' title='bbox 1540 1404 1686 1437; x_wconf 89' lang='lat' dir='ltr'><strong>scriptores</strong></span> 
     </span>
    </p>
   </div>
   <div class='ocr_carea' id='block_1_75' title="bbox 905 1444 1686 1480">
    <p class='ocr_par' dir='ltr' id='par_1_75' title="bbox 905 1444 1686 1480">
     <span class='ocr_line' id='line_1_75' title="bbox 905 1444 1686 1480; baseline 0.004 -8"><span class='ocrx_word' id='word_1_482' title='bbox 905 1445 1025 1472; x_wconf 90' lang='lat' dir='ltr'><strong>tradunt.</strong></span> <span class='ocrx_word' id='word_1_483' title='bbox 1041 1444 1074 1472; x_wconf 88' lang='lat' dir='ltr'><strong>Et</strong></span> <span class='ocrx_word' id='word_1_484' title='bbox 1089 1450 1144 1473; x_wconf 88' lang='lat' dir='ltr'><strong>tres</strong></span> <span class='ocrx_word' id='word_1_485' title='bbox 1155 1446 1265 1480; x_wconf 89' lang='lat' dir='ltr'><strong>quidem</strong></span> <span class='ocrx_word' id='word_1_486' title='bbox 1285 1446 1504 1474; x_wconf 85' lang='lat' dir='ltr'><strong>criminationum</strong></span> <span class='ocrx_word' id='word_1_487' title='bbox 1525 1447 1629 1475; x_wconf 89' lang='lat' dir='ltr'><strong>libellos</strong></span> <span class='ocrx_word' id='word_1_488' title='bbox 1652 1449 1686 1476; x_wconf 89' lang='lat' dir='ltr'><strong>ad</strong></span> 
     </span>
    </p>
   </div>
   <div class='ocr_carea' id='block_1_76' title="bbox 903 1491 1683 1521">
    <p class='ocr_par' dir='ltr' id='par_1_76' title="bbox 903 1491 1683 1521">
     <span class='ocr_line' id='line_1_76' title="bbox 903 1491 1683 1521; baseline 0.004 -3"><span class='ocrx_word' id='word_1_489' title='bbox 903 1491 1109 1518; x_wconf 84' lang='lat' dir='ltr'><strong>conciliabulum</strong></span> <span class='ocrx_word' id='word_1_490' title='bbox 1140 1491 1242 1518; x_wconf 86' lang='lat' dir='ltr'><strong>delatos</strong></span> <span class='ocrx_word' id='word_1_491' title='bbox 1259 1498 1472 1519; x_wconf 90' lang='lat' dir='ltr'><strong>commemorant</strong></span> <span class='ocrx_word' id='word_1_492' title='bbox 1499 1497 1558 1520; x_wconf 90' lang='lat' dir='ltr'><strong>acta</strong></span> <span class='ocrx_word' id='word_1_493' title='bbox 1583 1494 1653 1521; x_wconf 89' lang='lat' dir='ltr'><strong>illius</strong></span> <span class='ocrx_word' id='word_1_494' title='bbox 1668 1501 1683 1521; x_wconf 85' lang='lat' dir='ltr'><strong>a</strong></span> 
     </span>
    </p>
   </div>
   <div class='ocr_carea' id='block_1_77' title="bbox 905 1536 1684 1571">
    <p class='ocr_par' dir='ltr' id='par_1_77' title="bbox 905 1536 1684 1571">
     <span class='ocr_line' id='line_1_77' title="bbox 905 1536 1684 1571; baseline 0.003 -8"><span class='ocrx_word' id='word_1_495' title='bbox 905 1536 1000 1564; x_wconf 83' lang='lat' dir='ltr'><strong>Photio</strong></span> <span class='ocrx_word' id='word_1_496' title='bbox 1011 1537 1145 1569; x_wconf 80' lang='lat' dir='ltr'><strong>exhibita,</strong></span> <span class='ocrx_word' id='word_1_497' title='bbox 1164 1541 1190 1564; x_wconf 91' lang='lat' dir='ltr'><strong>et</strong></span> <span class='ocrx_word' id='word_1_498' title='bbox 1214 1537 1240 1563; x_wconf 96' lang='lat' dir='ltr'><strong>in</strong></span> <span class='ocrx_word' id='word_1_499' title='bbox 1259 1536 1324 1564; x_wconf 90' lang='lat' dir='ltr'><strong>Jure</strong></span> <span class='ocrx_word' id='word_1_500' title='bbox 1338 1536 1570 1566; x_wconf 67' lang='lat' dir='ltr'><strong>Graeco-Romano</strong></span> <span class='ocrx_word' id='word_1_501' title='bbox 1589 1538 1684 1571; x_wconf 83' lang='lat' dir='ltr'><strong>relata,</strong></span> 
     </span>
    </p>
   </div>
   <div class='ocr_carea' id='block_1_78' title="bbox 904 1581 1683 1615">
    <p class='ocr_par' dir='ltr' id='par_1_78' title="bbox 904 1581 1683 1615">
     <span class='ocr_line' id='line_1_78' title="bbox 904 1581 1683 1615; baseline 0.005 -8"><span class='ocrx_word' id='word_1_502' title='bbox 904 1582 975 1615; x_wconf 92' lang='lat' dir='ltr'><strong>quod</strong></span> <span class='ocrx_word' id='word_1_503' title='bbox 992 1582 1076 1608; x_wconf 89' lang='lat' dir='ltr'><strong>edidit</strong></span> <span class='ocrx_word' id='word_1_504' title='bbox 1091 1581 1280 1608; x_wconf 86' lang='lat' dir='ltr'><strong>Leunciavius.</strong></span> <span class='ocrx_word' id='word_1_505' title='bbox 1302 1581 1424 1609; x_wconf 86' lang='lat' dir='ltr'><strong>Priorem</strong></span> <span class='ocrx_word' id='word_1_506' title='bbox 1446 1583 1545 1610; x_wconf 87' lang='lat' dir='ltr'><strong>obtulit</strong></span> <span class='ocrx_word' id='word_1_507' title='bbox 1566 1583 1683 1612; x_wconf 85' lang='lat' dir='ltr'><strong>Joannes</strong></span> 
     </span>
    </p>
   </div>
   <div class='ocr_carea' id='block_1_79' title="bbox 903 1626 1681 1662">
    <p class='ocr_par' dir='ltr' id='par_1_79' title="bbox 903 1626 1681 1662">
     <span class='ocr_line' id='line_1_79' title="bbox 903 1626 1681 1662; baseline 0.004 -9"><span class='ocrx_word' id='word_1_508' title='bbox 903 1626 1086 1662; x_wconf 87' lang='lat' dir='ltr'><strong>Chrysostomi</strong></span> <span class='ocrx_word' id='word_1_509' title='bbox 1104 1627 1244 1658; x_wconf 83' lang='lat' dir='ltr'><strong>diaconus,</strong></span> <span class='ocrx_word' id='word_1_510' title='bbox 1261 1627 1355 1660; x_wconf 78' lang='lat' dir='ltr'><strong>viginti</strong></span> <span class='ocrx_word' id='word_1_511' title='bbox 1369 1635 1465 1654; x_wconf 89' lang='lat' dir='ltr'><strong>novem</strong></span> <span class='ocrx_word' id='word_1_512' title='bbox 1479 1629 1681 1656; x_wconf 88' lang='lat' dir='ltr'><strong>accusationum</strong></span> 
     </span>
    </p>
   </div>
   <div class='ocr_carea' id='block_1_80' title="bbox 902 1672 1680 1707">
    <p class='ocr_par' dir='ltr' id='par_1_80' title="bbox 902 1672 1680 1707">
     <span class='ocr_line' id='line_1_80' title="bbox 902 1672 1680 1707; baseline 0.001 -7"><span class='ocrx_word' id='word_1_513' title='bbox 902 1672 1034 1707; x_wconf 88' lang='lat' dir='ltr'><strong>capitibus</strong></span> <span class='ocrx_word' id='word_1_514' title='bbox 1060 1672 1187 1700; x_wconf 86' lang='lat' dir='ltr'><strong>refertum</strong></span> <span class='ocrx_word' id='word_1_515' title='bbox 1208 1679 1216 1704; x_wconf 86' lang='lat'>;</span> <span class='ocrx_word' id='word_1_516' title='bbox 1235 1672 1350 1698; x_wconf 88' lang='lat' dir='ltr'><strong>alterum</strong></span> <span class='ocrx_word' id='word_1_517' title='bbox 1374 1672 1497 1700; x_wconf 87' lang='lat' dir='ltr'><strong>Joannes</strong></span> <span class='ocrx_word' id='word_1_518' title='bbox 1523 1674 1680 1707; x_wconf 89' lang='lat' dir='ltr'><strong>monachus,</strong></span> 
     </span>
    </p>
   </div>
   <div class='ocr_carea' id='block_1_81' title="bbox 902 1717 1679 1753">
    <p class='ocr_par' dir='ltr' id='par_1_81' title="bbox 902 1717 1679 1753">
     <span class='ocr_line' id='line_1_81' title="bbox 902 1717 1679 1753; baseline 0.001 -8"><span class='ocrx_word' id='word_1_519' title='bbox 902 1726 955 1753; x_wconf 87' lang='lat' dir='ltr'><strong>quo</strong></span> <span class='ocrx_word' id='word_1_520' title='bbox 979 1718 1134 1745; x_wconf 81' lang='lat' dir='ltr'><strong>Heraclides</strong></span> <span class='ocrx_word' id='word_1_521' title='bbox 1154 1717 1315 1751; x_wconf 81' lang='lat' dir='ltr'><strong>Origeuismi</strong></span> <span class='ocrx_word' id='word_1_522' title='bbox 1341 1725 1373 1745; x_wconf 90' lang='lat' dir='ltr'><strong>ac</strong></span> <span class='ocrx_word' id='word_1_523' title='bbox 1395 1718 1459 1745; x_wconf 87' lang='lat' dir='ltr'><strong>l‘urti</strong></span> <span class='ocrx_word' id='word_1_524' title='bbox 1482 1720 1679 1752; x_wconf 84' lang='lat' dir='ltr'><strong>arcessebatur,</strong></span> 
     </span>
    </p>
   </div>
   <div class='ocr_carea' id='block_1_82' title="bbox 900 1763 1681 1800">
    <p class='ocr_par' dir='ltr' id='par_1_82' title="bbox 900 1763 1681 1800">
     <span class='ocr_line' id='line_1_82' title="bbox 900 1763 1681 1800; baseline 0.001 -8"><span class='ocrx_word' id='word_1_525' title='bbox 900 1764 1093 1800; x_wconf 87' lang='lat' dir='ltr'><strong>Chrysostomo</strong></span> <span class='ocrx_word' id='word_1_526' title='bbox 1116 1771 1181 1790; x_wconf 90' lang='lat' dir='ltr'><strong>vero</strong></span> <span class='ocrx_word' id='word_1_527' title='bbox 1205 1763 1313 1790; x_wconf 88' lang='lat' dir='ltr'><strong>crimini</strong></span> <span class='ocrx_word' id='word_1_528' title='bbox 1329 1765 1454 1797; x_wconf 84' lang='lat' dir='ltr'><strong>dabatur,</strong></span> <span class='ocrx_word' id='word_1_529' title='bbox 1470 1765 1540 1799; x_wconf 89' lang='lat' dir='ltr'><strong>quod</strong></span> <span class='ocrx_word' id='word_1_530' title='bbox 1559 1764 1681 1793; x_wconf 89' lang='lat' dir='ltr'><strong>Heracli-</strong></span> 
     </span>
    </p>
   </div>
   <div class='ocr_carea' id='block_1_83' title="bbox 900 1808 1680 1845">
    <p class='ocr_par' dir='ltr' id='par_1_83' title="bbox 900 1808 1680 1845">
     <span class='ocr_line' id='line_1_83' title="bbox 900 1808 1680 1845; baseline 0.001 -8"><span class='ocrx_word' id='word_1_531' title='bbox 900 1810 962 1843; x_wconf 90' lang='lat' dir='ltr'><strong>den,</strong></span> <span class='ocrx_word' id='word_1_532' title='bbox 978 1810 1133 1837; x_wconf 70' lang='lat' dir='ltr'><strong>baereticum</strong></span> <span class='ocrx_word' id='word_1_533' title='bbox 1147 1810 1211 1837; x_wconf 89' lang='lat' dir='ltr'><strong>licet</strong></span> <span class='ocrx_word' id='word_1_534' title='bbox 1223 1817 1255 1837; x_wconf 86' lang='lat' dir='ltr'><strong>ac</strong></span> <span class='ocrx_word' id='word_1_535' title='bbox 1271 1808 1370 1841; x_wconf 81' lang='lat' dir='ltr'><strong>furem,</strong></span> <span class='ocrx_word' id='word_1_536' title='bbox 1399 1809 1563 1844; x_wconf 87' lang='lat' dir='ltr'><strong>Ephesiuum</strong></span> <span class='ocrx_word' id='word_1_537' title='bbox 1575 1811 1680 1845; x_wconf 87' lang='lat' dir='ltr'><strong>episco-</strong></span> 
     </span>
    </p>
   </div>
   <div class='ocr_carea' id='block_1_84' title="bbox 900 1855 1678 1891">
    <p class='ocr_par' dir='ltr' id='par_1_84' title="bbox 900 1855 1678 1891">
     <span class='ocr_line' id='line_1_84' title="bbox 900 1855 1678 1891; baseline 0.003 -9"><span class='ocrx_word' id='word_1_538' title='bbox 900 1863 961 1890; x_wconf 93' lang='lat' dir='ltr'><strong>pum</strong></span> <span class='ocrx_word' id='word_1_539' title='bbox 976 1855 1176 1888; x_wconf 85' lang='lat' dir='ltr'><strong>constituisset,</strong></span> <span class='ocrx_word' id='word_1_540' title='bbox 1195 1855 1331 1889; x_wconf 89' lang='lat' dir='ltr'><strong>muitaque</strong></span> <span class='ocrx_word' id='word_1_541' title='bbox 1347 1862 1443 1889; x_wconf 86' lang='lat' dir='ltr'><strong>passus</strong></span> <span class='ocrx_word' id='word_1_542' title='bbox 1471 1861 1543 1883; x_wconf 88' lang='lat' dir='ltr'><strong>esset</strong></span> <span class='ocrx_word' id='word_1_543' title='bbox 1555 1855 1678 1891; x_wconf 76' lang='lat' dir='ltr'><strong>Origeni-</strong></span> 
     </span>
    </p>
   </div>
   <div class='ocr_carea' id='block_1_85' title="bbox 901 1900 1677 1937">
    <p class='ocr_par' dir='ltr' id='par_1_85' title="bbox 901 1900 1677 1937">
     <span class='ocr_line' id='line_1_85' title="bbox 901 1900 1677 1937; baseline 0.001 -9"><span class='ocrx_word' id='word_1_544' title='bbox 901 1906 1002 1928; x_wconf 89' lang='lat' dir='ltr'><strong>starum</strong></span> <span class='ocrx_word' id='word_1_545' title='bbox 1012 1907 1111 1934; x_wconf 87' lang='lat' dir='ltr'><strong>causa;</strong></span> <span class='ocrx_word' id='word_1_546' title='bbox 1125 1900 1300 1935; x_wconf 85' lang='lat' dir='ltr'><strong>posteriorem</strong></span> <span class='ocrx_word' id='word_1_547' title='bbox 1315 1900 1387 1927; x_wconf 87' lang='lat' dir='ltr'><strong>dedit</strong></span> <span class='ocrx_word' id='word_1_548' title='bbox 1401 1900 1518 1928; x_wconf 88' lang='lat' dir='ltr'><strong>isaacius</strong></span> <span class='ocrx_word' id='word_1_549' title='bbox 1528 1901 1677 1937; x_wconf 85' lang='lat' dir='ltr'><strong>episcopus,</strong></span> 
     </span>
    </p>
   </div>
   <div class='ocr_carea' id='block_1_86' title="bbox 898 1946 1673 1982">
    <p class='ocr_par' dir='ltr' id='par_1_86' title="bbox 898 1946 1673 1982">
     <span class='ocr_line' id='line_1_86' title="bbox 898 1946 1673 1982; baseline 0.003 -9"><span class='ocrx_word' id='word_1_550' title='bbox 898 1947 986 1981; x_wconf 86' lang='lat' dir='ltr'><strong>capita</strong></span> <span class='ocrx_word' id='word_1_551' title='bbox 1000 1947 1150 1974; x_wconf 89' lang='lat' dir='ltr'><strong>octodecim</strong></span> <span class='ocrx_word' id='word_1_552' title='bbox 1169 1946 1389 1974; x_wconf 88' lang='lat' dir='ltr'><strong>criminationum</strong></span> <span class='ocrx_word' id='word_1_553' title='bbox 1411 1947 1593 1982; x_wconf 84' lang='lat' dir='ltr'><strong>complexum,</strong></span> <span class='ocrx_word' id='word_1_554' title='bbox 1610 1955 1673 1976; x_wconf 91' lang='lat' dir='ltr'><strong>cum</strong></span> 
     </span>
    </p>
   </div>
   <div class='ocr_carea' id='block_1_87' title="bbox 898 1990 1675 2026">
    <p class='ocr_par' dir='ltr' id='par_1_87' title="bbox 898 1990 1675 2026">
     <span class='ocr_line' id='line_1_87' title="bbox 898 1990 1675 2026; baseline 0.004 -8"><span class='ocrx_word' id='word_1_555' title='bbox 898 1992 973 2026; x_wconf 91' lang='lat' dir='ltr'><strong>prius</strong></span> <span class='ocrx_word' id='word_1_556' title='bbox 993 1990 1153 2026; x_wconf 71' lang='lat' dir='ltr'><strong>Origenismi</strong></span> <span class='ocrx_word' id='word_1_557' title='bbox 1179 1991 1302 2018; x_wconf 87' lang='lat' dir='ltr'><strong>eumdem</strong></span> <span class='ocrx_word' id='word_1_558' title='bbox 1327 1990 1486 2018; x_wconf 86' lang='lat' dir='ltr'><strong>Heracliden</strong></span> <span class='ocrx_word' id='word_1_559' title='bbox 1509 1996 1675 2021; x_wconf 80' lang='lat' dir='ltr'><strong>accusasset.</strong></span> 
     </span>
    </p>
   </div>
   <div class='ocr_carea' id='block_1_88' title="bbox 897 2035 1678 2072">
    <p class='ocr_par' dir='ltr' id='par_1_88' title="bbox 897 2035 1678 2072">
     <span class='ocr_line' id='line_1_88' title="bbox 897 2035 1678 2072; baseline 0.001 -9"><span class='ocrx_word' id='word_1_560' title='bbox 897 2035 995 2063; x_wconf 84' lang='lat' dir='ltr'><strong>Narrat</strong></span> <span class='ocrx_word' id='word_1_561' title='bbox 1014 2036 1123 2063; x_wconf 87' lang='lat' dir='ltr'><strong>Pbotius</strong></span> <span class='ocrx_word' id='word_1_562' title='bbox 1136 2036 1261 2063; x_wconf 89' lang='lat' dir='ltr'><strong>tredecim</strong></span> <span class='ocrx_word' id='word_1_563' title='bbox 1277 2036 1427 2064; x_wconf 88' lang='lat' dir='ltr'><strong>actionibus</strong></span> <span class='ocrx_word' id='word_1_564' title='bbox 1445 2036 1577 2072; x_wconf 87' lang='lat' dir='ltr'><strong>synodum</strong></span> <span class='ocrx_word' id='word_1_565' title='bbox 1592 2037 1678 2070; x_wconf 88' lang='lat' dir='ltr'><strong>illam,</strong></span> 
     </span>
    </p>
   </div>
   <div class='ocr_carea' id='block_1_89' title="bbox 897 2081 1677 2118">
    <p class='ocr_par' dir='ltr' id='par_1_89' title="bbox 897 2081 1677 2118">
     <span class='ocr_line' id='line_1_89' title="bbox 897 2081 1677 2118; baseline 0 -10"><span class='ocrx_word' id='word_1_566' title='bbox 897 2090 956 2118; x_wconf 67' lang='lat' dir='ltr'><strong>quae</strong></span> <span class='ocrx_word' id='word_1_567' title='bbox 972 2090 986 2109; x_wconf 89' lang='lat' dir='ltr'><strong>a</strong></span> <span class='ocrx_word' id='word_1_568' title='bbox 999 2089 1028 2110; x_wconf 88' lang='lat' dir='ltr'><strong>se</strong></span> <span class='ocrx_word' id='word_1_569' title='bbox 1042 2082 1110 2109; x_wconf 88' lang='lat' dir='ltr'><strong>lecta</strong></span> <span class='ocrx_word' id='word_1_570' title='bbox 1124 2087 1176 2114; x_wconf 89' lang='lat' dir='ltr'><strong>est,</strong></span> <span class='ocrx_word' id='word_1_571' title='bbox 1195 2082 1278 2109; x_wconf 88' lang='lat' dir='ltr'><strong>fuisse</strong></span> <span class='ocrx_word' id='word_1_572' title='bbox 1292 2081 1456 2113; x_wconf 87' lang='lat' dir='ltr'><strong>absolutam,</strong></span> <span class='ocrx_word' id='word_1_573' title='bbox 1479 2089 1590 2116; x_wconf 88' lang='lat' dir='ltr'><strong>quarum</strong></span> <span class='ocrx_word' id='word_1_574' title='bbox 1603 2082 1677 2116; x_wconf 92' lang='lat' dir='ltr'><strong>prio-</strong></span> 
     </span>
    </p>
   </div>
   <div class='ocr_carea' id='block_1_90' title="bbox 898 2128 1675 2163">
    <p class='ocr_par' dir='ltr' id='par_1_90' title="bbox 898 2128 1675 2163">
     <span class='ocr_line' id='line_1_90' title="bbox 898 2128 1675 2163; baseline -0.001 -7"><span class='ocrx_word' id='word_1_575' title='bbox 898 2137 940 2156; x_wconf 87' lang='lat' dir='ltr'><strong>res</strong></span> <span class='ocrx_word' id='word_1_576' title='bbox 954 2129 1095 2156; x_wconf 89' lang='lat' dir='ltr'><strong>duodecim</strong></span> <span class='ocrx_word' id='word_1_577' title='bbox 1121 2128 1342 2163; x_wconf 84' lang='lat' dir='ltr'><strong>Chrysostomum</strong></span> <span class='ocrx_word' id='word_1_578' title='bbox 1376 2128 1514 2162; x_wconf 83' lang='lat' dir='ltr'><strong>petebant,</strong></span> <span class='ocrx_word' id='word_1_579' title='bbox 1539 2133 1675 2162; x_wconf 85' lang='lat' dir='ltr'><strong>postrema</strong></span> 
     </span>
    </p>
   </div>
   <div class='ocr_carea' id='block_1_91' title="bbox 63 2173 1677 2214">
    <p class='ocr_par' dir='ltr' id='par_1_91' title="bbox 63 2173 1677 2214">
     <span class='ocr_line' id='line_1_91' title="bbox 63 2173 1677 2214; baseline 0 -13"><span class='ocrx_word' id='word_1_580' title='bbox 63 2175 139 2207; x_wconf 90' lang='lat' dir='ltr'><strong>bant,</strong></span> <span class='ocrx_word' id='word_1_581' title='bbox 160 2175 201 2202; x_wconf 88' lang='lat' dir='ltr'><strong>vel</strong></span> <span class='ocrx_word' id='word_1_582' title='bbox 214 2174 274 2202; x_wconf 85' lang='lat' dir='ltr'><strong>aliis</strong></span> <span class='ocrx_word' id='word_1_583' title='bbox 297 2176 345 2210; x_wconf 90' lang='lat' dir='ltr'><strong>ipsi</strong></span> <span class='ocrx_word' id='word_1_584' title='bbox 362 2177 395 2203; x_wconf 88' lang='lat' dir='ltr'><strong>de</strong></span> <span class='ocrx_word' id='word_1_585' title='bbox 418 2177 509 2203; x_wconf 86' lang='lat' dir='ltr'><strong>causis</strong></span> <span class='ocrx_word' id='word_1_586' title='bbox 528 2179 730 2205; x_wconf 81' lang='lat' dir='ltr'><strong>succensebam.</strong></span> <span class='ocrx_word' id='word_1_587' title='bbox 756 2177 840 2214; x_wconf 72' lang='lat' dir='ltr'><strong>ngy-</strong></span> <span class='ocrx_word' id='word_1_588' title='bbox 858 2176 880 2204; x_wconf 92' lang='lat' dir='ltr'><strong>D</strong></span> <span class='ocrx_word' id='word_1_589' title='bbox 895 2174 1067 2204; x_wconf 81' lang='lat' dir='ltr'><strong>Heracliden;</strong></span> <span class='ocrx_word' id='word_1_590' title='bbox 1080 2173 1177 2207; x_wconf 88' lang='lat' dir='ltr'><strong>prioris</strong></span> <span class='ocrx_word' id='word_1_591' title='bbox 1189 2173 1270 2200; x_wconf 85' lang='lat' dir='ltr'><strong>libelli</strong></span> <span class='ocrx_word' id='word_1_592' title='bbox 1293 2178 1374 2208; x_wconf 87' lang='lat' dir='ltr'><strong>caput</strong></span> <span class='ocrx_word' id='word_1_593' title='bbox 1388 2174 1504 2208; x_wconf 90' lang='lat' dir='ltr'><strong>primum</strong></span> <span class='ocrx_word' id='word_1_594' title='bbox 1530 2181 1561 2200; x_wconf 92' lang='lat' dir='ltr'><strong>ac</strong></span> <span class='ocrx_word' id='word_1_595' title='bbox 1584 2181 1677 2201; x_wconf 85' lang='lat' dir='ltr'><strong>secun-</strong></span> 
     </span>
    </p>
   </div>
   <div class='ocr_carea' id='block_1_92' title="bbox 62 2221 841 2257">
    <p class='ocr_par' dir='ltr' id='par_1_92' title="bbox 62 2221 841 2257">
     <span class='ocr_line' id='line_1_92' title="bbox 62 2221 841 2257; baseline 0.005 -9"><span class='ocrx_word' id='word_1_596' title='bbox 62 2222 128 2256; x_wconf 90' lang='lat' dir='ltr'><strong>ptiis</strong></span> <span class='ocrx_word' id='word_1_597' title='bbox 142 2221 177 2249; x_wconf 92' lang='lat' dir='ltr'><strong>illi</strong></span> <span class='ocrx_word' id='word_1_598' title='bbox 191 2222 302 2250; x_wconf 88' lang='lat' dir='ltr'><strong>navibus</strong></span> <span class='ocrx_word' id='word_1_599' title='bbox 315 2223 474 2250; x_wconf 85' lang='lat' dir='ltr'><strong>transmisso</strong></span> <span class='ocrx_word' id='word_1_600' title='bbox 496 2222 634 2257; x_wconf 86' lang='lat' dir='ltr'><strong>Bosphoro</strong></span> <span class='ocrx_word' id='word_1_601' title='bbox 649 2224 841 2252; x_wconf 84' lang='lat' dir='ltr'><strong>Constantino-</strong></span> 
     </span>
    </p>
   </div>
   <div class='ocr_carea' id='block_1_93' title="bbox 61 2267 841 2306">
    <p class='ocr_par' dir='ltr' id='par_1_93' title="bbox 61 2267 841 2306">
     <span class='ocr_line' id='line_1_93' title="bbox 61 2267 841 2306; baseline 0.005 -12"><span class='ocrx_word' id='word_1_602' title='bbox 61 2267 145 2303; x_wconf 88' lang='lat' dir='ltr'><strong>polim</strong></span> <span class='ocrx_word' id='word_1_603' title='bbox 159 2268 305 2302; x_wconf 90' lang='lat' dir='ltr'><strong>appellunt.</strong></span> <span class='ocrx_word' id='word_1_604' title='bbox 314 2268 347 2296; x_wconf 78' lang='lat' dir='ltr'><strong>At</strong></span> <span class='ocrx_word' id='word_1_605' title='bbox 356 2268 532 2303; x_wconf 88' lang='lat' dir='ltr'><strong>Theophilum</strong></span> <span class='ocrx_word' id='word_1_606' title='bbox 545 2277 605 2296; x_wconf 90' lang='lat' dir='ltr'><strong>cum</strong></span> <span class='ocrx_word' id='word_1_607' title='bbox 625 2269 718 2304; x_wconf 87' lang='lat' dir='ltr'><strong>plausu</strong></span> <span class='ocrx_word' id='word_1_608' title='bbox 727 2277 841 2306; x_wconf 86' lang='lat' dir='ltr'><strong>excepe-</strong></span> 
     </span>
    </p>
   </div>
   <div class='ocr_carea' id='block_1_94' title="bbox 62 2313 842 2351">
    <p class='ocr_par' dir='ltr' id='par_1_94' title="bbox 62 2313 842 2351">
     <span class='ocr_line' id='line_1_94' title="bbox 62 2313 842 2351; baseline 0.005 -11"><span class='ocrx_word' id='word_1_609' title='bbox 62 2319 127 2341; x_wconf 92' lang='lat' dir='ltr'><strong>runt</strong></span> <span class='ocrx_word' id='word_1_610' title='bbox 140 2313 262 2349; x_wconf 59' lang='lat' dir='ltr'><strong>[Egyptii</strong></span> <span class='ocrx_word' id='word_1_611' title='bbox 279 2319 388 2348; x_wconf 64' lang='lat' dir='ltr'><strong>nautis;</strong></span> <span class='ocrx_word' id='word_1_612' title='bbox 406 2314 574 2342; x_wconf 90' lang='lat' dir='ltr'><strong>clericorum</strong></span> <span class='ocrx_word' id='word_1_613' title='bbox 593 2316 697 2342; x_wconf 89' lang='lat' dir='ltr'><strong>obviam</strong></span> <span class='ocrx_word' id='word_1_614' title='bbox 711 2317 842 2351; x_wconf 88' lang='lat' dir='ltr'><strong>processit</strong></span> 
     </span>
    </p>
   </div>
   <div class='ocr_carea' id='block_1_95' title="bbox 60 2360 840 2396">
    <p class='ocr_par' dir='ltr' id='par_1_95' title="bbox 60 2360 840 2396">
     <span class='ocr_line' id='line_1_95' title="bbox 60 2360 840 2396; baseline 0.003 -10"><span class='ocrx_word' id='word_1_615' title='bbox 60 2360 169 2392; x_wconf 91' lang='lat' dir='ltr'><strong>nullus,</strong></span> <span class='ocrx_word' id='word_1_616' title='bbox 205 2365 294 2394; x_wconf 86' lang='lat' dir='ltr'><strong>utpote</strong></span> <span class='ocrx_word' id='word_1_617' title='bbox 332 2360 463 2388; x_wconf 88' lang='lat' dir='ltr'><strong>infensum</strong></span> <span class='ocrx_word' id='word_1_618' title='bbox 491 2360 684 2396; x_wconf 82' lang='lat' dir='ltr'><strong>Chrysostomo</strong></span> <span class='ocrx_word' id='word_1_619' title='bbox 721 2361 840 2388; x_wconf 89' lang='lat' dir='ltr'><strong>auimtun</strong></span> 
     </span>
    </p>
   </div>
   <div class='ocr_carea' id='block_1_96' title="bbox 59 2405 838 2442">
    <p class='ocr_par' dir='ltr' id='par_1_96' title="bbox 59 2405 838 2442">
     <span class='ocr_line' id='line_1_96' title="bbox 59 2405 838 2442; baseline 0.004 -10"><span class='ocrx_word' id='word_1_620' title='bbox 59 2413 118 2441; x_wconf 66' lang='lat' dir='ltr'><strong>prae</strong></span> <span class='ocrx_word' id='word_1_621' title='bbox 131 2413 161 2432; x_wconf 88' lang='lat' dir='ltr'><strong>se</strong></span> <span class='ocrx_word' id='word_1_622' title='bbox 184 2405 287 2433; x_wconf 88' lang='lat' dir='ltr'><strong>ferenti.</strong></span> <span class='ocrx_word' id='word_1_623' title='bbox 314 2406 372 2440; x_wconf 88' lang='lat' dir='ltr'><strong>ipse</strong></span> <span class='ocrx_word' id='word_1_624' title='bbox 393 2406 532 2434; x_wconf 89' lang='lat' dir='ltr'><strong>ecclesiam</strong></span> <span class='ocrx_word' id='word_1_625' title='bbox 557 2412 774 2442; x_wconf 76' lang='lat' dir='ltr'><strong>prtelergressus.</strong></span> <span class='ocrx_word' id='word_1_626' title='bbox 813 2409 838 2435; x_wconf 90' lang='lat' dir='ltr'><strong>in</strong></span> 
     </span>
    </p>
   </div>
   <div class='ocr_carea' id='block_1_97' title="bbox 60 2451 837 2487">
    <p class='ocr_par' dir='ltr' id='par_1_97' title="bbox 60 2451 837 2487">
     <span class='ocr_line' id='line_1_97' title="bbox 60 2451 837 2487; baseline 0.004 -10"><span class='ocrx_word' id='word_1_627' title='bbox 60 2451 265 2485; x_wconf 84' lang='lat' dir='ltr'><strong>imperatoriam</strong></span> <span class='ocrx_word' id='word_1_628' title='bbox 280 2452 424 2486; x_wconf 91' lang='lat' dir='ltr'><strong>quamdam</strong></span> <span class='ocrx_word' id='word_1_629' title='bbox 442 2452 549 2479; x_wconf 89' lang='lat' dir='ltr'><strong>domum</strong></span> <span class='ocrx_word' id='word_1_630' title='bbox 574 2452 624 2480; x_wconf 91' lang='lat' dir='ltr'><strong>sibi</strong></span> <span class='ocrx_word' id='word_1_631' title='bbox 646 2457 768 2487; x_wconf 88' lang='lat' dir='ltr'><strong>paratam</strong></span> <span class='ocrx_word' id='word_1_632' title='bbox 795 2453 837 2480; x_wconf 88' lang='lat' dir='ltr'><strong>di-</strong></span> 
     </span>
    </p>
   </div>
   <div class='ocr_carea' id='block_1_98' title="bbox 59 2495 839 2532">
    <p class='ocr_par' dir='ltr' id='par_1_98' title="bbox 59 2495 839 2532">
     <span class='ocr_line' id='line_1_98' title="bbox 59 2495 839 2532; baseline 0.003 -8"><span class='ocrx_word' id='word_1_633' title='bbox 59 2497 155 2524; x_wconf 60' lang='lat' dir='ltr'><strong>uertit.</strong></span> <span class='ocrx_word' id='word_1_634' title='bbox 169 2495 241 2523; x_wconf 83' lang='lat' dir='ltr'><strong>Mora</strong></span> <span class='ocrx_word' id='word_1_635' title='bbox 257 2497 310 2524; x_wconf 89' lang='lat' dir='ltr'><strong>illic</strong></span> <span class='ocrx_word' id='word_1_636' title='bbox 326 2498 404 2524; x_wconf 87' lang='lat' dir='ltr'><strong>triqu</strong></span> <span class='ocrx_word' id='word_1_637' title='bbox 420 2497 651 2525; x_wconf 89' lang='lat' dir='ltr'><strong>hebdomadarum</strong></span> <span class='ocrx_word' id='word_1_638' title='bbox 671 2497 756 2531; x_wconf 82' lang='lat' dir='ltr'><strong>facta,</strong></span> <span class='ocrx_word' id='word_1_639' title='bbox 778 2506 839 2532; x_wconf 89' lang='lat' dir='ltr'><strong>per-</strong></span> 
     </span>
    </p>
   </div>
   <div class='ocr_carea' id='block_1_99' title="bbox 57 2543 838 2575">
    <p class='ocr_par' dir='ltr' id='par_1_99' title="bbox 57 2543 838 2575">
     <span class='ocr_line' id='line_1_99' title="bbox 57 2543 838 2575; baseline 0 -4"><span class='ocrx_word' id='word_1_640' title='bbox 57 2543 172 2571; x_wconf 81' lang='lat' dir='ltr'><strong>tentatis</strong></span> <span class='ocrx_word' id='word_1_641' title='bbox 186 2543 331 2570; x_wconf 89' lang='lat' dir='ltr'><strong>multorum</strong></span> <span class='ocrx_word' id='word_1_642' title='bbox 343 2543 450 2575; x_wconf 87' lang='lat' dir='ltr'><strong>auitnis,</strong></span> <span class='ocrx_word' id='word_1_643' title='bbox 467 2548 494 2571; x_wconf 88' lang='lat' dir='ltr'><strong>et</strong></span> <span class='ocrx_word' id='word_1_644' title='bbox 509 2544 543 2571; x_wconf 84' lang='lat' dir='ltr'><strong>ad</strong></span> <span class='ocrx_word' id='word_1_645' title='bbox 560 2545 741 2571; x_wconf 87' lang='lat' dir='ltr'><strong>accusandum</strong></span> <span class='ocrx_word' id='word_1_646' title='bbox 754 2544 838 2572; x_wconf 87' lang='lat' dir='ltr'><strong>Joan-</strong></span> 
     </span>
    </p>
   </div>
   <div class='ocr_carea' id='block_1_100' title="bbox 57 2587 837 2624">
    <p class='ocr_par' dir='ltr' id='par_1_100' title="bbox 57 2587 837 2624">
     <span class='ocr_line' id='line_1_100' title="bbox 57 2587 837 2624; baseline 0.001 -7"><span class='ocrx_word' id='word_1_647' title='bbox 57 2597 134 2621; x_wconf 90' lang='lat' dir='ltr'><strong>nem,</strong></span> <span class='ocrx_word' id='word_1_648' title='bbox 150 2587 228 2623; x_wconf 84' lang='lat' dir='ltr'><strong>cujus</strong></span> <span class='ocrx_word' id='word_1_649' title='bbox 243 2596 420 2622; x_wconf 80' lang='lat' dir='ltr'><strong>congressum</strong></span> <span class='ocrx_word' id='word_1_650' title='bbox 443 2593 522 2616; x_wconf 84' lang='lat' dir='ltr'><strong>cattle</strong></span> <span class='ocrx_word' id='word_1_651' title='bbox 551 2589 664 2622; x_wconf 87' lang='lat' dir='ltr'><strong>vitabat,</strong></span> <span class='ocrx_word' id='word_1_652' title='bbox 688 2590 837 2624; x_wconf 86' lang='lat' dir='ltr'><strong>instructis,</strong></span> 
     </span>
    </p>
   </div>
   <div class='ocr_carea' id='block_1_101' title="bbox 56 2634 838 2667">
    <p class='ocr_par' dir='ltr' id='par_1_101' title="bbox 56 2634 838 2667">
     <span class='ocr_line' id='line_1_101' title="bbox 56 2634 838 2667; baseline 0.004 -6"><span class='ocrx_word' id='word_1_653' title='bbox 56 2636 85 2664; x_wconf 88' lang='lat' dir='ltr'><strong>in</strong></span> <span class='ocrx_word' id='word_1_654' title='bbox 106 2634 239 2667; x_wconf 86' lang='lat' dir='ltr'><strong>Quercum</strong></span> <span class='ocrx_word' id='word_1_655' title='bbox 263 2634 440 2662; x_wconf 88' lang='lat' dir='ltr'><strong>Chalcedonis</strong></span> <span class='ocrx_word' id='word_1_656' title='bbox 465 2635 625 2664; x_wconf 86' lang='lat' dir='ltr'><strong>suburbium</strong></span> <span class='ocrx_word' id='word_1_657' title='bbox 644 2644 696 2664; x_wconf 90' lang='lat' dir='ltr'><strong>una</strong></span> <span class='ocrx_word' id='word_1_658' title='bbox 713 2644 773 2664; x_wconf 90' lang='lat' dir='ltr'><strong>cum</strong></span> <span class='ocrx_word' id='word_1_659' title='bbox 799 2638 838 2664; x_wconf 86' lang='lat' dir='ltr'><strong>I&#39;a-</strong></span> 
     </span>
    </p>
   </div>
   <div class='ocr_carea' id='block_1_102' title="bbox 56 2681 836 2716">
    <p class='ocr_par' dir='ltr' id='par_1_102' title="bbox 56 2681 836 2716">
     <span class='ocr_line' id='line_1_102' title="bbox 56 2681 836 2716; baseline 0.003 -7"><span class='ocrx_word' id='word_1_660' title='bbox 56 2682 157 2710; x_wconf 83' lang='lat' dir='ltr'><strong>clionis</strong></span> <span class='ocrx_word' id='word_1_661' title='bbox 175 2689 230 2709; x_wconf 61' lang='lat' dir='ltr'><strong>sum</strong></span> <span class='ocrx_word' id='word_1_662' title='bbox 251 2681 410 2716; x_wconf 69' lang='lat' dir='ltr'><strong>prtesulibus</strong></span> <span class='ocrx_word' id='word_1_663' title='bbox 424 2683 570 2715; x_wconf 84' lang='lat' dir='ltr'><strong>concessit,</strong></span> <span class='ocrx_word' id='word_1_664' title='bbox 591 2687 617 2710; x_wconf 88' lang='lat' dir='ltr'><strong>et</strong></span> <span class='ocrx_word' id='word_1_665' title='bbox 629 2683 836 2711; x_wconf 86' lang='lat' dir='ltr'><strong>conciliabulum</strong></span> 
     </span>
    </p>
   </div>
   <div class='ocr_carea' id='block_1_103' title="bbox 55 2727 835 2765">
    <p class='ocr_par' dir='ltr' id='par_1_103' title="bbox 55 2727 835 2765">
     <span class='ocr_line' id='line_1_103' title="bbox 55 2727 835 2765; baseline 0.003 -10"><span class='ocrx_word' id='word_1_666' title='bbox 55 2727 215 2756; x_wconf 84' lang='lat' dir='ltr'><strong>celebravit.</strong></span> <span class='ocrx_word' id='word_1_667' title='bbox 239 2727 422 2762; x_wconf 79' lang='lat' dir='ltr'><strong>Quadraginta</strong></span> <span class='ocrx_word' id='word_1_668' title='bbox 445 2728 565 2762; x_wconf 89' lang='lat' dir='ltr'><strong>quinque</strong></span> <span class='ocrx_word' id='word_1_669' title='bbox 591 2729 746 2757; x_wconf 87' lang='lat' dir='ltr'><strong>interfuisse</strong></span> <span class='ocrx_word' id='word_1_670' title='bbox 778 2730 835 2765; x_wconf 84' lang='lat' dir='ltr'><strong>epi-</strong></span> 
     </span>
    </p>
   </div>
   <div class='ocr_carea' id='block_1_104' title="bbox 56 2772 834 2808">
    <p class='ocr_par' dir='ltr' id='par_1_104' title="bbox 56 2772 834 2808">
     <span class='ocr_line' id='line_1_104' title="bbox 56 2772 834 2808; baseline 0.001 -7"><span class='ocrx_word' id='word_1_671' title='bbox 56 2780 154 2808; x_wconf 89' lang='lat' dir='ltr'><strong>scopos</strong></span> <span class='ocrx_word' id='word_1_672' title='bbox 175 2773 313 2800; x_wconf 90' lang='lat' dir='ltr'><strong>declarant</strong></span> <span class='ocrx_word' id='word_1_673' title='bbox 334 2772 466 2807; x_wconf 84' lang='lat' dir='ltr'><strong>Georgius</strong></span> <span class='ocrx_word' id='word_1_674' title='bbox 483 2773 695 2807; x_wconf 81' lang='lat' dir='ltr'><strong>Alexandrinus,</strong></span> <span class='ocrx_word' id='word_1_675' title='bbox 723 2775 834 2802; x_wconf 91' lang='lat' dir='ltr'><strong>Simeon</strong></span> 
     </span>
    </p>
   </div>
   <div class='ocr_carea' id='block_1_105' title="bbox 59 2819 834 2854">
    <p class='ocr_par' dir='ltr' id='par_1_105' title="bbox 59 2819 834 2854">
     <span class='ocr_line' id='line_1_105' title="bbox 59 2819 834 2854; baseline 0.003 -8"><span class='ocrx_word' id='word_1_676' title='bbox 59 2819 263 2853; x_wconf 75' lang='lat' dir='ltr'><strong>Metaphrastes,</strong></span> <span class='ocrx_word' id='word_1_677' title='bbox 279 2825 306 2846; x_wconf 83' lang='lat' dir='ltr'><strong>et</strong></span> <span class='ocrx_word' id='word_1_678' title='bbox 320 2820 389 2846; x_wconf 81' lang='lat' dir='ltr'><strong>Acta</strong></span> <span class='ocrx_word' id='word_1_679' title='bbox 404 2819 602 2854; x_wconf 87' lang='lat' dir='ltr'><strong>pseudosynodi</strong></span> <span class='ocrx_word' id='word_1_680' title='bbox 617 2820 702 2850; x_wconf 84' lang='lat' dir='ltr'><strong>illius.</strong></span> <span class='ocrx_word' id='word_1_681' title='bbox 715 2828 774 2854; x_wconf 81' lang='lat' dir='ltr'><strong>quae</strong></span> <span class='ocrx_word' id='word_1_682' title='bbox 791 2829 834 2848; x_wconf 89' lang='lat' dir='ltr'><strong>rc-</strong></span> 
     </span>
    </p>
   </div>
   <div class='ocr_carea' id='block_1_106' title="bbox 897 2218 1675 2253">
    <p class='ocr_par' dir='ltr' id='par_1_106' title="bbox 897 2218 1675 2253">
     <span class='ocr_line' id='line_1_106' title="bbox 897 2218 1675 2253; baseline 0 -6"><span class='ocrx_word' id='word_1_683' title='bbox 897 2220 957 2247; x_wconf 89' lang='lat' dir='ltr'><strong>dum</strong></span> <span class='ocrx_word' id='word_1_684' title='bbox 974 2219 1142 2246; x_wconf 87' lang='lat' dir='ltr'><strong>examinasse</strong></span> <span class='ocrx_word' id='word_1_685' title='bbox 1167 2218 1319 2253; x_wconf 83' lang='lat' dir='ltr'><strong>episcopos,</strong></span> <span class='ocrx_word' id='word_1_686' title='bbox 1337 2218 1397 2245; x_wconf 87' lang='lat' dir='ltr'><strong>inde</strong></span> <span class='ocrx_word' id='word_1_687' title='bbox 1417 2218 1443 2245; x_wconf 91' lang='lat' dir='ltr'><strong>in</strong></span> <span class='ocrx_word' id='word_1_688' title='bbox 1473 2218 1630 2246; x_wconf 85' lang='lat' dir='ltr'><strong>Heracliden</strong></span> <span class='ocrx_word' id='word_1_689' title='bbox 1647 2223 1675 2247; x_wconf 84' lang='lat' dir='ltr'><strong>et</strong></span> 
     </span>
    </p>
   </div>
   <div class='ocr_carea' id='block_1_107' title="bbox 895 2264 1675 2301">
    <p class='ocr_par' dir='ltr' id='par_1_107' title="bbox 895 2264 1675 2301">
     <span class='ocr_line' id='line_1_107' title="bbox 895 2264 1675 2301; baseline 0 -8"><span class='ocrx_word' id='word_1_690' title='bbox 895 2265 1040 2293; x_wconf 85' lang='lat' dir='ltr'><strong>Palladium</strong></span> <span class='ocrx_word' id='word_1_691' title='bbox 1054 2265 1228 2299; x_wconf 73' lang='lat' dir='ltr'><strong>quazstionem</strong></span> <span class='ocrx_word' id='word_1_692' title='bbox 1241 2264 1380 2298; x_wconf 87' lang='lat' dir='ltr'><strong>habuisse,</strong></span> <span class='ocrx_word' id='word_1_693' title='bbox 1396 2265 1421 2291; x_wconf 95' lang='lat' dir='ltr'><strong>in</strong></span> <span class='ocrx_word' id='word_1_694' title='bbox 1436 2273 1536 2292; x_wconf 93' lang='lat' dir='ltr'><strong>nonum</strong></span> <span class='ocrx_word' id='word_1_695' title='bbox 1548 2265 1675 2301; x_wconf 86' lang='lat' dir='ltr'><strong>deinceps</strong></span> 
     </span>
    </p>
   </div>
   <div class='ocr_carea' id='block_1_108' title="bbox 894 2311 1672 2346">
    <p class='ocr_par' dir='ltr' id='par_1_108' title="bbox 894 2311 1672 2346">
     <span class='ocr_line' id='line_1_108' title="bbox 894 2311 1672 2346; baseline 0.003 -8"><span class='ocrx_word' id='word_1_696' title='bbox 894 2319 926 2339; x_wconf 91' lang='lat' dir='ltr'><strong>ac</strong></span> <span class='ocrx_word' id='word_1_697' title='bbox 933 2312 1089 2340; x_wconf 81' lang='lat' dir='ltr'><strong>vicesimum</strong></span> <span class='ocrx_word' id='word_1_698' title='bbox 1098 2311 1241 2345; x_wconf 87' lang='lat' dir='ltr'><strong>septimum</strong></span> <span class='ocrx_word' id='word_1_699' title='bbox 1250 2316 1330 2345; x_wconf 87' lang='lat' dir='ltr'><strong>caput</strong></span> <span class='ocrx_word' id='word_1_700' title='bbox 1341 2311 1510 2345; x_wconf 88' lang='lat' dir='ltr'><strong>inquisivisse</strong></span> <span class='ocrx_word' id='word_1_701' title='bbox 1522 2320 1530 2339; x_wconf 88' lang='lat'>:</span> <span class='ocrx_word' id='word_1_702' title='bbox 1543 2313 1672 2346; x_wconf 86' lang='lat' dir='ltr'><strong>postremi</strong></span> 
     </span>
    </p>
   </div>
   <div class='ocr_carea' id='block_1_109' title="bbox 895 2356 1671 2394">
    <p class='ocr_par' dir='ltr' id='par_1_109' title="bbox 895 2356 1671 2394">
     <span class='ocr_line' id='line_1_109' title="bbox 895 2356 1671 2394; baseline -0.004 -7"><span class='ocrx_word' id='word_1_703' title='bbox 895 2359 1010 2394; x_wconf 90' lang='lat' dir='ltr'><strong>denique</strong></span> <span class='ocrx_word' id='word_1_704' title='bbox 1036 2357 1117 2385; x_wconf 88' lang='lat' dir='ltr'><strong>libelli</strong></span> <span class='ocrx_word' id='word_1_705' title='bbox 1134 2364 1277 2384; x_wconf 86' lang='lat' dir='ltr'><strong>excussum</strong></span> <span class='ocrx_word' id='word_1_706' title='bbox 1304 2356 1386 2384; x_wconf 79' lang='lat' dir='ltr'><strong>fuisse</strong></span> <span class='ocrx_word' id='word_1_707' title='bbox 1411 2362 1491 2392; x_wconf 89' lang='lat' dir='ltr'><strong>caput</strong></span> <span class='ocrx_word' id='word_1_708' title='bbox 1515 2359 1671 2389; x_wconf 87' lang='lat' dir='ltr'><strong>secundum,</strong></span> 
     </span>
    </p>
   </div>
   <div class='ocr_carea' id='block_1_110' title="bbox 893 2403 1672 2440">
    <p class='ocr_par' dir='ltr' id='par_1_110' title="bbox 893 2403 1672 2440">
     <span class='ocr_line' id='line_1_110' title="bbox 893 2403 1672 2440; baseline -0.003 -8"><span class='ocrx_word' id='word_1_709' title='bbox 893 2405 963 2440; x_wconf 86' lang='lat' dir='ltr'><strong>quod</strong></span> <span class='ocrx_word' id='word_1_710' title='bbox 990 2405 1038 2431; x_wconf 82' lang='lat' dir='ltr'><strong>fuit</strong></span> <span class='ocrx_word' id='word_1_711' title='bbox 1059 2403 1231 2438; x_wconf 85' lang='lat' dir='ltr'><strong>hujusmodi:</strong></span> <span class='ocrx_word' id='word_1_712' title='bbox 1253 2403 1313 2429; x_wconf 84' lang='grc' dir='ltr'><strong>’Ὁτι</strong></span> <span class='ocrx_word' id='word_1_713' title='bbox 1331 2403 1345 2428; x_wconf 87' lang='grc' dir='ltr'>ὁ</span> <span class='ocrx_word' id='word_1_714' title='bbox 1364 2403 1496 2439; x_wconf 83' lang='grc' dir='ltr'><strong>μακάριος</strong></span> <span class='ocrx_word' id='word_1_715' title='bbox 1518 2404 1672 2438; x_wconf 75' lang='grc' dir='ltr'>Ἐπιφάνιος</span> 
     </span>
    </p>
   </div>
   <div class='ocr_carea' id='block_1_111' title="bbox 892 2449 1672 2486">
    <p class='ocr_par' dir='ltr' id='par_1_111' title="bbox 892 2449 1672 2486">
     <span class='ocr_line' id='line_1_111' title="bbox 892 2449 1672 2486; baseline -0.003 -8"><span class='ocrx_word' id='word_1_716' title='bbox 892 2451 935 2478; x_wconf 78' lang='grc' dir='ltr'><strong>διὰ</strong></span> <span class='ocrx_word' id='word_1_717' title='bbox 951 2451 1014 2486; x_wconf 69' lang='grc' dir='ltr'><strong>τρὺς</strong></span> <span class='ocrx_word' id='word_1_718' title='bbox 1033 2449 1246 2486; x_wconf 79' lang='grc' dir='ltr'><strong>Ὠριγενειαστὰς</strong></span> <span class='ocrx_word' id='word_1_719' title='bbox 1266 2449 1428 2484; x_wconf 79' lang='grc' dir='ltr'><strong>Ἀμμώνιον,</strong></span> <span class='ocrx_word' id='word_1_720' title='bbox 1458 2449 1609 2484; x_wconf 75' lang='grc' dir='ltr'><strong>Ἑυθύμιον,</strong></span> <span class='ocrx_word' id='word_1_721' title='bbox 1625 2450 1672 2476; x_wconf 72' lang='grc' dir='ltr'><strong>καὶ</strong></span> 
     </span>
    </p>
   </div>
   <div class='ocr_carea' id='block_1_112' title="bbox 897 2481 1670 2534">
    <p class='ocr_par' dir='ltr' id='par_1_112' title="bbox 897 2481 1670 2534">
     <span class='ocr_line' id='line_1_112' title="bbox 897 2481 1670 2534; baseline -0.005 -9"><span class='ocrx_word' id='word_1_722' title='bbox 897 2481 1082 2534; x_wconf 55' lang='grc' dir='ltr'><strong>Ἠρσειλέίδηι),</strong></span> <span class='ocrx_word' id='word_1_723' title='bbox 1091 2481 1137 2522; x_wconf 60' lang='lat' dir='ltr'><strong>atati.</strong></span> <span class='ocrx_word' id='word_1_724' title='bbox 1149 2481 1305 2528; x_wconf 51' lang='lat' dir='ltr'><strong>Handﬁov,</strong></span> <span class='ocrx_word' id='word_1_725' title='bbox 1315 2481 1364 2520; x_wconf 60' lang='lat'><strong>«3-57.</strong></span> <span class='ocrx_word' id='word_1_726' title='bbox 1377 2494 1488 2529; x_wconf 79' lang='grc' dir='ltr'><strong>ἐθέλησε</strong></span> <span class='ocrx_word' id='word_1_727' title='bbox 1500 2481 1670 2529; x_wconf 47' lang='grc' dir='ltr'><strong>κοιῖθωνῆσαι.</strong></span> 
     </span>
    </p>
   </div>
   <div class='ocr_carea' id='block_1_113' title="bbox 894 2539 1670 2576">
    <p class='ocr_par' dir='ltr' id='par_1_113' title="bbox 894 2539 1670 2576">
     <span class='ocr_line' id='line_1_113' title="bbox 894 2539 1670 2576; baseline -0.005 -6"><span class='ocrx_word' id='word_1_728' title='bbox 894 2556 903 2570; x_wconf 72' lang='grc' dir='ltr'><strong>ι</strong></span> <span class='ocrx_word' id='word_1_729' title='bbox 920 2543 1030 2570; x_wconf 83' lang='lat' dir='ltr'><strong>Beatum</strong></span> <span class='ocrx_word' id='word_1_730' title='bbox 1048 2542 1225 2576; x_wconf 82' lang='lat' dir='ltr'><strong>Epiphanium</strong></span> <span class='ocrx_word' id='word_1_731' title='bbox 1249 2545 1358 2574; x_wconf 88' lang='lat' dir='ltr'><strong>propter</strong></span> <span class='ocrx_word' id='word_1_732' title='bbox 1373 2539 1540 2574; x_wconf 79' lang='lat' dir='ltr'><strong>Origenistas</strong></span> <span class='ocrx_word' id='word_1_733' title='bbox 1558 2541 1670 2566; x_wconf 85' lang='lat' dir='ltr'><strong>Ammo-</strong></span> 
     </span>
    </p>
   </div>
   <div class='ocr_carea' id='block_1_114' title="bbox 891 2585 1670 2625">
    <p class='ocr_par' dir='ltr' id='par_1_114' title="bbox 891 2585 1670 2625">
     <span class='ocr_line' id='line_1_114' title="bbox 891 2585 1670 2625; baseline -0.009 -7"><span class='ocrx_word' id='word_1_734' title='bbox 891 2591 975 2623; x_wconf 82' lang='lat' dir='ltr'><strong>nium,</strong></span> <span class='ocrx_word' id='word_1_735' title='bbox 1004 2589 1187 2625; x_wconf 84' lang='lat' dir='ltr'><strong>Euthymium,</strong></span> <span class='ocrx_word' id='word_1_736' title='bbox 1220 2586 1373 2618; x_wconf 84' lang='lat' dir='ltr'><strong>Eusebium,</strong></span> <span class='ocrx_word' id='word_1_737' title='bbox 1397 2591 1424 2613; x_wconf 90' lang='lat' dir='ltr'><strong>et</strong></span> <span class='ocrx_word' id='word_1_738' title='bbox 1448 2585 1616 2617; x_wconf 89' lang='lat' dir='ltr'><strong>Heracliden,</strong></span> <span class='ocrx_word' id='word_1_739' title='bbox 1642 2589 1670 2612; x_wconf 88' lang='lat' dir='ltr'><strong>et</strong></span> 
     </span>
    </p>
   </div>
   <div class='ocr_carea' id='block_1_115' title="bbox 889 2631 1668 2668">
    <p class='ocr_par' dir='ltr' id='par_1_115' title="bbox 889 2631 1668 2668">
     <span class='ocr_line' id='line_1_115' title="bbox 889 2631 1668 2668; baseline -0.006 -4"><span class='ocrx_word' id='word_1_740' title='bbox 889 2637 1049 2668; x_wconf 88' lang='lat' dir='ltr'><strong>Palladium,</strong></span> <span class='ocrx_word' id='word_1_741' title='bbox 1071 2633 1288 2663; x_wconf 90' lang='lat' dir='ltr'><strong>communionem</strong></span> <span class='ocrx_word' id='word_1_742' title='bbox 1317 2640 1378 2660; x_wconf 91' lang='lat' dir='ltr'><strong>cum</strong></span> <span class='ocrx_word' id='word_1_743' title='bbox 1403 2639 1435 2659; x_wconf 91' lang='lat' dir='ltr'><strong>eo</strong></span> <span class='ocrx_word' id='word_1_744' title='bbox 1455 2631 1668 2667; x_wconf 78' lang='lat' dir='ltr'><strong>(Chrysostomo)</strong></span> 
     </span>
    </p>
   </div>
   <div class='ocr_carea' id='block_1_116' title="bbox 889 2677 1670 2712">
    <p class='ocr_par' dir='ltr' id='par_1_116' title="bbox 889 2677 1670 2712">
     <span class='ocr_line' id='line_1_116' title="bbox 889 2677 1670 2712; baseline -0.006 -2"><span class='ocrx_word' id='word_1_745' title='bbox 889 2683 987 2710; x_wconf 88' lang='lat' dir='ltr'><strong>habere</strong></span> <span class='ocrx_word' id='word_1_746' title='bbox 1001 2682 1138 2709; x_wconf 90' lang='lat' dir='ltr'><strong>noluisse:</strong></span> <span class='ocrx_word' id='word_1_747' title='bbox 1154 2690 1163 2706; x_wconf 72' lang='grc' dir='ltr'><strong><em>ι</em></strong></span> <span class='ocrx_word' id='word_1_748' title='bbox 1181 2686 1324 2708; x_wconf 87' lang='lat' dir='ltr'><strong>excussum</strong></span> <span class='ocrx_word' id='word_1_749' title='bbox 1345 2678 1452 2712; x_wconf 88' lang='lat' dir='ltr'><strong>insuper</strong></span> <span class='ocrx_word' id='word_1_750' title='bbox 1462 2677 1604 2712; x_wconf 87' lang='lat' dir='ltr'><strong>septimum</strong></span> <span class='ocrx_word' id='word_1_751' title='bbox 1624 2684 1670 2705; x_wconf 85' lang='lat' dir='ltr'><strong>ca-</strong></span> 
     </span>
    </p>
   </div>
   <div class='ocr_carea' id='block_1_117' title="bbox 887 2722 1667 2763">
    <p class='ocr_par' dir='ltr' id='par_1_117' title="bbox 887 2722 1667 2763">
     <span class='ocr_line' id='line_1_117' title="bbox 887 2722 1667 2763; baseline -0.008 -8"><span class='ocrx_word' id='word_1_752' title='bbox 887 2733 946 2763; x_wconf 90' lang='lat' dir='ltr'><strong>put,</strong></span> <span class='ocrx_word' id='word_1_753' title='bbox 961 2735 992 2755; x_wconf 89' lang='lat' dir='ltr'><strong>ac</strong></span> <span class='ocrx_word' id='word_1_754' title='bbox 1005 2727 1101 2755; x_wconf 89' lang='lat' dir='ltr'><strong>deinde</strong></span> <span class='ocrx_word' id='word_1_755' title='bbox 1119 2726 1238 2753; x_wconf 90' lang='lat' dir='ltr'><strong>tertium.</strong></span> <span class='ocrx_word' id='word_1_756' title='bbox 1253 2725 1354 2752; x_wconf 56' lang='lat' dir='ltr'><strong>Praeter</strong></span> <span class='ocrx_word' id='word_1_757' title='bbox 1369 2724 1443 2756; x_wconf 82' lang='lat' dir='ltr'><strong>illud,</strong></span> <span class='ocrx_word' id='word_1_758' title='bbox 1459 2723 1511 2750; x_wconf 88' lang='lat' dir='ltr'><strong>duo</strong></span> <span class='ocrx_word' id='word_1_759' title='bbox 1523 2722 1667 2751; x_wconf 86' lang='lat' dir='ltr'><strong>admodum</strong></span> 
     </span>
    </p>
   </div>
   <div class='ocr_carea' id='block_1_118' title="bbox 889 2768 1666 2808">
    <p class='ocr_par' dir='ltr' id='par_1_118' title="bbox 889 2768 1666 2808">
     <span class='ocr_line' id='line_1_118' title="bbox 889 2768 1666 2808; baseline -0.008 -7"><span class='ocrx_word' id='word_1_760' title='bbox 889 2776 921 2801; x_wconf 90' lang='lat' dir='ltr'><strong>ad</strong></span> <span class='ocrx_word' id='word_1_761' title='bbox 942 2774 1139 2808; x_wconf 79' lang='lat' dir='ltr'><strong>Origenismum</strong></span> <span class='ocrx_word' id='word_1_762' title='bbox 1157 2772 1352 2807; x_wconf 85' lang='lat' dir='ltr'><strong>pertinebant;</strong></span> <span class='ocrx_word' id='word_1_763' title='bbox 1379 2771 1508 2805; x_wconf 87' lang='lat' dir='ltr'><strong>primum,</strong></span> <span class='ocrx_word' id='word_1_764' title='bbox 1530 2768 1666 2800; x_wconf 72' lang='lat' dir='ltr'><strong>Joannem</strong></span> 
     </span>
    </p>
   </div>
   <div class='ocr_carea' id='block_1_119' title="bbox 888 2815 1665 2853">
    <p class='ocr_par' dir='ltr' id='par_1_119' title="bbox 888 2815 1665 2853">
     <span class='ocr_line' id='line_1_119' title="bbox 888 2815 1665 2853; baseline -0.006 -5"><span class='ocrx_word' id='word_1_765' title='bbox 888 2821 1049 2848; x_wconf 81' lang='lat' dir='ltr'><strong>monachum</strong></span> <span class='ocrx_word' id='word_1_766' title='bbox 1068 2823 1177 2853; x_wconf 85' lang='lat' dir='ltr'><strong>propter</strong></span> <span class='ocrx_word' id='word_1_767' title='bbox 1190 2818 1357 2852; x_wconf 80' lang='lat' dir='ltr'><strong>Origenistas</strong></span> <span class='ocrx_word' id='word_1_768' title='bbox 1370 2825 1468 2846; x_wconf 79' lang='lat' dir='ltr'><strong>caesum</strong></span> <span class='ocrx_word' id='word_1_769' title='bbox 1484 2815 1665 2852; x_wconf 86' lang='lat' dir='ltr'><strong>Cbrysostomi</strong></span> 
     </span>
    </p>
   </div>
  </div>
