1927 3076
262 139 332 165 1155

908 133 937 161 Ρ.
959 131 1113 160 IIANIELIS
1131 130 1247 158 HUETII

1808 129 1877 157 “56

257 198 344 234 jussu,
365 202 393 226 et
415 204 494 233 porro
517 197 634 224 vinctum
659 195 747 224 fuisse
766 195 899 223 decimum
917 199 1037 226 sextum,
1054 197 1078 224 Α,
1092 193 1223 225 Eudoxia,
1237 197 1266 220 ut
1280 199 1340 220 eum
1355 191 1389 219 ab
1403 190 1498 219 exsilio
1511 189 1634 218 revocari
1652 189 1786 218 continuo
1798 196 1878 217 cura-

260 245 382 272 eumdem
402 243 552 278 suscepisse
564 242 742 278 Origenistas,
761 251 787 270 tn
811 249 947 269 carcerem
975 248 1038 268 con-

258 291 354 326 jecisse
370 289 507 324 Theophili
523 289 638 323 legatos,
662 294 689 316 et
713 296 746 316 ne
772 288 917 316 morientes
929 287 1037 322 quidem

261 336 294 362 ad
311 335 449 362 visendum
476 335 585 362 adiisse.
614 334 692 362 Nulla
717 340 846 369 praeterea
875 334 902 360 in
928 333 1038 368 reliquis

261 380 494 407 criminationibus
506 381 680 415 Origenismi,
696 380 944 415 Origenistarumve
963 386 1039 406 men-

261 426 297 453 tio
311 435 317 453 ι
333 427 359 453 in
375 427 464 461 priore
480 434 545 454 vero
559 427 647 454 libello
662 427 731 454 nulla
746 427 863 461 penitus.

296 471 375 500 XVII.
412 473 539 499 Actorum
570 471 762 500 Photianorum
796 471 976 499 conventiculi
1005 471 1039 498 ad

262 518 399 552 Quercum
418 518 499 545 fidem
517 517 622 545 elevare
645 523 757 545 cantatur
775 517 906 545 Baronius
925 517 977 544 hoc
997 525 1040 544 ar-

261 568 396 600 gumento,
411 565 481 598 quod
494 564 623 599 pleraque
636 564 669 591 ab
682 563 743 590 aliis
763 567 984 596 commemorata,
1011 563 1040 589 in

262 611 295 637 iis
312 611 411 636 omissa
426 610 491 636 sint.
508 610 606 636 Verum
631 617 682 636 non
705 609 819 636 attendit
841 609 1040 636 illustrissimus

261 655 404 682 cardinalis
429 654 526 681 eximia
558 655 680 688 qumtlam
704 653 890 680 tantummodo
913 653 1041 686 selegisse

263 700 408 732 Photium,
429 704 456 726 et
481 700 507 726 in
536 698 721 734 Myriobiblum
747 698 871 726 retulisse
891 706 898 731 ;
927 698 1041 733 plurima

261 754 326 773 vero
346 746 467 773 consulto
483 745 698 780 prtetermisisse.
731 745 784 772 Sua
808 752 871 779 ergo
901 745 967 772 actis
987 745 1041 772 illis

262 798 385 819 servetur
399 791 557 824 auctoritas,
575 790 795 825 quoadaalidiori
811 790 914 818 ratione
932 790 1040 817 Baronii

262 838 414 872 conjectura
435 837 566 864 firmetur.

1091 238 1173 265 verit.
1191 237 1225 264 At
1242 236 1492 264 recrudescentibus
1507 239 1639 271 sequente
1653 242 1727 262 anno
1744 234 1874 262 simulta-

1093 284 1165 312 tibus
1188 288 1215 311 et
1234 282 1407 315 factionibus,
1428 282 1531 316 injuria:
1561 281 1699 313 concedit,
1724 285 1755 307 et
1781 280 1877 308 Nicasc

1092 330 1285 364 aliquantisper
1310 333 1441 360 moratus,
1468 327 1617 360 (Incusum,
1649 334 1712 362 qua:
1739 326 1897 354 Armeniz‘

1092 377 1156 403 urbs
1168 379 1218 408 est,
1230 375 1273 402 vel
1289 379 1317 401 ut
1331 378 1444 401 testatur
1459 373 1515 407 ipse
1527 373 1750 408 Chrysostomus,
1763 371 1876 405 Cilicia,

1092 423 1117 449 in
1134 421 1259 449 exsilium
1277 421 1393 447 mittitur
1406 429 1412 446 :
1426 419 1532 447 Cucuso
1545 418 1706 446 Arabissutn
1719 423 1747 445 et
1764 417 1877 452 Pityun-

1094 473 1145 495 tem
1165 467 1269 502 migrat.
1286 465 1425 493 Sufﬁcitur
1445 465 1494 500 ipsi
1509 465 1637 492 Arsacius
1658 464 1806 499 presbyter
1821 464 1874 490 Ne-

1093 514 1168 542 ctarii
1184 511 1475 546 Constantinopolitani
1490 510 1554 537 olim
1568 510 1692 545 prmsulis
1717 510 1815 542 frater,
1830 510 1877 537 Ar-

1093 559 1289 586 sacio'Atticus.
1305 557 1382 583 Pium
1402 556 1511 583 interim
1530 556 1650 583 exsulem
1678 555 1791 582 mitibus
1821 555 1877 589 epi-

1093 605 1168 632 stolis
1187 604 1292 631 solatur
1308 603 1479 630 Innocentius
1494 610 1561 636 papa
1595 602 1650 637 (qui
1673 609 1765 628 rerum
1788 605 1878 635 gesta-

1093 658 1153 677 rum
1168 657 1216 684 per
1229 650 1313 684 ipsius
1327 649 1431 676 litteras
1442 650 1544 676 certior
1556 648 1643 676 factus
1655 647 1757 681 fuerat)
1767 653 1794 675 et
1806 655 1876 674 com-

1094 697 1222 724 munione
1240 704 1287 724 sua
1306 697 1478 731 itnpertilur;
1498 696 1648 730 improbata
1670 695 1817 730 Theophili
1836 695 1875 721 fa-

1094 747 1146 774 cto,
1162 749 1241 776 quem
1259 747 1286 768 et
1313 742 1541 770 consentientibus
1562 742 1619 769 fere
1640 741 1877 776 Europaelepisco‘

1094 788 1135 823 pis
1149 795 1163 814 a
1177 788 1369 815 communione
1383 796 1433 815 sua
1451 788 1547 815 deinde
1561 787 1716 822 segregavit
1730 795 1739 820 ;
1757 793 1786 814 ut
1807 792 1879 821 patet

1094 839 1126 860 ex
1147 833 1259 867 epistola
1274 832 1391 867 quadam
1409 832 1558 860 Innocentii
1575 833 1610 858 ad
1625 833 1783 864 Arcadium,
1797 839 1877 866 quam

297 884 388 911 XVIII.
409 884 540 910 Caeterum
560 883 594 910 de
609 883 686 910 libris
702 882 826 917 Origenis
842 882 926 909 altum
949 881 1000 908 fuit
1013 882 1038 908 in
1055 880 1077 908 B
1090 878 1219 905 exhibent
1242 877 1373 913 Georgius
1391 877 1590 905 Alexandrinus
1622 877 1650 903 in
1676 875 1737 903 Vita
1762 876 1877 912 Chryso-

262 929 440 958 conciliabulo
463 929 617 956 silentium:
642 928 675 954 de
695 927 856 961 Origenistis
870 934 934 953 vero
949 931 1045 961 praeter

262 983 397 1011 perpauca
415 975 471 1007 illa,
490 983 549 1009 qua:
561 975 749 1005 disseruimus,
763 974 819 1000 ha-c
830 974 911 1000 etiam
928 972 1045 1000 referun-

265 1026 329 1053 tur;
351 1020 473 1048 Scetinos
499 1019 594 1046 leniter
613 1019 759 1054 appellasse
776 1018 968 1052 Theophilum,
984 1019 1046 1046 hor-

265 1072 349 1094 tatum
367 1074 425 1093 esse
443 1066 476 1093 ad
491 1066 688 1100 pmnitentiam,
707 1065 893 1100 impunitatem
907 1071 966 1092 esse
989 1065 1046 1099 pol-

263 1112 380 1144 licitum,
398 1111 476 1139 simul
491 1118 536 1138 eos
551 1110 584 1137 ad
603 1111 794 1145 implorandam
821 1110 926 1137 veniam
943 1111 1046 1145 magnis

264 1157 504 1185 vociferationibus
543 1157 680 1192 impulisse
702 1157 746 1191 qui
767 1157 881 1183 aderant
907 1156 1046 1191 Theophili

265 1203 430 1236 familiares;
449 1211 501 1237 qua
523 1209 552 1230 re
579 1207 718 1237 permotos
735 1203 883 1229 monachos
897 1210 981 1229 noxas
995 1202 1046 1229 sibi

267 1249 411 1277 condonari
427 1249 596 1283 postulasse;
618 1249 706 1276 foedus
723 1249 805 1276 inisse
818 1257 880 1276 cum
900 1249 951 1276 illis
963 1248 1048 1276 Theo-

266 1296 381 1330 philum,
403 1299 431 1321 et
455 1296 480 1321 in
499 1295 715 1322 communionem
740 1295 885 1329 recepisse,
907 1300 988 1329 atque
1010 1296 1046 1322 ita

266 1339 380 1367 erimine
397 1339 534 1366 absolutos
551 1347 610 1366 esse
622 1339 785 1373 Nitrienses,
800 1347 815 1366 e
826 1341 925 1375 quibus
938 1341 1005 1375 jam,
1019 1343 1048 1366 ut

267 1385 395 1416 diximus,
411 1385 580 1417 interierunt,
596 1385 741 1412 Dioscorus
755 1390 781 1412 et
795 1384 922 1418 Isidorus,
937 1387 1047 1412 Ammo-

268 1430 329 1457 nius
342 1437 407 1457 vero
423 1431 448 1456 in
466 1430 573 1462 Qucrcu
588 1431 638 1457 sub
653 1431 709 1465 ipsa
725 1431 819 1466 synodi
832 1431 907 1457 initia
923 1431 1046 1458 decesse-

269 1481 320 1503 rat.
337 1476 435 1503 Fertur
450 1476 529 1510 hujus
544 1476 632 1503 audita
650 1481 735 1504 morte
758 1476 940 1511 illacrymasse
961 1476 1048 1503 Theo-

268 1523 370 1558 philus,
391 1522 533 1557 palamque
548 1522 652 1550 dixisse
666 1523 781 1550 similem
798 1523 868 1549 inter
882 1531 945 1550 suos
962 1525 1047 1551 nemi-

269 1577 330 1596 nem
344 1567 470 1595 habuisse
487 1566 669 1594 Ammonium.
686 1567 842 1595 Dioscorum
859 1569 965 1602 quidem
988 1574 1048 1603 post

269 1614 399 1650 synodum
417 1619 445 1640 et
460 1612 601 1648 Theophili
618 1613 707 1648 fugam
725 1614 825 1641 obiisse
837 1615 952 1648 produnt
966 1615 1049 1642 Geor-

269 1660 328 1694 gius
352 1659 550 1686 Alexandrinus
575 1665 603 1686 et
639 1658 784 1691 Socrates;
810 1660 856 1686 sed
879 1659 905 1686 in
931 1664 1049 1694 tempora

270 1705 373 1741 synodo
391 1706 481 1739 priora
494 1709 607 1732 mortem
632 1705 717 1739 ipsius
742 1704 908 1733 Sozomenus
930 1706 1047 1740 conjicit,

269 1752 311 1778 cui
324 1752 486 1786 praecipuam
509 1750 588 1777 fidem
612 1750 765 1778 tribuimus.
780 1751 868 1785 Atque
885 1751 924 1777 ita
942 1752 1049 1778 dentom

269 1798 409 1832 consopita
425 1801 467 1824 est
482 1797 567 1824 tristis
578 1796 623 1823 illa
647 1801 673 1824 et
698 1796 858 1824 calamitosa
876 1797 910 1824 de
925 1797 1049 1833 Origenis

269 1844 408 1871 erroribus
430 1842 636 1870 controversia:
656 1842 780 1876 quamvis
800 1843 871 1869 enim
897 1843 961 1870 hinc
984 1848 1050 1870 ortae

270 1890 323 1917 sint
339 1893 512 1923 tempestates
525 1893 552 1915 et
564 1888 706 1921 tumultus,
720 1888 819 1922 quibus
833 1894 930 1916 vexata
952 1889 1049 1916 deinde

271 1939 299 1963 et
323 1936 430 1962 turbata
455 1935 581 1970 Ecclesia_
598 1938 648 1966 est,
664 1935 853 1962 accedentibus
879 1940 968 1962 tamen
983 1935 1045 1962 sub-

271 1981 334 2008 inde
360 1980 437 2007 novis
466 1980 638 2015 querelarum
664 1985 691 2007 et
711 1980 763 2007 odii
790 1981 966 2015 argumentis,
987 1981 1048 2007 dum

271 2032 368 2063 praesto
382 2032 445 2055 sunt
462 2028 627 2055 recentiores
655 2026 775 2060 offenszc,
794 2031 899 2053 veteres
924 2027 1050 2053 exoleve-

272 2079 346 2101 runt.
363 2073 461 2100 Paucis
473 2073 564 2107 itaque
579 2076 605 2099 et
618 2072 720 2099 cursim
737 2079 796 2106 qua:
813 2077 957 2106 supersunt
971 2072 1051 2099 attin-

272 2127 377 2154 gamus.

309 2164 378 2192 XIX.
404 2165 482 2191 Anno
503 2164 602 2191 Christi
625 2163 687 2197 405,
712 2163 784 2191 circa
809 2169 928 2191 mensem
951 2163 1049 2191 Juliqu

273 2211 451 2238 conventiculi
469 2210 603 2245 suffragiis
619 2214 812 2238 exauctoratur
825 2209 1046 2246 Chrysostomus.

274 2256 302 2282 Id
318 2264 399 2282 unum
414 2256 594 2283 causabantur
608 2255 737 2290 episcopi,
753 2257 824 2289 quod
848 2255 981 2282 tnandatis
995 2256 1051 2283 suis

276 2301 378 2327 accitus
394 2302 546 2328 audientem
565 2308 594 2328 se
610 2309 662 2328 non
679 2301 848 2335 praebuisset.
871 2300 923 2327 Per
940 2309 1049 2328 causam

274 2354 338 2374 vero
362 2347 401 2375 rei
427 2352 509 2381 gesta:
530 2347 563 2374 ad
583 2348 773 2382 imperatorem
797 2348 954 2380 referendas,
984 2348 1052 2376 lassa:

274 2400 379 2427 quoque
400 2393 546 2427 majestatis
563 2394 786 2429 Chrysostomum
802 2395 871 2429 apud
900 2394 986 2428 ipsum
1002 2402 1050 2422 ac-

274 2443 379 2468 cusauit.
393 2439 490 2473 quippe
507 2439 556 2466 sub
569 2439 700 2467 Jezabclae
714 2446 740 2467 ct
755 2439 913 2467 Herodiadis
936 2441 1051 2467 nomini-

277 2483 327 2511 bus
346 2484 450 2519 publicc
468 2484 536 2518 apud
551 2485 677 2518 populum
691 2485 863 2519 perstriclam
877 2486 911 2513 ab
924 2486 1051 2520 coluisse

275 2529 433 2557 Eudoxiam.
452 2529 550 2557 Verum
565 2530 682 2558 Arcadio
695 2530 762 2558 satis
782 2531 832 2558 fuit
854 2531 982 2559 Joannem
1002 2532 1053 2559 Ec-

275 2575 356 2602 clesia
380 2574 522 2610 depulisse,
542 2575 626 2602 misso
640 2576 716 2603 adid
731 2576 829 2604 comite
851 2581 878 2604 et
906 2577 1048 2606 militibus.

275 2619 465 2646 Tumultuante
484 2620 579 2647 deinde
598 2621 708 2655 populo,
724 2627 750 2648 et
765 2621 952 2656 Chrysostomi
969 2622 1052 2649 resti-

277 2664 405 2691 tutionem
425 2664 551 2691 seditiose
578 2670 743 2699 postulante,
766 2666 907 2700 ingruente
920 2671 1051 2701 praeterea

279 2711 327 2738 sub
352 2710 434 2744 ipsam
459 2716 575 2743 noctem,
606 2718 665 2745 qua:
691 2711 775 2746 ipsius
800 2712 901 2738 cxitum
931 2712 1052 2746 proxime

289 2762 424 2784 :onsccuta
448 2761 498 2789 est,
522 2762 598 2784 terra:
625 2762 709 2791 motu,
734 2758 770 2784 ita
795 2759 989 2793 perterrefacta
1011 2763 1053 2786 est

312 2846 333 2860 "
349 2845 439 2873 Isidor.
456 2847 553 2881 Pclns.,
570 2848 612 2874 5‘2.
652 2849 671 2864 “
690 2848 786 2876 Baron.
803 2857 846 2876 an.
866 2850 926 2883 71.00,
938 2858 996 2884 cap.
1013 2850 1056 2877 58.

1095 923 1183 955 atomi,
1197 930 1255 957 cap.
1270 922 1313 954 68,
1327 927 1354 949 et
1370 929 1520 957 anonymus
1541 922 1602 948 vitae
1615 921 1736 955 ejusdem
1750 921 1876 956 scriptor,

1096 976 1155 1002 cap.
1174 968 1236 1001 I30,
1267 975 1380 1003 quaeque
1402 967 1429 995 in
1455 967 1535 995 tomis
1559 967 1744 994 Conciliorum
1768 972 1876 994 exstat:

1096 1020 1124 1042 et
1139 1015 1256 1042 stitisset
1271 1019 1344 1042 certe
1356 1014 1541 1041 vadimonium
1554 1021 1647 1040 coram
1670 1012 1820 1040 universali
1837 1018 1878 1046 sy-

1096 1060 1179 1092 nodo,
1194 1067 1274 1094 quam
1287 1067 1384 1095 cogere
1402 1059 1583 1086 meditabatur
1599 1057 1745 1090 Arcadius,
1762 1058 1816 1085 nisi
1837 1058 1878 1085 In-

1097 1106 1254 1134 nocentium
1267 1113 1375 1140 papam,
1402 1104 1554 1143 conﬂandae
1571 1105 1629 1140 ejus
1645 1109 1786 1132 auctorem
1809 1112 1879 1132 mors

1097 1155 1268 1187 occupasset.
1301 1152 1420 1179 Tandem
1449 1151 1524 1178 varie
1550 1150 1669 1186 jactatus
1693 1150 1831 1183 Joannes,
1854 1155 1880 1177 et

1096 1205 1200 1225 sutnma
1220 1198 1415 1225 inhumanitate
1428 1197 1462 1224 ab
1481 1197 1597 1224 inimicis
1613 1197 1736 1228 habitus,
1756 1196 1880 1224 Cumanis

1097 1243 1164 1271 obiit
1178 1251 1250 1271 anno
1263 1244 1325 1271 407.

1132 1289 1190 1317 XX.
1207 1290 1262 1318 Nec
1284 1291 1322 1317 ita
1337 1294 1425 1317 tamen
1453 1288 1594 1324 Theophili
1619 1289 1667 1316 ine
1689 1289 1878 1323 couquierunt.

1099 1336 1122 1364 ls
1138 1341 1197 1371 post
1210 1338 1329 1371 priorem
1346 1335 1534 1372 Chrysostomi
1554 1335 1773 1367 restitutionem,
1788 1334 1815 1361 in
1835 1335 1879 1361 de-

1098 1383 1166 1410 cima
1193 1383 1271 1410 tertia
1288 1383 1481 1418 pscudosynodi
1499 1383 1604 1410 actione
1624 1381 1782 1412 Heraclidae.
1805 1388 1881 1415 quem

1097 1429 1264 1464 Ephesinum
1282 1429 1436 1464 episcopum
1450 1429 1571 1457 Joannes
1585 1433 1737 1459 creaverat,
1765 1429 1881 1463 dignita-

1100 1480 1153 1502 tem
1170 1476 1302 1510 abrogare
1317 1476 1436 1502 studuit:
1457 1479 1484 1502 at
1496 1475 1709 1510 repugnantibus
1738 1474 1841 1507 inultis,
1856 1474 1881 1499 in

1099 1527 1218 1555 apertam
1233 1521 1399 1549 seditionem
1424 1521 1565 1548 contentio
1587 1520 1689 1555 erupit.
1712 1520 1827 1554 Jamque
1842 1528 1880 1547 res

1101 1566 1183 1593 armis
1197 1567 1326 1601 agebatur
1340 1575 1346 1601 ς
1369 1566 1462 1593 multis
1487 1566 1650 1599 vulneratis,
1669 1567 1766 1601 paucis
1782 1566 1882 1600 aliquot

1100 1612 1269 1647 interfectis,
1294 1613 1339 1647 qui
1362 1620 1430 1640 unus
1456 1612 1576 1639 omnium
1599 1613 1716 1639 maxime
1743 1613 1884 1646 petebatur

1100 1658 1277 1692 Theophilus,
1294 1657 1355 1693 fuga
1382 1658 1432 1685 sibi
1451 1657 1588 1685 consuluit
1607 1666 1614 1690 ;
1640 1658 1765 1692 quamvis
1786 1657 1883 1684 litteris

1099 1711 1302 1738 quaquaversus
1317 1705 1419 1737 missis,
1431 1704 1462 1730 ad
1477 1704 1609 1739 synodum
1623 1704 1829 1736 celebrandam,
1842 1711 1882 1730 ro-

1099 1753 1162 1783 gatu
1181 1748 1378 1784 Chrysostomi,
1402 1750 1544 1785 episcopos
1565 1749 1701 1776 Arcadius
1726 1749 1881 1776 accivisset.

1099 1796 1164 1823 Post
1191 1797 1295 1823 obitum
1323 1803 1411 1823 autem
1437 1795 1561 1827 Joannis,
1583 1803 1637 1822 non
1663 1801 1774 1829 operam
1797 1794 1882 1821 solum

1100 1841 1266 1878 Theophilus
1282 1842 1355 1870 dedit
1372 1850 1405 1869 ne
1422 1841 1448 1868 in
1467 1841 1598 1876 Diptycha
1613 1848 1711 1868 nomen
1736 1840 1824 1875 ipsius
1847 1847 1884 1866 re-

1100 1889 1216 1917 ferretur
1229 1891 1261 1917 al)
1273 1889 1394 1917 Orientis
1412 1888 1558 1923 episcopis,
1578 1887 1624 1914 sed
1644 1892 1673 1913 ut
1686 1886 1789 1913 infame
1800 1886 1882 1913 etiam

1101 1937 1181 1971 vulgo
1209 1936 1365 1968 haberetur,
1386 1935 1490 1970 scripto
1516 1934 1550 1961 ad
1567 1934 1594 1961 id
1614 1933 1710 1968 grandi
1735 1932 1881 1960 volumine.

1101 1983 1183 2017 Cujus
1199 1983 1258 2010 libri
1272 1982 1454 2017 fragmentum
1480 1981 1550 2008 libro
1572 1987 1622 2007 suo
1644 1984 1721 2006 sexto
1742 1978 1883 2005 Facundos

1101 2029 1234 2061 inseruit,
1249 2029 1428 2062 eumdcmque
1439 2027 1473 2054 ab
1488 2027 1652 2061 Hieronymo
1664 2025 1761 2052 Latine
1770 2032 1882 2052 conver-

1101 2083 1159 2103 sum
1175 2076 1257 2102 fuisse
1271 2079 1385 2102 testatus
1401 2080 1452 2102 est.
1470 2075 1516 2102 Ila:
1530 2075 1631 2102 Isidoro
1644 2074 1788 2101 Pelusiotae
1797 2080 1883 2100 causa

1101 2121 1220 2153 fuerunt,
1234 2129 1282 2149 cur
1295 2121 1473 2155 Theophilum
1486 2121 1605 2156 graviter
1620 2124 1791 2155 coargueret,
1815 2118 1883 2145 λιθι»

1103 2167 1174 2202 μανῆ
1188 2167 1272 2200 illum,
1284 2172 1312 2194 et
1329 2167 1508 2203 χρυσολάτριν
1529 2166 1680 2201 appellans,
1696 2172 1724 2193 et
1740 2166 1881 2192 adductum

1103 2213 1197 2241 dicens
1220 2214 1254 2240 ad
1279 2213 1464 2240 insectandum
1486 2211 1620 2239 Joannem
1634 2220 1668 2239 ex
1687 2211 1784 2239 Isidori
1815 2212 1882 2238 illius

1103 2266 1182 2293 supra
1190 2266 1203 2285 a
1212 2258 1287 2286 nobis
1295 2259 1494 2286 commemorati
1501 2258 1643 2286 occasione
1650 2258 1672 2273 ³⁸
1683 2267 1690 2284 :
1701 2257 1754 2284 Τὸν
1765 2257 1882 2292 θεοφιλῆ,

1104 2303 1201 2337 inquit,
1214 2304 1260 2329 καὶ
1277 2303 1400 2337 θεόλογον
1419 2303 1638 2338 κατεπολέμησεν
1659 2302 1815 2338 ἄνθρωπον,
1837 2303 1882 2338 τὴν

1105 2349 1170 2383 περὶ
1184 2348 1228 2375 τὸν
1241 2349 1302 2384 ἐμοὶ
1315 2349 1458 2384 ὁμώνυμον
1477 2348 1624 2383 ἀπέχθειαν
1648 2349 1697 2375 καὶ
1716 2348 1882 2383 δυσμένειαν,

1106 2394 1272 2430 ὁρμητήριον
1286 2395 1335 2430 τῆς
1348 2395 1451 2426 οἰκείας
1466 2395 1602 2430 εὑρηκότα
1619 2394 1791 2429 σκαιότητος.
1809 2403 1819 2420 ι
1834 2394 1883 2421 Deo

1106 2441 1228 2473 charutn,
1245 2446 1271 2467 et
1283 2448 1374 2468 rerum
1389 2441 1540 2468 divinarum
1557 2441 1712 2469 consultum
1722 2441 1883 2476 oppugnavit

1106 2486 1253 2519 hominem,
1272 2494 1333 2514 cum
1349 2487 1519 2514 inimicitiam
1536 2492 1563 2514 et
1575 2487 1667 2514 odium
1684 2488 1817 2515 adversus
1842 2487 1884 2514 ho-

1107 2533 1205 2559 minem
1220 2533 1283 2560 mihi
1305 2534 1490 2568 cognominem
1508 2534 1623 2568 propria:
1638 2533 1829 2568 perversitalis
1840 2540 1883 2560 oc-

1106 2578 1241 2606 casionem
1266 2579 1421 2615 reperisset.
1445 2589 1454 2605 »
1479 2578 1557 2606 Unde
1583 2580 1729 2607 Sozomeni
1754 2578 1882 2611 narratio,

1106 2629 1245 2658 susceptas
1269 2625 1400 2652 adversus
1427 2625 1559 2652 lsidorum
1584 2625 1745 2653 inimicitias
1779 2632 1882 2652 causam

1106 2667 1256 2705 Theophilc
1281 2671 1386 2699 dedisse
1416 2671 1544 2704 dicentis,
1575 2679 1624 2699 cur
1653 2676 1746 2699 tantas
1769 2671 1882 2698 conciret

1107 2716 1210 2748 turbas,
1226 2717 1356 2745 adversus
1370 2717 1513 2744 Baronium
1528 2718 1752 2745 conﬁrmatur".

1141 2761 1210 2790 XXI.
1220 2763 1348 2799 Synesius
1362 2771 1470 2799 quoque
1485 2768 1634 2799 temporum
1649 2764 1758 2791 illorum
1769 2761 1879 2798 aqualis,
1910 2758 1913 2762 ’
