1927 3076
49 143 133 170 IIS?

498 140 779 169 OIIIGENIANORUM
799 141 861 168 LIB.
882 140 914 172 II,
932 139 1006 167 CAP.
1027 139 1072 172 IV,
1092 138 1186 167 SECT.
1207 139 1239 166 II.

1599 140 1667 170 H58

46 197 128 225 licet
143 198 194 225 sub
210 198 348 233 Theophili
364 198 464 226 ditione
483 199 596 232 positus,
614 199 639 225 in
663 198 774 233 epistola
800 202 841 224 ta-
856 201 879 228 Α
893 197 990 232 quibus
1001 205 1077 224 suum
1092 196 1221 224 adversus
1236 195 1378 231 Origenem
1395 196 1436 223 vel
1454 203 1558 229 verum,
1575 198 1617 224 vel
1629 198 1668 224 si-

46 250 125 269 meu
137 243 171 270 ad
187 243 272 277 ipsum
288 243 361 275 data,
372 243 486 270 Joannis
497 243 669 270 nihilominus
683 242 840 269 memoriam

47 287 144 314 laude
175 288 347 322 prosequitur
374 289 407 314 ³⁸.
432 289 503 316 Idem
532 296 591 315 cum
609 289 641 315 ad
658 289 839 322 episcopatum

47 333 244 367 Cyrenensem
266 334 403 367 superiore
418 340 488 360 anno
510 333 609 360 invitus
628 336 840 367 promoveretur,

49 382 95 407 ad
115 379 299 408 declinandum
308 387 386 413 onus,
399 384 426 406 et
437 379 560 413 populum
576 379 776 406 absterrendum
793 386 841 412 pu-

47 426 133 454 blice
144 427 357 458 contestabatur,
367 433 417 452 nec
428 425 519 452 mundi
533 432 667 457 occasum,
684 432 733 452 nec
748 432 839 452 resur-

47 472 212 499 rectionem
228 478 384 505 corporum,
405 478 454 498 nec
470 471 571 498 animas
586 471 640 505 jam
663 470 785 497 formatis
800 471 842 497 iu-

48 518 116 544 seri
132 517 291 551 corporibus
307 517 359 543 sibi
380 524 458 550 posse
467 516 622 551 persuaderi
636 525 641 542 :
657 523 716 550 quae
729 523 789 543 cum
801 517 842 542 iu-

49 563 150 597 signia
168 563 222 590 sint
233 562 320 595 capita
340 561 508 596 Origenianat
517 562 656 593 doctrinm,
673 561 786 588 valdein
799 561 841 589 his

48 607 131 635 locis
145 615 254 635 exosam
273 611 336 633 tunc
346 606 428 633 fuisse
443 607 639 634 concludimus.
655 608 689 633 At
705 607 840 641 Hierony-

48 661 121 680 mus
130 653 313 688 Chrysostomi
324 652 507 686 expulsionem
523 652 678 680 etexsilium
693 652 841 687 Theophilo

49 705 110 731 per
128 697 269 731 epistolam
297 697 447 734 gratulatus
465 701 506 724 est
530 697 576 724 "z
597 707 606 722 ι
632 697 707 725 Unde
724 703 750 725 et
775 706 840 732 uos,

50 743 160 777 inquit,
176 742 305 770 Joannem
334 743 379 778 qui
407 743 503 770 dudum
520 743 841 778 Coustantinopolitanam

51 789 135 815 rexit
151 789 313 821 Ecclesiam,
326 788 380 816 Deo
399 789 504 823 placere
520 796 625 823 semper
637 790 798 824 optavimus,
814 794 842 817 et

52 841 159 861 causas
176 834 335 868 perditionis
353 834 427 869 ejus,
446 835 472 862 in
488 842 556 869 quas
578 834 715 862 ferebatur
744 836 842 871 impro-

54 879 154 911 vidus,
170 887 341 916 nequaquam
370 880 479 907 credere
496 880 636 909 voluimus.
664 879 716 908 Sed
733 880 787 913 ille,
813 887 843 908 ut

52 929 161 951 caetera
173 923 271 959 ﬂagitia
286 923 343 958 ejus
362 929 473 958 taceant,
490 925 656 961 Origenistas
666 927 693 953 in
707 934 781 954 suam
801 934 843 954 re-

54 969 166 1002 cipiens
181 968 403 1002 faniiliaritatem,
414 974 442 996 et
455 977 488 996 ex
502 969 688 1004 his~plurimos
709 970 735 996 in
751 977 842 997 sacer-

55 1014 166 1042 dotium
183 1014 343 1049 proveheus,
362 1019 444 1050 atque
460 1016 494 1042 ob
508 1015 561 1043 hoc
585 1015 672 1043 scelus
689 1016 774 1042 beatae
786 1023 844 1043 me-

56 1059 160 1086 moriae
173 1059 308 1086 hominem
322 1059 368 1086 Dei
388 1060 576 1094 Epiphanium,
589 1060 635 1094 qui
652 1060 723 1087 inter
742 1060 843 1095 episco-

52 1111 111 1138 pos
126 1103 231 1131 clarum
245 1104 271 1131 in
286 1105 350 1132 orbe
361 1105 434 1132 sidus
449 1105 557 1138 effulsit,
571 1113 623 1132 non
635 1113 718 1140 parvo
728 1113 844 1133 mwrore

55 1149 229 1178 contristaris
252 1151 349 1177 meruit
372 1151 484 1178 audire:
500 1151 609 1182 Cecidit,
634 1151 726 1178 cecidit
754 1150 842 1186 Baby—

57 1195 108 1220 lon
126 1194 161 1220 ".
182 1203 192 1220 ι
208 1194 317 1221 Minime
345 1194 435 1228 itaque
458 1195 658 1223 assentiendum
677 1195 791 1222 Barouio
807 1195 842 1228 ³⁵,

57 1240 109 1272 qui
124 1239 274 1266 concitatas
289 1238 462 1274 aTheophilo
477 1240 606 1267 adversus
620 1230 843 1274 Chrysostotnum

59 1284 163 1311 turbas
181 1284 321 1318 aegerrime
341 1284 432 1312 tulisse
446 1284 638 1320 Ilieronymum
661 1285 806 1319 conjectat.

100 1329 184 1355 XXII.
214 1328 410 1356 Observatione
432 1337 496 1356 vero
515 1330 623 1364 dignum
640 1330 764 1364 estquod
782 1337 844 1356 nar-

58 1379 128 1402 rant
147 1374 282 1407 Socrates,
309 1375 438 1409 Georgius
458 1374 657 1401 Alcxandrinus
684 1379 711 1401 et
734 1374 844 1402 Simeon

62 1420 276 1454 Mclaphrastcs,
295 1420 321 1446 in
331 1419 507 1454 Theophilum
520 1420 590 1455 vulgi
611 1419 700 1447 odium
713 1420 842 1453 crevisse,

58 1466 169 1493 idcirco
183 1466 252 1500 quod
277 1471 337 1501 post
353 1466 495 1494 danmatos
523 1470 595 1494 tanto
609 1471 704 1494 conatu
720 1466 844 1501 Origeuis

58 1512 162 1544 libros,
181 1519 274 1538 eorum
289 1512 371 1538 etiam
389 1517 447 1539 tum
474 1512 582 1539 lectioni
604 1512 709 1540 deditus
719 1520 779 1540 esse
795 1506 843 1539 de;

58 1558 215 1593 preheusus
233 1558 285 1590 sit;
305 1557 380 1592 cujus
406 1558 444 1585 rei
467 1566 576 1585 causam
598 1566 659 1585 cum
680 1559 713 1586 ab
730 1565 763 1585 eo
781 1566 843 1593 per~

58 1609 224 1632 contaretttr
252 1605 384 1640 quispiam
400 1624 407 1637 ,
436 1605 606 1640 respondisse
632 1609 708 1640 prato
734 1604 844 1632 floribus

63 1650 177 1678 consito
191 1650 291 1677 similes
307 1657 366 1678 esse
383 1650 466 1678 libros
489 1650 612 1685 Origenis
623 1671 630 1682 ,
648 1650 793 1685 decerpere
816 1657 845 1677 se

62 1703 129 1729 qua:
146 1696 256 1730 pulchra
271 1700 351 1729 sunt;
369 1703 427 1730 quae
441 1695 561 1730 spinosa,
577 1695 715 1730 praeterire
730 1705 737 1722 :
765 1699 846 1728 atque

62 1742 92 1768 id
109 1741 236 1773 omnibus
262 1740 402 1768 offensioni
428 1740 522 1768 fuisse.
547 1741 583 1768 De
597 1748 628 1768 ea
642 1748 671 1767 re
688 1741 725 1767 ita
742 1740 845 1774 Ruper-

63 1792 113 1814 tus
127 1787 270 1814 Tuitiensis
284 1787 330 1814 lib.
344 1794 352 1814 t
383 1787 527 1813 Comment.
539 1786 566 1813 in
579 1786 719 1813 Denteron.
737 1793 796 1820 cap.
807 1793 845 1813 Ix.

67 1842 78 1857 ‹
92 1832 175 1859 Juxta
189 1832 306 1859 litteram
337 1832 479 1859 manifesta
491 1836 533 1859 est
551 1832 675 1867 aequitas,
693 1831 769 1866 juxta
785 1839 847 1858 ana-

62 1886 155 1913 gogeu
172 1885 236 1905 vero
248 1878 341 1913 judicii
362 1878 492 1906 lectorum
516 1878 652 1905 inhibetur
670 1877 845 1910 mutabilitas,

65 1924 196 1951 videlicet
211 1931 290 1958 quam
303 1924 329 1951 in
352 1923 500 1958 Theophilo
518 1923 711 1951 Alexandrina:
730 1923 847 1950 civitatis

65 1970 196 2005 episcopo
206 1969 387 1997 ecclesiastica
400 1970 570 2004 reprehendit
586 1969 689 1996 relatio.
707 1969 758 2002 Qui
787 1976 847 1996 cum

63 2014 180 2042 Joannis
192 2014 491 2049 Constantinopolitani,
505 2015 551 2050 qui
566 2014 774 2049 Chrysostomus
801 2022 849 2049 ap-

67 2060 186 2095 pellatur
196 2081 203 2093 ,
218 2065 291 2088 esset
305 2061 439 2094 inimicus,
453 2060 595 2088 lectionem
607 2060 741 2096 Origeuis,
759 2061 800 2087 cui
817 2061 849 2087 li-

68 2106 167 2133 benter
178 2105 358 2139 incumbebat,
373 2106 431 2133 zelo
445 2106 564 2141 ejusdem
575 2105 688 2134 Joannis
701 2107 847 2139 damnavit;

72 2152 235 2187 tandemque
262 2153 388 2180 damnato
411 2152 535 2185 Joanne,
564 2153 626 2187 quia
643 2150 713 2180 se'a
735 2153 850 2180 lectione

890 243 1018 270 mulatum
1033 242 1124 270 odium
1145 241 1294 275 insignibus
1317 241 1497 269 monumentis
1514 243 1662 276 expressit.

893 289 927 316 De
939 296 971 316 eo
986 288 1118 315 volumine
1136 287 1176 313 sic
1189 286 1341 314 Gennadius
1357 287 1403 314 lib.
1422 287 1459 314 De
1481 287 1530 314 vir.
1548 287 1644 315 illuur.
1657 294 1667 314 .'

892 343 902 359 ι
920 333 1034 367 Scripsit
1048 333 1188 360 adversum
1203 332 1346 367 Origeuem
1364 340 1445 359 unum
1460 338 1487 360 et
1507 332 1608 367 grande
1622 339 1668 359 vo-

890 379 994 412 lumeu,
1008 381 1035 406 iu
1056 388 1108 414 quo
1128 379 1219 406 omnia
1229 386 1296 412 pene
1309 378 1366 412 ejus
1380 379 1461 412 dicta,
1476 383 1502 406 et
1516 379 1602 412 ipsum
1620 386 1667 412 pa-

892 427 957 453 riter
971 426 1097 459 damnat;
1111 425 1235 452 similiter
1252 424 1350 451 docens
1365 431 1416 451 non
1438 432 1452 450 a
1482 431 1511 451 se
1527 431 1587 451 eum
1612 424 1666 458 pri-

891 478 975 502 mum,
987 471 1033 497 sed
1049 472 1082 497 ab
1097 469 1216 504 antiquis
1228 469 1367 500 Patribus,
1382 473 1409 495 et
1422 469 1538 496 maxime
1553 469 1666 496 Heracla
1698 471 1700 473 ’

891 515 973 542 fuisse
986 519 1012 540 et
1028 522 1042 540 a
1059 514 1226 549 presbyterio
1239 513 1365 546 ejectum,
1381 517 1408 540 et
1423 513 1456 540 de
1468 513 1586 540 Ecclesia
1607 513 1666 548 pul-

891 569 960 594 sum,
989 566 1016 588 et
1030 561 1063 588 de
1087 560 1195 588 civitate
1215 559 1346 594 fugatum.
1365 568 1374 584 ι
1399 559 1491 585 Refert
1507 566 1540 585 ex
1565 559 1668 587 Isidoro

891 607 1006 634 diacono
1024 606 1142 633 Joannes
1168 605 1361 637 Damascans,
1385 604 1562 638 Theophilum
1586 604 1667 632 morti

891 651 1051 686 proximum,
1065 657 1124 677 cum
1141 654 1250 684 propter
1264 649 1409 676 admissqu
1422 649 1448 675 in
1460 647 1572 676 Joannis
1587 656 1668 676 causa

892 694 1188 731 peccatum,'exhalare
1201 694 1324 728 spiritum
1337 701 1389 721 non
1405 699 1506 728 posset,
1520 693 1606 721 oblata
1617 693 1669 728 ipsi

891 741 1076 776 Chrysostomi
1102 740 1218 774 imagine
1245 744 1272 767 et
1295 739 1415 770 adorata.
1435 739 1525 766 statim
1551 738 1670 766 animam

891 788 987 822 egisse.
1002 785 1091 813 Nihilo
1118 786 1206 813 secius
1222 790 1312 812 tamen
1331 784 1388 818 ejus
1403 784 1501 811 famam
1525 784 1670 812 lancinavit

891 832 1005 868 Cyrillus
1019 830 1158 865 Theophili
1173 835 1311 865 cognatus.
1325 830 1359 856 At
1374 837 1436 857 cum
1449 830 1570 856 animum
1585 829 1671 865 ipsius

894 878 1020 912 mitigare
1036 877 1153 905 studenti
1174 877 1264 903 Attico
1286 876 1585 910 Constantinopolitano
1609 875 1669 909 epi-

893 930 974 958 scopo
987 927 1129 957 perpetuas
1140 929 1199 949 sese
1216 929 1277 948 cum
1294 921 1479 955 Chrysostomi
1493 921 1602 948 nomine
1617 921 1669 947 ini—

894 968 1008 995 micitias
1040 973 1178 1002 gesturum
1199 966 1313 1001 Cyrillus
1339 967 1530 999 renuntiasset;
1552 967 1578 993 in
1593 974 1672 994 acres

893 1014 987 1042 lsidori
1003 1013 1144 1040 Pelusiotae
1156 1012 1358 1046 objurgationes
1377 1010 1511 1038 incurrit:
1526 1016 1552 1038 et
1565 1011 1598 1038 ad
1613 1019 1670 1038 me-

894 1060 987 1087 liorem
1005 1060 1110 1086 tandem
1127 1062 1269 1085 revocatus
1285 1063 1400 1084 mentem
1412 1065 1472 1084 ann
1488 1056 1599 1084 Joannis
1615 1064 1672 1084 me-

894 1107 978 1134 moria
993 1106 1071 1134 rediit
1087 1106 1112 1132 iu
1128 1105 1253 1139 gratiam,
1267 1111 1418 1138 nomenque
1433 1103 1517 1138 ipsius
1533 1103 1673 1139 Diptychis

894 1152 1015 1180 inseruit.
1029 1153 1186 1186 Auouymus
1206 1149 1389 1185 Chrysostomi
1407 1149 1469 1175 vita:
1500 1149 1628 1183 scriptor.
1641 1149 1670 1176 in

893 1198 995 1230 somnis
1012 1198 1143 1224 monitum
1173 1204 1187 1223 a
1216 1195 1320 1222 Joanne
1348 1194 1476 1230 Cyrillum
1508 1195 1672 1222 sententiam

894 1233 1011 1271 muiasse
1026 1247 1126 1275 narrat,
1141 1243 1227 1276 deque
1251 1242 1310 1276 ejus
1337 1241 1436 1275 pietate
1463 1245 1490 1268 et
1517 1241 1672 1276 integritate

894 1289 1009 1317 saniora
1025 1289 1150 1316 sensisse.
1169 1287 1262 1314 Itelato
1279 1287 1336 1320 ejus
1351 1286 1377 1313 in
1396 1286 1524 1321 Diptycba
1543 1286 1670 1321 nomine,

895 1335 1007 1368 reliquis
1019 1334 1175 1369 praesulibus
1189 1333 1257 1360 idem
1270 1337 1298 1359 ut
1314 1332 1445 1364 facerent,
1458 1332 1581 1365 exemplo
1610 1332 1671 1360 fuit.

893 1381 967 1407 Adeo
979 1385 1007 1406 ut
1024 1379 1127 1414 publice
1152 1379 1202 1406 coli
1221 1379 1317 1405 deinde
1334 1383 1437 1412 emptus
1453 1378 1488 1404 sit
1511 1378 1673 1412 Chrysosto-

894 1433 963 1458 mus,
978 1430 1005 1453 et
1016 1433 1109 1460 magna
1133 1425 1238 1451 deunuu
1254 1431 1347 1458 pompa
1361 1431 1392 1450 ac
1404 1423 1531 1449 comitatu
1542 1423 1673 1450 Constan—

896 1470 1035 1504 tinopolim
1054 1469 1182 1503 reliquias
1196 1469 1279 1502 ipsius
1299 1467 1425 1494 Cumanis
1441 1468 1583 1494 devexerit
1608 1468 1673 1494 Pro-

895 1516 950 1543 clus
963 1516 1075 1542 antistes
1086 1513 1408 1548 Constautinopolitanus.
1419 1513 1468 1540 IIic
1481 1521 1560 1548 porro
1567 1513 1674 1541 .frustra

895 1562 1007 1589 miratur
1018 1560 1154 1592 Socrates,
1171 1560 1235 1594 quid
1248 1560 1283 1586 sit
1295 1567 1343 1586 cur
1361 1563 1470 1593 tot'post
1489 1559 1591 1596 obitum
1621 1567 1672 1586 an-

895 1609 937 1635 nis
954 1608 1096 1642 Origenem
1113 1607 1145 1633 ab
1160 1605 1286 1633 Ecclesia:
1301 1606 1488 1633 communione
1504 1611 1674 1641 segregatum

895 1653 1108 1688 pronuntiaverit
1123 1651 1299 1685 Theophilus,
1315 1651 1445 1678 Joannem
1457 1659 1522 1679 vero
1537 1652 1675 1679 tricesimo

895 1700 989 1734 quinto
1005 1707 1018 1725 a
1033 1703 1120 1725 morte
1135 1705 1206 1724 anno
1227 1698 1252 1724 in
1269 1698 1390 1724 eamdem
1410 1697 1519 1724 Proclns
1534 1702 1672 1732 receptum

895 1743 1010 1771 voluerit
1025 1752 1032 1768 :
1050 1750 1109 1769 nam
1125 1741 1190 1768 licet.
1203 1740 1327 1775 Origenis
1338 1742 1426 1774 potius
1441 1742 1573 1773 doctrina,
1593 1749 1673 1776 quam

897 1796 995 1815 nomen
1018 1787 1098 1814 fuerit
1121 1795 1137 1814 α
1157 1786 1307 1820 Theophilo
1324 1786 1517 1819 damnandum,
1537 1786 1673 1814 nihilomi-

898 1842 948 1862 nus
962 1838 1048 1860 tamen
1064 1837 1092 1858 ut
1114 1836 1176 1867 pote
1193 1832 1302 1858 nefariae
1313 1832 1443 1858 doctrinae
1469 1836 1563 1858 auctor
1576 1832 1674 1866 Orige-

898 1888 945 1907 nes
960 1886 1100 1907 censuram
1118 1879 1236 1913 aliquam
1252 1882 1278 1905 et
1291 1877 1528 1911 reprehensionem
1558 1885 1675 1905 comme-

898 1928 968 1960 ruit;
989 1935 1049 1955 cum
1072 1927 1171 1954 nullius
1196 1926 1346 1954 econtrario
1366 1927 1467 1953 erroris
1488 1925 1573 1953 affinis
1590 1925 1675 1960 Chry-

898 1978 1044 2006 sostomus,
1075 1981 1122 2008 per
1149 1980 1282 2000 summum
1303 1972 1392 1999 scelus
1415 1972 1448 1999 ab
1476 1971 1593 1999 Ecclesia
1611 1979 1674 2006 pro-

905 2018 1100 2052 scriptus,jure
1117 2018 1142 2044 in
1156 2025 1214 2045 eam
1223 2018 1336 2045 subinde
1351 2022 1472 2051 receptus
1482 2017 1527 2044 sit.
1540 2016 1599 2044 Jam
1613 2021 1676 2044 ante

901 2064 958 2091 haec
979 2070 1099 2098 tempora
1113 2063 1211 2090 librum
1225 2063 1261 2090 De
1274 2064 1461 2091 resurrectione
1473 2063 1602 2090 adversus
1615 2063 1675 2090 Ori-

900 2106 993 2145 genem
1007 2109 1157 2143 scripserat
1171 2109 1299 2136 Hammon
1317 2109 1580 2143 Adrianopolitauus,
1609 2113 1639 2135 ut
1659 2115 1675 2135 ε

900 2155 1017 2182 Maximo
1033 2155 1158 2182 traditum
1174 2159 1216 2182 est
1241 2155 1267 2181 in
1282 2155 1399 2183 Scholiis
1412 2156 1445 2182 ad
1468 2155 1623 2189 Dionysiqu
1639 2155 1676 2183 De

67 2197 195 2233 Origenis
222 2206 275 2226 non
309 2199 437 2231 cohibuit,
460 2206 552 2226 rursus
577 2199 633 2233 ipse
656 2199 764 2226 lectioni
791 2199 850 2226 Ori-
866 2204 887 2231 Ι)
902 2201 997 2228 caelesti
1009 2200 1166 2232 hierarchia,
1184 2208 1243 2234 cap.
1271 2200 1296 2226 7.
1314 2200 1350 2227 Ile
1364 2201 1421 2234 ejus
1437 2204 1515 2227 astate
1535 2208 1616 2226 unum
1631 2201 1677 2227 ha-

69 2245 148 2280 genis
161 2244 279 2279 ejusdem
296 2244 426 2271 incubuit.
458 2253 467 2270 ι
494 2243 562 2271 Hinc
585 2244 736 2271 existimari
759 2249 849 2279 potest

70 2295 173 2326 quanta
188 2290 294 2317 vafritie
306 2289 484 2324 Theophilus,
497 2297 544 2324 per
566 2289 684 2323 speciem
700 2289 847 2317 insectandi

69 2336 234 2371 Origenismi
248 2336 368 2371 privatas
382 2335 531 2363 simultates
542 2335 612 2362 ultus
626 2336 677 2368 sit;
692 2335 772 2363 facile
785 2342 850 2369 prae-

70 2383 164 2410 sertim
184 2383 299 2417 receptis
312 2384 392 2415 paulo
420 2385 482 2409 ante
502 2381 528 2408 in
541 2382 656 2415 gratiam
668 2381 826 2416 Origenistis
840 2389 847 2407 :

69 2430 117 2457 sed
137 2435 165 2456 ut
179 2429 305 2463 incoepta
321 2433 410 2456 tamen
438 2428 610 2455 simulatione
637 2432 825 2462 perseveraret
840 2447 847 2460 ,

68 2475 171 2511 stylum
183 2474 233 2501 hoc
243 2475 310 2509 ipso,
329 2478 356 2501 et
372 2478 500 2508 sequente
514 2477 642 2508 praeterea
657 2480 729 2500 anno
743 2480 848 2500 summa

69 2522 220 2557 asperitate
238 2525 265 2548 et
279 2520 465 2548 maledicentia
477 2520 598 2548 exercuit
611 2519 740 2546 adversus
753 2518 849 2553 Orige-

69 2575 135 2595 nem
149 2567 176 2594 in
191 2566 310 2601 epistolis
324 2566 509 2598 Paschalibus,
529 2573 597 2601 quas
618 2565 713 2592 Latine
729 2564 851 2600 exposuit

70 2613 263 2646 Hieronymus,
278 2612 304 2638 iu
316 2611 454 2639 abolendis
473 2611 683 2646 Origeuistarutl
715 2609 852 2637 erroribus

69 2657 223 2691 Theophila
237 2657 421 2684 consentiens.

107 2702 203 2730 XXIII.
219 2702 296 2728 Anno
314 2702 412 2728 Christi
428 2701 480 2728 412
492 2702 605 2729 decessit
617 2701 793 2737 Theophilus,
809 2708 851 2727 re-

68 2753 135 2777 ILcto
152 2757 215 2776 cum
230 2748 349 2783 epistolis
363 2748 537 2775 Paschalibus
552 2749 648 2782 grandi
664 2748 810 2781 volumine,
826 2747 851 2775 in

901 2247 951 2274 beo
970 2247 1040 2281 quod
1058 2246 1154 2278 dicam,
1175 2247 1349 2273 vetustiorem
1364 2247 1449 2273 fuisse
1466 2247 1553 2280 ipsum
1566 2246 1676 2281 Cyrillo,

902 2300 916 2318 a
931 2299 985 2326 quo
1002 2292 1028 2318 in
1045 2291 1224 2318 testimonium
1243 2291 1342 2318 alicubi
1360 2292 1460 2319 citatus
1470 2297 1522 2319 est.

935 2336 1029 2364 XXIV.
1043 2336 1177 2364 Restituto
1194 2337 1220 2363 in
1236 2333 1375 2371 pris'tinam
1395 2337 1493 2364 famam
1518 2338 1679 2373 Chrysoslo-

901 2390 955 2414 mo,
969 2390 1064 2417 magna
1093 2387 1181 2409 tamen
1205 2390 1238 2409 ex
1259 2383 1299 2410 his
1314 2383 1557 2411 conﬂictationibus
1584 2384 1679 2419 Orige-

903 2429 982 2455 uiano
1000 2429 1102 2455 nomini
1121 2428 1264 2463 ignominia
1278 2428 1351 2455 illata
1362 2433 1414 2460 est,
1425 2434 1454 2455 ut
1465 2429 1521 2456 fere
1532 2430 1587 2463 jam
1600 2429 1679 2464 vulgo

903 2483 952 2510 pro
964 2475 1091 2502 haeretico
1118 2475 1273 2502 haberetur.
1301 2474 1471 2509 Quapropter
1500 2475 1680 2511 Hieronymus

903 2520 1100 2547 Demetriadem
1132 2519 1263 2554 virginem
1286 2520 1426 2553 praeceptis
1442 2519 1582 2547 inStitueus
1609 2528 1680 2548 anno

904 2566 967 2598 415,
987 2571 1066 2593 caute
1090 2571 1180 2592 monet
1203 2570 1232 2592 ut
1256 2565 1307 2592 sibi
1328 2565 1361 2591 ab
1385 2565 1600 2600 Origenistarum
1628 2566 1680 2593 fer-

906 2617 995 2641 mento
1009 2618 1112 2640 caveat.
1130 2612 1195 2639 Nam
1208 2620 1267 2639 cum
1281 2612 1477 2645 Origcuismum
1491 2613 1523 2638 ab
1537 2612 1682 2639 Anastasio

906 2660 1048 2693 protritum
1068 2658 1191 2690 dixisset,
1216 2658 1309 2685 addit:
1331 2667 1339 2682 ι
1360 2657 1393 2684 Et
1412 2658 1474 2692 quia
1496 2664 1601 2688 vereor,
1628 2657 1682 2683 imo
1718 2656 1719 2659 “

907 2712 1014 2732 rumore
1026 2704 1150 2739 cognovi,
1168 2704 1194 2730 iu
1205 2703 1364 2738 quibusdam
1379 2703 1466 2729 adhuc
1481 2702 1571 2728 vivere
1584 2705 1609 2728 et
1623 2701 1681 2735 pul-

906 2749 988 2776 lulare
1004 2753 1133 2776 venenata
1151 2749 1296 2783 plantaria,
1328 2748 1391 2775 illud
1414 2753 1440 2774 te
1470 2747 1513 2781 pio
1537 2746 1680 2774 charitatis

107 2841 130 2858 ³¹
153 2840 250 2874 Synes.
269 2840 345 2872 epist.
359 2839 402 2866 66.
441 2838 464 2854 ⁸⁸
476 2838 584 2866 Hieron.
599 2839 677 2873 epist.
691 2840 734 2868 88.
773 2840 794 2856 ³³
810 2840 848 2867 lsa

896 2848 929 2871 si,
945 2839 970 2867 9.
1009 2840 1030 2855 ³⁸
1047 2839 1145 2867 Baron.
1160 2846 1204 2866 an.
1218 2839 1278 2870 404,
1296 2846 1354 2871 cap.
1370 2846 1403 2866 an
1419 2837 1478 2865 l35.
