1927 3076
246 137 314 165 Ηὴθ

852 145 861 153 -
873 131 902 160 Ρ.
923 131 1079 159 DANIELIS
1098 130 1215 158 IIUETII

1791 126 1858 155 H60

246 196 341 223 aﬂ'eclu
357 192 569 230 pmmonendam
595 194 668 226 puto,
685 196 714 218 ut
741 191 826 218 sancti
850 190 997 218 Innocentii
1012 211 1020 223 ,
1036 192 1060 221 Α
1074 191 1191 225 Denique
1205 189 1356 224 Stephanus
1374 188 1497 217 Gobarus
1506 186 1637 216 Tritbeita
1645 183 1857 222 reprehendendi

247 243 291 277 qui
304 240 458 276 apostolica:
476 238 626 269 cathedrae,
639 241 666 264 et
677 237 820 272 supradicti
843 237 893 263 viri
918 244 1027 264 succes-

247 295 291 315 sor
306 291 331 314 et
350 286 421 312 filius
434 288 485 316 est,
500 287 593 310 teneas
606 283 696 309 fidem.
713 291 722 307 ι
736 280 880 315 Postquam
892 288 957 308 vero
971 280 1028 307 ani-

247 339 351 359 marum
366 329 547 366 προΰπαρξιν,
564 333 592 356 et
605 328 724 356 admissa
749 327 782 354 ab
799 327 830 354 iis
856 331 918 353 ante
945 326 1028 352 vitam

248 381 368 411 peccata,
387 375 460 402 velut
474 375 608 402 haereseos
628 373 699 400 illius
718 371 955 400 characteristicon
981 378 1030 398 no-

249 421 324 453 tavit,
345 429 353 445 t
370 419 432 447 Ilaec
451 420 543 454 itnpia,
573 419 669 453 inquit,
693 422 720 445 et
747 417 879 444 scelerata
906 416 1028 444 doctrina

247 466 311 493 olim
326 466 352 492 in
366 465 492 500 Egypto,
505 469 533 491 et
549 464 669 492 Orientis
682 463 804 498 partibus
817 462 987 494 versabatur.
1000 465 1029 489 et

251 519 323 538 nunc
336 510 500 542 abscondite,
523 509 599 544 quasi
625 509 652 536 iu
679 508 763 535 foveis
777 508 932 542 viperarum
958 507 1028 542 apud

249 556 392 591 plerosque
402 559 554 586 versantur,
570 554 729 587 illarum-tne
745 553 861 587 partium
876 552 970 587 polluit
981 560 1030 587 pu-

249 602 373 633 ritatem;
388 605 415 627 et
426 601 503 634 quasi
516 599 689 626 hereditario
704 598 773 626 malo
789 598 871 633 serpit
882 598 908 625 in
923 598 1029 633 paucis,

249 651 280 673 ut
295 646 434 681 perveniat
449 645 481 672 ad
495 645 650 680 plurimos.»
662 644 749 678 Atque
760 644 802 671 his
816 648 845 670 et
858 643 1030 678 sequentibus

250 698 303 717 non
327 690 522 725 Origenismutn
536 690 677 721 duntaxat,
695 689 741 716 sed
760 693 786 716 et
800 688 878 722 huius
893 689 1030 716 traducem

251 736 478 771 Pelagianistnnm
493 739 591 761 notat:
611 742 706 769 magna
736 734 868 768 siquidem
899 734 1028 761 doctrinae

250 783 390 816 utriusque
406 781 531 809 alﬁttitas.
552 779 630 807 Unde
652 780 770 808 Joannes
792 780 838 808 ille
853 779 1032 815 Jerosolymi-

251 833 330 854 tantis
340 827 472 862 saepeiam
488 832 601 855 vocatus
623 828 649 854 itt
662 832 763 861 partes,
779 831 921 861 postquam
935 826 1031 860 Orige-

1077 235 1172 262 Isidori
1183 235 1325 262 Pelusiota:
1336 240 1429 261 ansam
1446 237 1610 268 quaerentem
1627 231 1773 263 Severum,
1799 230 1856 258 Ori-

1082 281 1232 316 genismum
1261 280 1309 315 ipsi
1339 279 1475 307 afﬁnxisse
1499 278 1613 310 scribit;
1638 277 1742 304 idcirco
1767 283 1859 311 nempe

1078 326 1147 359 quod
1158 324 1343 361 Chrysostomi
1357 331 1465 352 causam
1482 323 1612 351 adversus
1628 321 1810 357 Theophilum
1831 326 1858 349 et

1077 370 1209 406 Cyrillum
1227 370 1390 398 defendisset
1404 379 1411 397 :
1427 374 1545 397 attamen
1568 369 1684 406 veritate
1698 368 1802 409 victum
1817 375 1857 395 re-

1082 416 1209 450 sipuisse,
1221 421 1249 443 et
1265 421 1366 444 temere
1385 415 1514 450 iactatam
1529 414 1694 443 calumniam
1711 413 1857 449 prudenter

1081 469 1234 489 revocasse.

1113 503 1364 535 XXV/Nonnullos
1376 511 1464 535 autem
1481 507 1628 535 contrariis
1649 507 1746 534 ductos
1766 506 1862 533 studiis

1080 553 1245 588 Origeniano
1261 555 1363 581 nomini
1389 554 1440 581 hoc
1456 559 1577 588 tempore
1593 553 1696 580 favisse
1712 551 1861 586 comperio.

1080 599 1266 626 Theodoretus
1280 600 1414 626 hatreseon
1430 599 1530 626 seriem
1546 603 1704 630 contexens,
1719 597 1820 624 nullum
1835 597 1861 623 in

1082 645 1116 672 iis
1129 644 1343 680 Origenismum,
1364 645 1451 672 nullos
1466 644 1634 679 Origenistas
1647 648 1773 672 recenset
1785 652 1793 675 ;
1807 643 1861 670 imo

1081 697 1143 718 vero
1155 690 1300 725 Origenem
1311 698 1371 718 cum
1387 691 1465 718 laude
1479 695 1506 718 et
1522 691 1626 718 honore
1639 689 1770 725 appellat.
1783 690 1862 717 Certe

1082 737 1146 764 totis
1180 737 1376 772 quinquaginta
1414 737 1494 764 annis
1519 737 1706 764 Theodoretus
1733 737 1865 763 vetustior

1083 782 1241 810 Philaslrius
1259 782 1422 816 Brixiensis,
1440 783 1486 818 qui
1502 776 1693 809 haereticorum
1711 781 1778 808 item
1793 787 1865 809 cata-

1082 827 1171 863 logum
1195 829 1288 860 edid.t,
1305 829 1406 856 nullam
1427 829 1534 863 penitus
1558 828 1623 856 fecit
1647 827 1861 863 Origenistarum

253 875 359 900 nianam
373 873 416 900 diu
432 874 609 908 propuguavit
625 873 786 905 doctrinam,
809 872 836 899 in
857 872 1029 907 Pelagianam
1048 871 1069 898 Β
1084 874 1266 906 mentionem;
1282 876 1352 908 qttod
1366 874 1392 900 in
1403 881 1436 901 eo
1448 878 1536 900 tamen
1550 873 1802 901 minusmirandum
1814 878 1862 905 est,

253 920 359 948 demum
377 919 516 953 prolapsus
531 924 589 951 est;
615 926 665 946 nec
687 917 826 953 Pelagium
846 917 913 945 fovit
939 917 1030 951 nitido,

252 965 298 993 sed
325 965 481 1000 Hieronymi
512 965 593 991 etiam
624 963 852 999 Pelagiomaslicis
886 963 1031 992 ulciscendi

252 1010 353 1043 studio,
371 1010 398 1036 in
418 1010 610 1043 discipularum
626 1009 709 1042 ipsius
727 1008 864 1036 Eustachii
892 1014 920 1035 et
943 1008 1032 1036 Paulae

253 1056 415 1083 monasteria
429 1056 557 1087 caedibus,
581 1055 712 1082 incendiis
728 1062 759 1083 ac
782 1055 883 1090 rapinis
898 1062 946 1089 per
968 1055 1032 1082 sub-

253 1101 349 1129 missos
363 1102 483 1136 gregales
499 1108 562 1128 5ttos
589 1105 728 1136 grassatus
755 1105 807 1127 est.
828 1101 863 1127 At
875 1108 935 1128 eum
953 1100 1031 1135 paulo

253 1151 314 1182 post
327 1155 399 1174 mors
421 1148 565 1182 oppressit,
585 1155 656 1174 anno
674 1147 800 1174 nimirunt
817 1151 877 1181 post
893 1146 1031 1174 Christum

254 1197 345 1220 natutn
359 1192 421 1224 M6,
451 1198 477 1220 et
499 1192 678 1227 quadriennio
708 1197 779 1227 post,
809 1192 897 1227 ipsum
926 1199 1034 1227 quoque

258 1239 460 1275 Ilieronymtttn.
476 1239 529 1266 Leo
542 1246 607 1273 papa
623 1246 724 1274 suppar
737 1239 800 1266 ltuic
814 1239 885 1266 aetati
907 1239 932 1266 in
953 1240 1032 1274 epist.

255 1285 285 1311 II
314 1285 348 1311 ad
372 1284 509 1311 Julianum
532 1284 656 1311 Coensem
682 1284 856 1319 Origenianae
883 1285 1034 1312 animarum

255 1330 454 1366 προῦπάρξεως
486 1330 684 1357 damnationem
720 1330 817 1366 probat
839 1335 866 1358 et
896 1331 1034 1364 praedicat.

255 1376 339 1403 Leoni
353 1376 463 1410 :rqualis
480 1376 637 1403 Vincentius
652 1375 812 1408 Lirinensis,
835 1376 868 1402 de
883 1376 973 1411 quoin
990 1383 1036 1403 su-

256 1421 362 1456 periore
378 1422 497 1448 sectione
522 1421 648 1452 diximus,
675 1421 701 1447 in
723 1421 810 1448 libello
835 1422 966 1448 Adversus
982 1421 1037 1448 Ita:-

260 1474 325 1498 ηδ..
339 1473 397 1500 cap.
409 1466 454 1497 Ξῖ),
470 1466 595 1492 maximis
614 1464 755 1499 Origenem
778 1465 865 1493 aIl'ecit
893 1465 1014 1493 laudibus
1027 1484 1035 1498 ,

257 1518 310 1545 qtto
323 1511 488 1545 splendidior
513 1515 585 1537 esset
607 1511 726 1545 subjecta
744 1511 915 1545 vituperatio.
935 1511 1037 1538 Auctor

258 1557 379 1591 Catalogi
397 1557 554 1591 scriptorum
567 1556 805 1584 ecclesiasticarum
814 1558 846 1584 ad
863 1557 1038 1590 Desiderium,

258 1603 422 1638 Ilierouymo
436 1609 576 1637 perperam
592 1603 712 1637 ascripti,
726 1602 860 1629 hzereticis
872 1603 972 1638 alioqui
985 1610 1038 1631 non

258 1647 337 1675 valde
357 1649 474 1682 iniquus,
489 1647 634 1684 Origenem
656 1653 744 1675 tamen
760 1648 922 1675 temeritatis
944 1654 970 1676 et
995 1656 1039 1675 er-

260 1693 330 1719 roris
362 1693 514 1719 insimulat.
552 1693 695 1721 Dioscorus
721 1693 918 1721 Alexandrinus
943 1694 1040 1729 pracsul

259 1740 328 1774 apud
359 1740 489 1775 synodum
516 1740 759 1768 Chalcedonensem
786 1739 947 1775 Origcnismi
974 1741 1040 1768 iusi-

267 1785 385 1812 tuulatns
400 1790 443 1812 est
454 1793 468 1811 a
486 1785 627 1812 Theodoro
647 1785 834 1811 Alexandrinas
848 1784 973 1811 Ecclesiae
986 1783 1041 1811 dia-

259 1838 337 1857 cono.
348 1830 442 1857 Refert
452 1830 570 1864 Cyrillus
583 1831 743 1861 monachus,
759 1830 786 1856 in
806 1829 865 1869 Vita
883 1829 913 1858 S.
935 1829 1038 1864 Euthy-

259 1877 315 1909 mii,
333 1876 477 1904 maximam
495 1876 710 1911 Origenistarum
726 1875 927 1903 multitudinem
945 1875 971 1903 in
983 1875 1041 1903 Cre-

259 1930 344 1949 saretc
363 1922 514 1950 Palmstium
526 1923 624 1949 vicinia
640 1921 799 1953 habitasse;
827 1928 944 1956 cumque
969 1921 987 1948 ii
1007 1921 1041 1948 ad

261 1968 460 1996 sanctissimum
475 1968 598 1995 abbatem
610 1967 785 2004 Euthymium
802 1966 960 2002 frequenter
974 1974 1040 1994 ven-

263 2014 374 2040 tilat‘ent
389 2014 496 2047 pietatis
511 2014 634 2045 obtentu,
649 2013 796 2039 vanitatem
809 2012 930 2048 ipsorum
949 2017 977 2039 et
996 2020 1041 2040 er-

262 2067 350 2086 roretn
365 2059 453 2086 virum
478 2060 574 2086 harum
601 2065 693 2085 rerum
726 2058 946 2085 callentissimum
964 2064 1041 2084 coar-

262 2103 362 2139 guisse,
379 2108 407 2131 et
416 2103 585 2131 reluctantes
601 2102 768 2138 argumentis
792 2102 969 2136 oppressisse.
986 2100 1042 2128 Me-

262 2149 392 2176 morabile
409 2157 473 2177 vero
491 2149 624 2184 imprimis
641 2148 746 2176 concilii
758 2148 882 2181 RCtnani,
899 2156 968 2176 anno
979 2146 1040 2179 496,

262 2195 312 2222 sub
329 2194 437 2222 Gelasio
454 2202 523 2229 papa
543 2194 627 2221 habili
657 2194 806 2225 decretum,
830 2201 909 2228 super
925 2192 1042 2228 Origene

264 2239 402 2274 ipsiusque
420 2237 664 2270 lucubrationibus,
695 2238 768 2273 quod
802 2242 844 2265 est
869 2237 1040 2272 huiusmodi:

269 2293 277 2308 ι
294 2283 418 2319 Origenis
434 2283 558 2311 nonnulla
584 2283 723 2317 opuscula,
742 2291 803 2318 qua:
820 2283 861 2310 vir
873 2284 967 2310 beatus
984 2282 1043 2310 Ilie-

264 2336 391 2364 ronymus
406 2337 456 2356 non
470 2329 603 2364 repudiat,
619 2329 734 2364 legenda
746 2329 908 2362 sttscipimus
921 2337 927 2354 :
941 2328 1042 2362 reliqua

264 2379 350 2402 autem
364 2375 454 2402 omnia
474 2382 534 2402 cum
561 2380 672 2403 auctore
699 2383 748 2402 suo
770 2375 885 2402 dicimus
908 2381 968 2402 esse
1000 2381 1044 2401 re-

263 2431 378 2458 nuenda.
395 2440 404 2458 ι
418 2431 458 2458 Ad
473 2432 530 2458 lucc
544 2431 613 2458 vitio
632 2431 680 2458 dat
691 2432 816 2463 Eusebio,
829 2431 900 2466 quod
917 2441 926 2457 ι
945 2431 970 2458 in
987 2431 1044 2458 lau-

264 2478 341 2505 dibus
360 2483 441 2513 atque
456 2478 630 2505 excusatione
641 2477 766 2512 Origeuis
779 2477 947 2505 schismatici
961 2485 1041 2504 unum

265 2524 425 2559 conscripsit
440 2524 548 2551 librum.
568 2533 577 2550 ι
606 2524 705 2551 Deinde
726 2525 866 2558 scriptum,
884 2531 938 2558 quo
952 2524 1044 2558 agitur

265 2571 298 2597 de
311 2571 468 2604 paenitentia
480 2569 614 2605 Origeuis,
630 2570 812 2605 apocryphum
829 2576 888 2596 esse
898 2569 984 2603 jubet.
996 2569 1043 2595 At-

264 2620 352 2643 tamen
368 2616 535 2651 supposmtia
550 2617 607 2642 haec
623 2623 695 2648 esse,
711 2620 848 2649 totamque
861 2615 929 2641 adeo
943 2614 1043 2641 decreti

264 2661 342 2694 hujus
356 2667 471 2696 partem,
487 2669 546 2696 quae
565 2662 598 2689 ab
614 2661 656 2688 Itis
680 2661 773 2688 verbis
789 2670 795 2687 :
813 2670 822 2686 ι
835 2660 902 2687 Item
921 2661 1044 2687 decreta-

264 2707 302 2734 les
316 2708 433 2742 epistolae
453 2718 462 2733 ι
480 2709 513 2734 ad
530 2707 612 2734 finem
636 2715 721 2742 usque
739 2707 869 2742 pertinet,
884 2714 898 2733 a
914 2706 1043 2733 Gratiano

264 2751 381 2777 additam
394 2759 463 2783 esse,
478 2751 598 2786 nihilque
624 2751 776 2785 bujusmodi
795 2751 822 2778 in
839 2751 957 2785 antiquis
970 2751 1043 2778 codi-

264 2795 339 2823 cibus
356 2798 468 2830 reperiri
488 2797 627 2823 aflirmant
645 2797 765 2823 nonnttlli
781 2806 788 2828 ;
819 2797 890 2824 velut
915 2795 1041 2823 Nicolaus

265 2841 298 2866 de
315 2840 383 2868 Cusa
396 2842 422 2868 in
437 2842 504 2868 libro
526 2842 562 2868 De
575 2843 760 2868 concordantis
779 2842 914 2874 catholica,
935 2850 994 2877 cap.
1012 2842 1039 2869 5.

1084 924 1177 954 utpote
1193 919 1237 954 qtti
1255 919 1398 954 Epiphanii
1409 939 1417 950 ,
1429 918 1596 954 Hieronymi,
1607 918 1722 946 Joannis
1733 918 1864 954 Jerosoly-

1085 965 1192 996 mitani,
1209 964 1365 999 Theophili,
1381 963 1567 997 Nitriensium,
1580 968 1607 991 et
1621 963 1809 998 Cbrysostomi
1829 964 1865 991 al-

1085 1010 1248 1038 tercationes
1258 1014 1339 1037 aetate
1358 1010 1538 1045 praeesserit.
1556 1010 1728 1045 Origenistas
1741 1019 1806 1038 vero
1819 1019 1865 1046 pa-

1086 1056 1138 1083 Iam
1154 1063 1182 1084 se
1193 1057 1311 1092 produnt
1328 1056 1456 1084 Socrates
1473 1056 1670 1090 Scltolasticus,
1690 1062 1717 1084 et
1743 1057 1866 1085 Hermias

1087 1101 1252 1129 Sozomenus
1266 1102 1292 1129 in
1307 1102 1435 1130 Historiis
1451 1103 1508 1130 suis
1523 1111 1530 1136 ;
1555 1103 1591 1129 ita
1617 1103 1760 1138 diligenter
1787 1110 1867 1139 argu-

1087 1152 1176 1175 menta
1194 1148 1353 1183 perquirunt
1364 1148 1468 1180 omnia,
1481 1148 1578 1183 quibus
1599 1148 1690 1175 fulciri
1711 1152 1786 1176 secta
1812 1150 1868 1176 haec

1087 1197 1114 1220 et
1126 1193 1248 1220 roborari
1266 1197 1366 1227 potest.
1380 1192 1442 1220 Fuit
1456 1201 1487 1221 ex
1506 1194 1600 1221 eodem
1628 1201 1710 1229 grege
1736 1193 1866 1221 Sidonius

1087 1237 1260 1272 Apollinaris,
1270 1238 1320 1265 fuit
1330 1243 1357 1265 et
1372 1244 1466 1266 auctor
1476 1238 1661 1266 Praadestinati
1674 1239 1787 1274 aequalis
1803 1245 1866 1267 tem-

1088 1291 1182 1318 porum
1194 1283 1313 1316 illorum,
1324 1291 1338 1311 a
1351 1284 1453 1312 Jacobo
1468 1284 1613 1312 Sirmondo
1625 1286 1651 1312 in
1664 1285 1753 1312 lucem
1768 1285 1869 1317 editus,

1088 1329 1204 1356 studium
1241 1337 1319 1357 suum
1347 1330 1474 1357 adversus
1486 1329 1628 1365 Origeuem
1649 1338 1706 1366 prae
1718 1338 1748 1357 se
1763 1330 1868 1357 ferens.

1088 1379 1116 1401 et
1130 1382 1237 1402 errores
1257 1375 1342 1409 ipsius
1367 1375 1494 1410 operibus
1510 1377 1651 1408 admistos,
1667 1383 1682 1403 a
1701 1375 1828 1408 falsariis,
1844 1382 1869 1403 et

1090 1419 1219 1447 librorum
1239 1420 1466 1448 adulteratoribus
1479 1421 1613 1448 haereticis
1627 1421 1748 1448 intrusos
1775 1426 1805 1449 et
1823 1429 1868 1447 as-

1090 1473 1184 1500 persos
1203 1466 1287 1493 fuisse
1302 1466 1424 1501 gnaviter
1435 1468 1609 1494 contendens.
1624 1467 1724 1495 Fertur
1739 1469 1822 1495 etiam
1837 1476 1869 1495 ex

1090 1511 1166 1538 libris
1181 1510 1305 1546 Origenis
1318 1512 1465 1540 instructus
1481 1513 1513 1539 ad
1526 1513 1691 1547 impietatem
1706 1519 1735 1540 et
1749 1520 1871 1541 armatus

1052 1549 1073 1578 C
1090 1553 1236 1588 Eutychos,
1264 1555 1387 1589 impurus
1403 1555 1558 1588 hzereticus,
1585 1557 1693 1584 unicam
1708 1558 1736 1584 in
1760 1558 1871 1586 Christo

1089 1603 1214 1627 naturam
1231 1601 1367 1634 posuisse.
1384 1601 1458 1628 Adeo
1471 1602 1576 1630 diversa
1596 1603 1722 1631 homines
1735 1604 1769 1631 de
1781 1603 1871 1639 Orige-

1089 1644 1132 1672 nis
1147 1645 1268 1672 doctrina
1282 1646 1332 1674 hac
1352 1652 1512 1681 tempestate
1527 1649 1692 1676 sentiebant.

1090 1724 1112 1753 Ι.
1141 1725 1241 1767 Rursus
1261 1736 1281 1767 _e_
1309 1727 1462 1767 Izala'stina:
1496 1731 1659 1767 monasteriis
1682 1731 1872 1767 Origenismut

1125 1763 1244 1798 emergit.
1261 1763 1298 1798 ll.
1314 1762 1477 1798 Origenistatt
1494 1766 1564 1798 apud
1585 1762 1774 1793 Justinianu'nt
1799 1775 1874 1793 στει-

1126 1802 1166 1823 sat
1183 1796 1277 1834 Sab_as.
1291 1797 1332 1834 Ill.
1347 1796 1536 1834 Origeitisntuin
1544 1802 1641 1833 possint
1656 1807 1789 1834 spargunt
1808 1801 1875 1828 Νοης

1126 1840 1175 1868 nus
1185 1837 1209 1868 et
1225 1831 1367 1868 Leontius;
1384 1832 1425 1860 IV.
1445 1838 1470 1860 et
1486 1831 1619 1868 aliquanto
1641 1831 1698 1868 post
1714 1831 1811 1863 Nonni
1826 1838 1875 1863 dis-

1127 1867 1225 1904 cipuli“
1236 1867 1386 1904 Theodorus
1404 1873 1429 1894 et
1443 1867 1606 1904 Domitianus
1617 1867 1779 1904 0rigenismi
1798 1881 1876 1898 causa

1127 1902 1243 1936 crudelia
1251 1902 1333 1928 multa
1342 1908 1502 1936 perpetrant.
1514 1903 1542 1929 V.
1554 1902 1703 1932 Snrabaitw
1713 1907 1786 1934 unde
1800 1907 1874 1934 dicti.

1130 1937 1171 1972 γι.
1184 1935 1393 1972 Origenistaruni
1411 1943 1482 1971 gesta
1503 1939 1652 1972 imperatori
1674 1942 1876 1968 renuntiaturus

1129 1971 1248 2008 Gelasio:
1263 1971 1357 2008 Laura:
1370 1973 1518 2007 profectus,
1539 1971 1576 1999 ab
1593 1974 1650 2008 ejus
1662 1976 1761 2003 auditu
1788 1977 1876 2004 exclu-

1127 2007 1213 2047 ditur;
1228 2007 1299 2046 _Imic
1319 2007 1355 2047 lin
1376 2009 1461 2047 reditu
1474 2007 1726 2047 deputctosuccedit
1745 2011 1876 2047 Georgius

1128 2041 1276 2078 Origenisto
1290 2050 1298 2073 ;
1316 2041 1428 2076 Georgio
1441 2042 1593 2074 Cassianus,
1607 2044 1739 2072 Cassiano
1760 2041 1854 2073 Conon
1868 2066 1876 2078 ,

1128 2077 1288 2114 orthodoxae
1306 2078 1462 2114 orthodoxa.
1485 2078 1646 2114 Att/iochena
1670 2083 1805 2114 synodus.
1825 2081 1875 2108 VII.

1128 2110 1275 2149 Epistulam
1290 2113 1321 2138 ad
1339 2111 1452 2149 plenam
1473 2114 1602 2149 adversus
1620 2110 1766 2149 OrigEnem
1789 2117 1876 2143 scribit

1128 2145 1301 2184 Justinionu_s_
1315 2154 1324 2173 :
1336 2147 1406 2184 ylll.
1428 2147 1508 2184 cujus
1530 2150 1644 2182 epistola:
1660 2145 1768 2177 {nmmo
1783 2159 1877 2184 reprae-

1128 2186 1256 2208 sentatur.
1271 2180 1314 2208 IX.
1335 2180 1497 2215 Theophanis
1515 2180 1654 2210 somnium.
1672 2184 1799 2212 Joannes
1813 2180 1877 2212 Phi-

1128 2215 1237 2252 lopanus
1259 2217 1412 2250 origenizat.
1427 2216 1460 2252 Χ,
1481 2216 1571 2244 Trium
1590 2219 1771 2252 capitulorum
1799 2229 1877 2248 cultu

1130 2251 1351 2286 aliquantoipou
1378 2251 1497 2278 ventilari
1524 2258 1604 2286 saepta
1622 2259 1671 2280 est.
1688 2253 1735 2282 XI.
1754 2255 1877 2282 Edictum

1130 2287 1253 2312 adversus
1269 2285 1330 2312 Tria
1342 2286 1464 2319 Capitula
1478 2288 1627 2322 promulgat
1644 2290 1804 2322 imperator,
1814 2293 1878 2317 unde

1131 2321 1272 2359 schismata
1287 2323 1370 2359 inulta
1389 2323 1519 2359 oriuntttr.
1542 2322 1598 2349 xll.
1616 2321 1774 2359 Reﬂorescit
1788 2325 1878 2359 θήρα-

1132 2357 1228 2392 [ιῗὶδηιιιε
1249 2357 1278 2392 in
1294 2355 1448 2392 Palaestina.
1471 2356 1593 2391 Synodus
1612 2355 1704 2391 quinto
1718 2355 1878 2392 celebratur;

1131 2390 1199 2428 XIII.
1218 2396 1243 2428 Et
1262 2391 1369 2428 domitat
1389 2390 1450 2428 Tria
1466 2390 1597 2428 Capitula,
1616 2390 1687 2428 Hinc
1700 2396 1814 2428 magnis
1827 2390 1878 2421 mo;

1132 2426 1199 2452 tibus
1209 2424 1524 2464 _Ecc_lesia_eonturbatttr.
1536 2425 1721 2464 >XIY_._»Utrunt
1740 2424 1768 2454 ﬁ.
1787 2430 1878 2464 quinta

1132 2462 1230 2495 synodo
1248 2461 1278 2486 de
1293 2459 1403 2495 Origene
1419 2466 1505 2487 actum
1519 2462 1562 2488 sit.
1578 2461 1636 2488 XV.
1655 2462 1728 2494 Quid
1745 2464 1772 2489 in
1785 2459 1818 2491 Eo
1832 2465 1878 2490 ad-

1132 2495 1370 2531 uersuxrvrjgenem
1383 2496 1551 2531 constitutum
1567 2497 1612 2528 sil,
1632 2499 1789 2531 exponitur.
1811 2499 1876 2526 XVI.

1132 2530 1208 2556 Νουα
1219 2530 1246 2556 in
1259 2529 1452 2564 Ot'igettistttuitt
1471 2530 1542 2564 facta
1557 2531 1612 2558 odii
1634 2529 1774 2564 accessio;
1799 2533 1876 2561 XVII.

1131 2565 1390 2600 qumprodeutttibus
1405 2566 1513 2592 subinde
1533 2567 1608 2592 annis
1632 2567 1768 2600 paulatim
1785 2570 1878 2596 obsole-

1131 2602 1175 2627 vit.
1187 2599 1308 2634 lnfemos
1326 2600 1373 2626 sibi
1390 2606 1474 2626 tamen
1495 2601 1633 2627 nonnullos
1653 2602 1804 2630 identidem
1820 2604 1878 2630 Oti-

1131 2643 1207 2672 genes
1221 2639 1313 2660 nactus
1322 2640 1386 2672 _est_;
1410 2635 1501 2672 XVIII.
1527 2636 1662 2663 Graeculos
1682 2639 1823 2672 iprwcipue
1840 2647 1849 2664 :
1863 2647 1877 2663 a

1131 2669 1232 2696 Latinis
1245 2677 1303 2696 vero
1319 2670 1451 2704 benignius
1469 2676 1588 2704 exceptus
1604 2677 1652 2698 est.
1679 2671 1755 2699 XIX.
1772 2669 1875 2700 Uruca-

1131 2705 1319 2742 lumldivinitus
1338 2705 1435 2742 editum
1497 2705 1631 2742 Illech:ildi
1643 2707 1676 2732 de
1687 2708 1777 2734 salute
1790 2709 1875 2742 Orige-

1130 2740 1188 2776 1_zis._
1203 2739 1328 2766 Guidonis
1354 2745 1376 2766 et
1402 2739 1515 2776 Plotina:
1537 2741 1568 2767 de
1597 2740 1713 2775 Origene
1731 2739 1874 2776 judicium.

1132 2774 1220 2808 Hujus
1231 2782 1336 2800 causam
1350 2779 1454 2801 tuentur
1464 2775 1582 2802 Joannes
1603 2774 1695 2807 l‘ic’us,
1721 2774 1747 2803 ἐι
1762 2778 1875 2804 Joannes

1131 2807 1289 2835 Nanclerus.
1307 2809 1386 2836 Favet
1398 2810 1445 2842 ipsi
1460 2818 1558 2845 quoque
1571 2810 1690 2838 Joannes
1711 2811 1873 2842 Τιίιιενιιίιη,

1131 2845 1174 2870 sed
1189 2845 1255 2870 citra
1267 2852 1383 2871 errorum
1398 2845 1480 2878 ipsius
1496 2845 1681 2879 defensionem.
1696 2846 1758 2876 XX.
1773 2848 1874 2876 Primus
