1927 3076
32 109 127 137 1161

82 168 218 201 Origenis
232 167 317 200 Opera
329 168 399 202 prelo
413 170 548 196 committit
566 169 681 196 Jacabm
695 169 835 201 Msrlinur.

81 208 118 229 et
138 211 184 231 pro
196 212 225 228 eo
236 203 389 237 Apologinm
402 204 510 236 seribit;
526 205 593 231 unde
609 205 714 232 Masuri
724 211 746 231 et
760 204 838 232 Beda

81 238 222 265 conviciis
248 239 388 294 appetitur.
416 237 486 264 XXI.
514 238 664 294 Deéendunt
700 238 839 274 Origenem

84 271 234 294 Erasmus.
273 271 408 294 ‘M-rnn'ns.
434 273 527 294 Sirrhu
549 290 553 294 .
569 275 669 294 pnnnn'n
694 272 839 294 Cpnlhrnr-

82 247 222 265 comicus
248 247 388 298 appetatur.
417 247 486 264 ΑΜ.
514 247 664 294 υεὲεηαιιηι
700 247 839 274 urtgenem

82 271 236 302 Erasmus.
273 271 410 304 ἐῖναι-ἕω,
434 273 527 300 Sinus
549 275 680 305 emensis,
694 272 839 301 Genebrar-

80 308 150 343 dus
174 312 198 343 et
218 306 377 343 Halloziur:
394 308 512 334 eumdem
527 309 680 343 impugnari!
707 308 838 336 Baronius
873 311 878 320 ‘

80 348 114 368 et
134 342 331 374 Bellarminur;
350 341 480 368 Lutherus
500 348 524 369 et
536 341 607 370 Betti
620 351 630 370 .'
643 344 745 370 incerta
760 342 839 370 Scul-

81 378 142 413 lgti
157 380 224 403 ratio
236 384 246 402 :
258 379 385 413 requiem-
394 379 422 404 in
434 385 493 413 sunt
506 386 532 404 se
547 383 639 412 gerunt
664 377 819 413 Espencwus
831 398 839 412 ,

84 411 264 444 Porseuinus,
279 411 424 444 Gratserus,
436 417 460 438 et
475 411 594 440 Binetus.

82 457 121 484 1.
140 456 301 492 Superiores
314 457 416 488 turbas,
438 457 511 484 velut
533 457 566 485 de
579 463 728 492 compacto,
744 457 841 485 multo-

34 510 117 528 rum
137 509 267 529 annorum
288 502 404 530 inducias
421 508 572 531 consecutae
585 503 841 539 sunt,-0rigenismo

35 546 213 575 faventibus
237 547 348 582 quidem
377 547 480 579 multis,
507 548 628 583 pluribus
646 549 728 577 etiam
745 549 840 577 adver-

29 592 193 623 santibus,
209 592 256 619 sed
267 591 388 626 utrisque
401 591 442 618 vel
463 593 645 626 prementibus
662 594 840 628 sententiam,

33 633 91 660 vel
111 630 184 661 citra
201 633 363 660 discordiam
382 633 583 668 aperientibus;
605 635 693 668 quoad
719 642 734 662 e
758 634 842 662 Pola:-

34 680 140 707 stinm
156 679 329 706 monasteriis
353 686 420 706 nova
439 687 546 706 rursum
566 680 743 707 dissensionis
762 680 841 707 flam-

35 733 94 752 ma
115 733 274 760 erumpens,
291 725 439 752 maximum
455 725 482 752 in
495 724 613 752 Ecclesia
631 725 734 760 peperit
750 725 842 753 incen-

37 770 143 797 dium.
161 769 227 797 Nam
245 777 305 796 cum
318 777 349 797 ex
364 771 465 797 erectis
478 769 537 806 a‘S.
555 770 625 797 Saba
643 771 783 798 asceteriis
796 778 843 806 per

37 817 135 844 nefas
151 817 283 844 exiisscnt
299 817 424 844 monachi
439 816 548 851 quidam
570 817 729 851 perduelles,
756 823 783 845 et
808 817 840 845 ad

40 866 210 890 torrentem
228 861 371 889 Thecoum
400 863 427 889 in
445 862 587 890 Palaestina
612 870 709 890 novam
738 863 841 890 lauram

39 901 381 936 eistruxissentcirciter
403 915 504 937 annum
518 908 621 936 Christi
638 907 701 942 517,
719 907 842 935 reconci-

43 954 141 982 liatus
155 961 216 982 cum
229 953 280 981 illis
294 953 390 986 Sabas,
405 953 545 981 decorata:
563 961 577 980 a
593 961 621 981 se
634 957 661 980 et
674 953 843 988 amplificatae

42 1001 180 1034 ipsorum
198 1001 280 1026 laura:
311 999 442 1027 Joannem
456 999 599 1034 quemdam
620 999 749 1034 praefecit.
768 999 844 1027 Scri-

43 1047 93 1074 bit
112 1045 234 1082 Cyrillus
250 1044 411 1078 monachus,
441 1045 517 1073 testis
538 1044 669 1080 locuples,
696 1049 724 1072 ut
737 1046 783 1080 qui
802 1045 844 1073 his

44 1092 126 1119 locis
141 1096 168 1118 et
185 1091 351 1126 temporibus
363 1090 474 1123 vixerit,
494 1090 574 1118 morti
587 1091 740 1126 proximum
760 1090 843 1119 Joan-

45 1145 119 1165 nem
134 1137 288 1172 hujusmodi
301 1137 459 1164 vaticinium
474 1137 591 1164 edidisse
607 1145 614 1164 :
632 1146 641 1162 ι
656 1137 725 1165 Ecce
735 1138 845 1165 veniunt

45 1183 128 1216 dies,
147 1182 175 1210 in
191 1181 290 1218 quibus
301 1183 346 1216 qui
365 1187 528 1217 praesentem
549 1181 637 1209 locum
652 1182 784 1215 habitant,
799 1184 845 1210 deo

47 1228 179 1256 scissent
193 1235 207 1254 a
221 1232 294 1254 recta
311 1227 374 1260 fide,
391 1232 418 1254 et
433 1226 598 1254 extollcntur
613 1227 720 1261 quidem
747 1227 772 1253 in
800 1234 845 1254 se-

46 1273 138 1308 ipsis,
151 1279 182 1300 ut
194 1280 255 1300 cum
269 1273 360 1301 divino
374 1272 457 1300 David
468 1273 566 1304 dicam,
579 1280 623 1308 qut
634 1272 793 1300 esacerbant
802 1264 843 1300 ’ές

46 1319 81 1346 in
99 1319 220 1346 audacia
235 1326 298 1346 vere
314 1326 362 1346 sua
379 1319 565 1350 destrucntur,
581 1323 608 1345 et
622 1318 735 1345 altitudo
750 1325 845 1345 eorum

48 1368 175 1399 repente
188 1363 294 1392 decidet
306 1363 338 1391 ³⁷.
358 1372 367 1389 ›
383 1363 488 1391 Dictum
501 1371 544 1391 res
560 1363 747 1398 comprobavit
764 1372 770 1389 :
788 1354 845 1390 sui-

46 1409 151 1438 fectus
162 1410 234 1436 enim
246 1409 324 1437 Saba:
341 1415 406 1436 nutu
429 1409 455 1436 in
471 1408 584 1436 Joannis
601 1409 689 1436 locum
721 1409 820 1436 Paulus
834 1427 842 1441 ,

49 1456 98 1483 vir
116 1455 244 1489 simplex,
263 1455 290 1482 in
320 1455 516 1482 monachorum
532 1459 633 1482 coetum
658 1459 776 1489 quatuor
795 1455 845 1482 ho-

481 108 763 139 ORIGENlANORUM
782 110 845 138 LIB.

866 109 898 144 ll,
915 111 990 139 CAP.
1011 111 1054 145 IV,
1075 111 1171 140 SECT.
1192 113 1224 140 ll.
1600 117 1668 143 illi!

853 173 876 201 Α
892 177 972 197 unum
997 170 1022 197 id
1038 171 1117 198 enixe
1138 171 1284 205 postulavit
1304 171 1401 205 Sabas,
1415 177 1446 201 ut
1465 173 1533 207 Arii,
1549 172 1664 201 Nestorii

890 221 917 244 ot
932 215 1057 251 Origenis
1070 218 1205 252 dogmata,
1225 218 1323 252 quibus
1342 218 1468 246 Ecclesiae
1484 220 1665 247 conturbaba-

891 265 935 288 tur
951 261 1142 296 tranquillitas,
1160 262 1194 290 de
1211 263 1300 291 medio
1316 263 1484 292 tollerentur.
1501 265 1602 292 Annuit
1617 266 1667 292 im-
1701 278 1703 280 -

890 310 1008 340 perator,
1040 310 1068 334 et
1099 307 1218 335 Antonio
1245 307 1447 342 Ascalonitano,
1471 315 1499 337 et
1528 310 1667 338 Zacharias

890 351 970 379 Pella:
996 352 1129 388 episcopis
1154 360 1204 388 per
1234 353 1338 382 litteras
1366 355 1439 383 dedit
1466 356 1612 391 negotium,
1638 360 1668 384 ut

890 396 940 424 has
969 397 1142 433 proﬂigarent
1165 399 1292 431 haereses,
1311 403 1338 427 et
1360 400 1525 429 anathemati
1548 402 1666 437 subjice-

891 446 961 469 rent.

927 487 971 515 Ill.
992 488 1047 516 Sub
1062 488 1140 516 linem
1157 490 1297 524 sequentis
1313 491 1375 518 anni
1401 491 1526 520 humanis
1540 498 1667 527 exempto

893 532 974 566 Saba,
985 541 1108 569 magnum
1124 534 1150 561 in
1167 534 1307 563 Palaestina
1322 536 1522 569 incrementum
1547 537 1668 571 Origeni-

893 585 968 606 smus
989 579 1092 613 accepit
1115 587 1122 605 :
1140 579 1290 614 huiusmodi
1303 581 1376 608 enim
1397 581 1558 616 castigatore
1587 589 1668 616 expc.

892 625 963 652 ditus
974 624 1095 657 Nonnus,
1112 625 1270 653 administro
1285 633 1348 654 usus
1359 626 1484 661 Leontio,
1501 634 1554 654 non
1567 627 1669 654 Novam

893 670 979 698 solum
991 670 1121 704 Lautam,
1141 673 1190 700 scd
1216 673 1268 700 alia
1285 673 1366 700 etiam
1384 673 1464 708 hujus
1477 672 1560 700 eremi
1578 679 1670 699 mona-

893 717 974 744 steria
989 723 1064 752 peste
1083 717 1192 746 alllavit.
1209 717 1321 746 Frustra
1334 723 1424 746 tamen
1435 720 1461 746 in
1473 719 1671 753 corrumpendo

894 762 1029 790 Sucacensi
1048 765 1179 792 asceterio
1195 770 1308 793 conatus
1330 773 1393 793 suos
1407 765 1583 800 consumpsit,
1598 768 1672 792 artes

894 807 964 835 illius
980 807 1136 836 exsufﬂante
1149 809 1272 844 Cyriacu,
1292 810 1456 837 admirandae
1472 811 1579 837 virtutis
1595 817 1670 837 sene.

857 844 878 872 Β
892 851 976 886 Igitur
983 857 1011 880 ut
1021 853 1049 880 in
1061 853 1139 888 hujus
1149 855 1303 882 monasterii
1319 855 1437 889 regimen
1452 855 1611 889 allegeretur
1618 853 1672 882 Pe-

893 902 951 925 trus
975 897 1186 932 Alexandrinus,
1205 898 1393 934 Origenisticte
1420 899 1461 927 vir
1478 899 1599 926 addictus
1628 906 1672 926 se.

893 947 952 974 clas,
967 942 1079 977 perfecit
1095 943 1208 972 Nonnus
1221 953 1228 972 :
1248 951 1340 972 verum
1357 949 1386 972 ut
1399 945 1422 972 is
1433 944 1581 974 doctrinam
1595 952 1672 972 suam

893 987 1027 1022 explicare
1046 989 1139 1024 erepit,
1157 997 1254 1025 magno
1279 990 1370 1017 statim
1393 990 1511 1016 omnium
1538 997 1673 1017 consensu

893 1033 1012 1067 deiectus
1037 1039 1089 1062 est.
1127 1034 1235 1062 Petrum
1267 1035 1349 1062 alium
1383 1034 1487 1063 Graecia
1514 1035 1671 1068 oriundum,

893 1079 991 1113 prioris
1017 1079 1090 1107 Petri
1110 1080 1279 1108 consimilem
1305 1085 1332 1108 et
1363 1081 1532 1116 partiarium,
1550 1082 1628 1116 eique
1657 1089 1673 1108 a

896 1124 982 1153 Nonni
999 1123 1111 1153 asseclis
1127 1126 1278 1159 suffectum,
1297 1126 1429 1154 Catholici
1449 1127 1541 1154 itidem
1562 1127 1673 1154 abdica-

895 1177 958 1198 runt
973 1171 1114 1206 dignitate,
1133 1177 1161 1200 et
1182 1171 1342 1200 Cassianum
1370 1173 1477 1200 tandem
1501 1172 1674 1208 Scythopoli-

895 1221 998 1251 tanum,
1015 1216 1076 1245 fidei
1086 1225 1118 1245 ac
1133 1225 1239 1245 morum
1256 1217 1411 1253 integritate
1418 1218 1569 1251 florentem,
1583 1227 1675 1246 mona-

904 1263 983 1290 sterii
1014 1261 1166 1291 Sucaaensis
1195 1263 1434 1290 archimandritam
1466 1264 1674 1291 constituerunt.

894 1307 1022 1342 Cyrillum
1036 1315 1144 1343 quoque
1155 1310 1329 1342 monachum,
1344 1309 1390 1344 qui
1402 1309 1480 1338 Saba:
1503 1308 1590 1336 Vitam
1603 1309 1675 1338 litte-

895 1353 933 1380 ris
948 1353 1095 1386 mandavil,
1121 1354 1155 1382 ad
1168 1355 1290 1382 eumdem
1314 1354 1457 1390 Cyriacum
1479 1355 1583 1383 litteras
1602 1355 1676 1382 ferro

892 1397 972 1432 jussit
982 1398 1098 1427 Joannes
1107 1399 1287 1433 Silentiarius,
1296 1401 1450 1436 episcopus,
1459 1401 1485 1428 in
1498 1401 1575 1428 Saba:
1587 1401 1676 1429 Laura

896 1448 958 1472 tunc
968 1445 1097 1479 temporis
1111 1446 1282 1479 delitescens,
1295 1445 1457 1481 Origenistis
1472 1446 1602 1480 infensus,
1617 1447 1678 1482 qui-

48 1503 149 1530 mines
162 1501 326 1536 Origeniana
341 1501 385 1528 lue
400 1501 558 1529 laborantes
568 1508 622 1529 non
640 1501 706 1529 satis
734 1508 843 1536 perspe—
857 1509 879 1539 ο
896 1490 946 1539 δεῖν
969 1491 1049 1518 em“
1068 1491 1102 1539 3P
1116 1499 1150 1539 ἕο
1166 1491 1327 1539 ηοειυΙθιιθι,
1346 1492 1489 1539 ιξι--Νοηηῖ
1506 1501 1542 1539 ξω
1559 1492 1676 1539 ιεοηὲίί-

49 1553 98 1575 cta
123 1554 219 1574 eorum
235 1547 357 1574 doctrina
373 1545 483 1573 admisit
497 1554 504 1572 :
517 1554 586 1581 quos
599 1547 671 1575 inter
682 1547 784 1582 primas
794 1547 844 1575 ob-

50 1592 187 1619 tinebant
200 1591 314 1619 Nonnus
328 1591 439 1626 quidam
452 1590 626 1624 Palaestinus,
643 1600 696 1620 non
720 1592 845 1628 Origeni-

50 1642 165 1664 starum
194 1638 336 1667 duntaxat.
366 1637 412 1663 sed
437 1636 577 1671 gentilium
596 1637 678 1664 etiam
704 1643 732 1666 et
759 1637 845 1666 Manis

50 1683 197 1710 chaeorum
217 1681 356 1709 erroribus
373 1681 539 1716 implicatus,
560 1687 587 1709 et
599 1682 730 1710 Leontius
745 1683 846 1719 Byzan-

52 1729 126 1761 tius,
138 1727 217 1754 velut
228 1727 288 1755 aliis
301 1727 398 1762 placet,
411 1727 579 1764 Byzacenus.
591 1728 624 1755 Hi
638 1729 687 1755 sub
713 1729 843 1764 Agapeto,

51 1781 141 1808 quem
154 1772 235 1800 Norae
249 1773 344 1801 Laura:
363 1781 480 1809 praeesse
493 1774 612 1808 iusserat
638 1773 724 1802 Sabas
735 1795 743 1808 ,
770 1781 845 1810 post-

50 1826 141 1854 quam
157 1818 255 1846 Paulus
266 1819 420 1847 solitudinis
431 1827 527 1847 amans
540 1819 567 1846 in
580 1819 708 1848 Arabiam
722 1821 844 1854 secessit,

53 1865 197 1893 insaniam
221 1873 298 1893 suam
327 1865 514 1900 prodiderunt.
534 1866 593 1900 Quo
610 1871 752 1902 comperto
781 1867 847 1895 Elia;

52 1910 292 1946 Jerosolymorum
301 1912 433 1947 episcopi,
446 1916 475 1939 et
488 1911 567 1940 Saba:
577 1912 690 1940 consilio
702 1919 767 1940 usus
778 1913 847 1948 Aga-

53 1962 154 1992 petus,
169 1963 203 1984 ne
223 1956 303 1984 latius
321 1962 446 1991 serperet
470 1957 557 1990 labes,
588 1957 754 1993 Origenistas
773 1957 846 1986 laura

54 2003 205 2031 confestim
224 2004 388 2031 exturbavit.
408 2002 464 2031 Nec
483 2004 630 2039 impetrare
648 2009 794 2040 potuerunt
808 2005 845 2033 illi

55 2050 92 2076 ab
105 2048 335 2084 Jerosolymitano
348 2049 472 2084 praesule,
499 2050 545 2085 qui
574 2050 638 2078 Elite
662 2051 802 2084 successit,
819 2056 848 2078 ut

57 2095 85 2121 in
118 2094 254 2129 integrum
274 2094 501 2126 restituerentur;
533 2095 622 2129 quoad
654 2102 700 2123 eos
718 2095 846 2128 Marnas,

58 2143 124 2173 post
141 2138 253 2173 Agapeti
268 2138 381 2172 obitum,
401 2139 482 2166 Novm
500 2139 595 2167 Laurte
613 2145 702 2167 rector
716 2142 845 2175 suscepit,

896 1536 1062 1572 aliorumque
1077 1536 1303 1572 Origenistarum,
1319 1538 1364 1573 qui
1382 1536 1483 1565 Novam
1505 1537 1620 1565 Lanram
1637 1538 1678 1565 in—

895 1582 1029 1614 sidebant,
1044 1581 1255 1610 confutationem
1273 1587 1301 1610 et
1312 1583 1438 1611 exsilium
1449 1591 1464 1610 a
1478 1585 1531 1611 Deo
1548 1584 1678 1618 impetra-

896 1633 947 1656 ret.
964 1628 1112 1664 Respondit
1128 1628 1258 1665 Cyriacus
1275 1637 1357 1664 prope
1366 1637 1436 1662 esse,
1450 1637 1510 1657 cum
1527 1630 1678 1658 miserrime

895 1675 1009 1703 Nonnus
1035 1680 1062 1703 et
1082 1674 1211 1702 Leontius
1232 1680 1323 1703 essent
1338 1676 1484 1708 interituri,
1500 1675 1595 1710 reliqui
1615 1683 1678 1703 vero

897 1721 1014 1755 ipsorum
1029 1721 1139 1748 assecke
1155 1728 1170 1748 e
1191 1720 1265 1748 Nova
1281 1720 1367 1748 Laura
1383 1721 1593 1755 expellerentur.
1610 1721 1678 1748 Tum

897 1774 1035 1794 sermones
1049 1766 1119 1793 hunc
1139 1766 1210 1794 inter
1236 1770 1264 1793 et
1285 1765 1412 1801 Cyrillum
1433 1767 1466 1794 de
1490 1767 1570 1794 rebus
1583 1767 1678 1803 Orige-

898 1814 1027 1841 nistarum
1047 1811 1117 1840 ultro
1140 1812 1263 1847 citroque
1281 1813 1386 1840 habitos
1411 1813 1493 1841 fuisse
1513 1819 1606 1840 narrat
1634 1814 1678 1841 Si-

897 1865 974 1885 mcon
994 1857 1199 1892 Metapbrastes,
1221 1865 1235 1885 a
1252 1866 1305 1894 quo
1322 1859 1427 1894 Cyriaci
1450 1858 1510 1886 Vita
1525 1859 1679 1894 conscripta

896 1908 950 1930 est.
966 1902 1044 1930 Circa
1061 1903 1112 1930 hoc
1130 1902 1217 1937 ipsum
1236 1907 1340 1937 tempus
1355 1902 1442 1937 aliqua
1458 1902 1584 1937 Origenis
1609 1910 1679 1937 Opu-

896 1949 969 1977 scula
988 1948 1107 1976 Bellator
1123 1949 1263 1984 presbyter
1277 1947 1304 1975 in
1321 1947 1445 1974 Latinam
1457 1948 1575 1984 linguam
1593 1949 1679 1976 refun-

897 1994 987 2022 debat.

932 2049 977 2076 ιν.
1000 2049 1053 2077 [les
1078 2049 1275 2084 aliquantisper
1305 2047 1484 2083 lranquillatre
1509 2047 1679 2080 videbantur,

897 2103 959 2123 cum
990 2094 1077 2122 Nonni
1105 2094 1229 2128 discipuli
1255 2094 1423 2121 Domitianus
1454 2098 1482 2122 et
1511 2093 1679 2127 Theodorus,

897 2146 1076 2176 cognomento
1091 2140 1213 2172 Ascidas,
1234 2140 1394 2175 Ancyranus
1418 2140 1472 2173 ille,
1490 2140 1533 2167 hic
1549 2139 1680 2168 Caesarea)

58 2184 263 2219 Uiigenismum
283 2184 395 2219 quidem
421 2185 447 2212 in
465 2186 524 2212 sinu
540 2190 689 2219 gestantes,
705 2187 752 2214 sed
767 2186 846 2214 Saba:
863 2178 884 2206 ί)
899 2186 1074 2221 Cappadocia;
1091 2189 1198 2213 creatus
1208 2185 1329 2218 antistes,
1343 2185 1376 2212 ad
1397 2186 1606 2220 promovendum
1619 2185 1681 2213 Ori-

58 2236 136 2258 Iuetu
150 2231 269 2258 animum
289 2231 500 2259 dissimulantes.

96 2277 129 2303 ll.
145 2276 306 2305 Crassantes
320 2278 421 2306 interea
436 2285 483 2312 per
497 2277 667 2305 Palaestinam
692 2277 845 2305 Samarita-

59 2324 88 2350 ni
103 2323 232 2351 maximis
243 2323 444 2351 calamitatibus
464 2331 520 2351 rem
545 2322 726 2350 Christianam
744 2323 848 2351 afllixe-

59 2374 137 2397 runt.
153 2369 242 2397 Nihilo
256 2369 344 2396 secius
368 2368 559 2401 Justinianum,
574 2369 686 2404 ejusque
708 2369 847 2404 coujugem

59 2414 244 2448 Theodoram,
259 2422 356 2442 recens
370 2415 513 2449 imperium
534 2414 645 2449 adeptos
658 2413 782 2442 confictis
799 2422 846 2442 ca-

60 2452 175 2487 lu‘mniis
191 2460 421 2487 circumvenitvir
443 2460 574 2495 dignitate
597 2459 721 2491 illustris,
740 2460 848 2487 nomine

62 2506 206 2538 Arsenius,
225 2511 283 2533 arte
306 2511 443 2534 veterator
462 2513 493 2533 ac
510 2505 688 2541 sycophanta,
704 2509 732 2532 et
748 2505 846 2532 Sama-

62 2552 215 2578 ritanorum
227 2552 367 2579 seditionis
380 2559 489 2578 causam
508 2552 532 2577 in
547 2550 717 2578 Christianos
735 2550 844 2577 refudit.

60 2597 168 2630 Quibus
184 2597 303 2631 acceptis
318 2596 416 2624 Sabam
429 2597 577 2624 refutanda:
594 2595 736 2624 calumnia:
749 2595 782 2623 ad
798 2596 849 2623 im-

61 2648 218 2678 peratorem
242 2643 340 2679 allegat
366 2642 612 2678 Jerosolymitanus
636 2642 751 2671 antistes
777 2650 848 2671 anno

61 2691 163 2718 Christi
183 2690 245 2717 550.
279 2690 440 2717 Liberaliter
462 2697 524 2717 eum
541 2690 641 2724 excipit
667 2688 850 2720 Justinianus,

63 2737 221 2771 prolixeque
236 2737 326 2764 omnia
351 2736 533 2772 delert.{l‘um
554 2743 619 2764 vero
654 2743 710 2771 prae
739 2735 846 2763 caeteris

100 2825 121 2840 ³⁸
133 2824 209 2852 Psal.
223 2831 286 2856 va,
299 2823 324 2850 7.

186 2871 321 2899 PATttOL.
342 2869 389 2899 Gtt
421 2870 522 2900 Xl'll.

897 2231 1048 2266 genismum
1063 2238 1157 2258 recens
1172 2229 1273 2265 adepta
1284 2235 1418 2265 potestate
1431 2230 1507 2258 abusi
1528 2234 1602 2258 sunt.
1626 2230 1680 2257 Eo-

899 2285 957 2304 rum
979 2277 1079 2312 quippe
1098 2276 1223 2311 praasidio
1247 2276 1340 2303 conﬁsi
1365 2275 1525 2312 Origenistaa
1547 2284 1599 2303 non
1623 2276 1680 2311 jam

899 2329 946 2356 per
957 2321 1104 2354 cuniculos,
1121 2328 1172 2348 non
1185 2321 1305 2348 subdolis
1322 2322 1576 2350 ratiocinationibus
1589 2322 1682 2348 inrau-

901 2374 941 2396 tas
959 2372 1063 2394 mentes
1074 2374 1228 2401 expugnare
1239 2372 1385 2399 tentarunt,
1399 2367 1445 2395 sed
1461 2373 1552 2402 aperta
1567 2367 1591 2393 vi
1606 2375 1683 2401 gras—

900 2418 1001 2445 santes,
1017 2413 1099 2440 armis
1117 2412 1253 2445 instructi,
1271 2419 1384 2446 quorum
1400 2413 1505 2440 animos
1518 2413 1682 2441 labefactare

899 2468 952 2488 non
975 2463 1119 2494 poterant,
1143 2465 1236 2485 eorum
1263 2459 1424 2486 monasteria
1445 2459 1564 2487 funditus
1591 2459 1683 2486 dirue-

899 2506 973 2533 bant.
993 2505 1025 2532 Et
1054 2505 1080 2532 in
1108 2506 1251 2532 maximam
1281 2512 1386 2539 quoque
1411 2505 1488 2532 Sabze
1509 2504 1625 2532 Lauram
1649 2513 1682 2533 ea

900 2557 1003 2587 strages
1022 2551 1199 2583 incubuisset.
1216 2551 1267 2578 nisi
1291 2551 1334 2577 via
1360 2550 1519 2577 aberrantes
1540 2549 1566 2577 in
1586 2558 1683 2585 aspera

899 2597 1060 2625 incidissent
1076 2596 1146 2628 loca,
1165 2596 1234 2624 unde
1249 2596 1347 2623 inlecta
1363 2603 1392 2623 re
1404 2596 1497 2630 pedem
1520 2595 1627 2622 demum
1641 2601 1684 2621 re-

899 2643 1027 2671 tulerunt.
1043 2643 1154 2678 Magnos
1170 2643 1251 2670 etiam
1268 2650 1302 2670 ex
1315 2649 1348 2669 eo
1370 2644 1547 2676 sumpserunt
1558 2639 1682 2674 spiritus.

896 2689 966 2724 quod
987 2689 1097 2717 Petrum
1114 2688 1366 2723 Jerosolymitanum
1390 2687 1544 2722 episcopum
1571 2693 1684 2720 compo-

896 2734 956 2762 sitis
972 2735 1039 2763 dolis
1049 2742 1082 2763 eo
1096 2734 1282 2770 perpulerunt,
1297 2737 1328 2761 ut
1349 2733 1376 2760 in
1400 2732 1616 2760 communionem
1639 2738 1682 2758 re-

366 2823 387 2839 "
399 2823 490 2858 Cyrill.
504 2824 530 2851 in
549 2822 606 2851 Vita
620 2822 647 2851 S.
666 2822 752 2855 Saba',
769 2829 827 2856 cap.
843 2820 888 2854 i9,
900 2821 944 2848 5i).

1489 2867 1527 2898 37
