1927 3076
278 88 348 117 ιΙΙθδ

906 93 936 121 Ρ.
956 94 1112 122 DANIELIS
1131 94 1246 124 HUETII

1824 100 1883 127 “Gl

275 147 379 180 riperet
408 146 516 174 Petrum
544 148 767 183 Alexandrinum,
794 157 873 184 quem
901 149 1053 178 Sucmensis
1067 155 1091 182 Α
1106 160 1158 186 ψιο
1182 156 1291 180 notatur
1316 155 1470 189 monachus,
1487 156 1573 183 oritur
1586 164 1618 184 ex
1645 160 1720 190 ιιι-Π,
1745 158 1882 183 conturba-

277 193 432 220 monasterii
446 193 600 227 praefectura
615 195 753 229 depulsum
776 196 905 229 diximus,
923 202 949 225 et
967 197 1052 225 Joan—

275 245 336 265 nem
366 243 543 273 cognomento
565 239 747 276 Strongylum.
763 241 823 274 Quo
850 241 921 270 facto
951 247 1053 271 tantum

272 283 433 319 Origenistis
447 285 562 312 accessit
577 287 691 319 tiducitc,
716 292 745 315 ut
768 288 823 323 jam
849 296 1053 324 quaquaversus

271 330 421 357 doctrinam
452 337 539 362 suam,
562 332 601 359 sic
626 336 751 366 tanquam
774 333 869 368 legem,
900 335 1053 370 promulga-

272 379 347 407 rent;
377 375 399 402 si
424 382 491 410 quos
511 377 605 405 obvios
634 378 764 406 haberent
790 379 963 416 Jerosolymaa
995 389 1051 409 mo-

271 421 373 450 nachos
392 423 570 456 orthodoxos,
594 425 663 452 male
694 426 838 454 multantes
867 425 979 461 turpiter
1000 427 1050 462 eji-

268 471 380 502 cerent;
396 468 496 498 mullos
508 470 589 497 etiam
602 471 773 505 gravissimis
797 473 936 508 suppliciis
951 480 1051 501 excru-

268 511 383 540 ciarent.
401 512 504 546 Quibus
519 515 552 542 ad
565 522 612 543 eos
624 516 796 552 perlatis,qui
815 518 886 545 circa
904 517 1048 547 Jordanem

268 558 346 586 sedes
364 564 520 593 posuerant,
539 561 572 588 ad
593 569 670 596 opem
688 563 769 591 sociis
781 563 919 591 ferendam
941 570 1048 598 coeunt,

266 607 295 630 ct
309 602 335 630 in
350 603 428 631 Sabte
440 603 568 637 Lauram.
582 606 654 633 Velut
671 607 697 634 in
709 608 936 643 propugnaculum
954 609 1050 636 confu-

267 649 356 683 giunt.
368 649 402 677 At
416 650 479 678 illuc
492 658 600 686 quoque
615 660 695 680 manu
709 653 780 680 facta
798 654 924 681 advolant
950 654 1045 690 Orige-

266 695 355 728 nistaa,
368 700 395 723 et
409 695 512 724 foribus
525 697 658 732 eliractis,
675 698 763 726 Laura
789 699 878 734 potiti,
895 708 928 727 cx
952 701 1046 728 ortho-

266 740 345 769 doxis
358 742 510 777 complures
524 743 683 772 vulneribus
697 745 854 772 concidunt.

303 788 334 816 ν.
347 789 410 817 Περ
426 788 452 817 in
474 789 534 817 Vita
548 789 628 817 Salue
642 798 756 818 narrans
767 790 893 825 Cyrillus,
907 795 934 818 et
952 791 1044 826 Orige-

1105 197 1151 229 uit,
1163 199 1299 230 perterruit
1315 200 1399 227 :hinc
1418 200 1479 236 quis
1496 200 1611 229 fortasse
1633 202 1790 232 sarabaitas
1804 201 1882 229 dictos

1103 246 1180 276 putet
1203 244 1350 272 monachos
1383 245 1526 280 inquietos,
1552 252 1729 274 contumaces
1750 251 1778 274 et
1794 248 1880 274 turbu-

1104 288 1205 322 lentos;
1235 297 1296 316 nam
1321 297 1367 318 cos
1393 291 1464 319 inter
1478 299 1509 319 se
1526 291 1652 319 altercari
1669 297 1697 319 et
1723 293 1883 321 contendere

1102 334 1195 362 solitos
1216 335 1297 362 tradit
1323 335 1512 370 Hieronymus.
1535 335 1697 364 Nominatos
1713 337 1825 371 quidam
1838 345 1879 364 su-

1102 378 1238 412 spicantur
1251 379 1304 406 ᾰπὺ
1319 379 1365 406 τοῦ
1376 379 1510 415 Σαράὸου,
1527 379 1651 406 τουτέστι
1666 379 1716 406 τοῦ
1731 381 1881 414 γυναικεία)

1101 423 1212 457 αῑδόίου,
1227 423 1266 452 sic
1279 425 1350 452 enim
1367 432 1459 453 vocem
1473 425 1542 452 hanc
1564 425 1783 461 interpretantur
1799 426 1880 461 llesy-

1101 470 1178 498 chius
1192 474 1219 497 et
1245 469 1352 498 Suidas.
1377 470 1496 506 Prompti
1514 475 1604 499 autem
1617 476 1698 499 erant
1718 471 1746 498 in
1759 478 1881 499 venerem

1101 517 1246 544 sarabaitze
1261 524 1268 543 :
1287 521 1457 552 quapropter
1475 517 1513 544 ait
1531 516 1696 545 Humbertus
1709 517 1858 545 cardinalis
1873 525 1881 544 :

1102 573 1111 589 ι
1128 562 1204 591 Unde
1217 569 1243 591 et
1262 563 1425 591 fornicantes
1441 563 1591 591 sarabaitas
1608 569 1777 591 venerantur
1789 572 1799 597 ;
1813 573 1822 590 I
1836 565 1880 592 sed

1098 609 1272 636 verisimilius
1288 613 1337 641 est,
1352 609 1422 644 quod
1434 609 1572 636 attulimus
1587 610 1678 644 priore
1690 609 1752 638 loco
1765 610 1881 638 nominis

1099 654 1178 690 hujus
1190 655 1380 690 veriloquium.
1395 655 1461 683 Utut
1475 660 1516 682 est
1543 663 1596 683 non
1620 661 1721 690 ιιι-ωιοπ
1746 657 1878 684 rationem

1098 700 1170 727 credi
1187 701 1282 735 possit,
1295 699 1425 734 ejusmodi
1443 700 1564 728 convicio
1587 702 1646 736 pios
1667 705 1696 729 et
1716 702 1880 730 orthodoxos

1098 746 1245 774 monachos
1268 747 1301 774 ab
1316 746 1405 781 impiis
1422 746 1582 782 Origcnistis
1605 747 1690 779 fuisse
1713 749 1852 775 traductos
1870 757 1878 775 :

1097 791 1143 818 sed
1166 791 1231 818 nihil
1247 797 1334 819 tamen
1365 797 1522 820 mutamus:
1541 800 1590 820 nec
1620 793 1774 821 asserimus
1799 795 1877 829 quid-

265 834 400 863 nistarum
430 834 537 862 illorum
560 836 734 871 petulantiam
758 837 926 868 describens,
944 845 953 862 (
974 836 1043 870 Quin
1060 827 1080 855 Β
1096 844 1186 872 quam,
1200 837 1246 864 sed
1261 842 1362 864 tantum
1377 839 1561 872 proponimus.
1578 839 1667 874 Atque
1681 839 1741 867 haec
1756 827 1855 867 obiter.

264 881 357 914 etiam,
371 881 470 915 inquit,
483 881 506 909 si
522 881 639 916 aliquem
667 889 701 910 ex
726 882 886 910 orthodoxis
904 881 1044 909 monachis

263 927 507 962 deprehendissent
523 927 549 955 in
561 932 654 956 sancta
670 929 789 962 civitate,
806 924 886 964 impia
902 937 981 969 manu
1001 929 1043 956 fe-

263 975 364 1003 rientes
389 980 415 1003 et
442 976 563 1003 sabaiten
590 980 726 1008 vocantes,
758 975 832 1003 illinc
852 983 913 1004 eum
929 977 1044 1011 turpiter

261 1022 431 1057 cxpellcbant
450 1030 455 1047 :
474 1022 631 1057 rlsabaiten
650 1022 778 1058 intellige,
795 1021 1042 1049 Sabacsectatorcm

260 1072 288 1094 ct
303 1067 480 1102 discipulum;
496 1067 548 1095 nisi
571 1067 641 1095 forte
668 1067 745 1095 malis
760 1068 861 1102 legere,
875 1067 1040 1095 sarahaiten.

259 1114 367 1148 Triplex
386 1119 444 1141 erat
469 1114 538 1149 apud
562 1110 702 1150 Egyptios
726 1114 920 1141 monachorum
945 1121 1040 1149 genus,

258 1160 467 1194 cmnobitarum,
501 1160 727 1188 anachoretarum
771 1165 798 1187 et
830 1160 1038 1187 sarabaitarum.

258 1206 407 1234 Sarabaitae
417 1206 526 1241 proprio
539 1206 651 1233 arbitrio
662 1206 788 1234 vivebant
809 1211 885 1234 extra
901 1205 1037 1238 cmnobia,

259 1252 383 1280 homines
399 1252 485 1284 avari,
502 1252 658 1287 hypocrita,
671 1256 845 1283 scortatores.
858 1251 956 1286 gulosi.
970 1251 1039 1279 Dicti

255 1298 381 1325 videntur
401 1305 415 1324 a
439 1302 513 1331 τεο,
540 1297 658 1330 rebellis,
682 1297 860 1331 refractariur,
887 1302 1038 1324 contumax.

254 1345 402 1373 Metninere
421 1344 528 1373 illorum
540 1344 696 1375 Cassianus,
715 1343 888 1376 Benedictus,
905 1343 1038 1370 llumber-

255 1396 307 1423 tus,
320 1390 375 1422 lvo.
389 1395 417 1418 et
429 1390 486 1418 alii.
501 1390 616 1418 Eosdem
630 1389 761 1416 remobolh
778 1389 926 1424 appellatos
942 1388 1038 1416 scribit

253 1438 433 1474 Hieronymus
450 1438 528 1473 epist.
551 1437 596 1470 2'2,
612 1439 644 1465 ad
665 1437 806 1471 Eustoch.,
835 1445 896 1472 cap.
914 1438 958 1465 l5.
972 1438 1036 1470 Qui-

251 1485 313 1512 dam
325 1484 418 1520 legunt
432 1484 561 1516 rembath,
573 1491 652 1518 quam
673 1491 765 1511 vocem
787 1491 802 1510 a
824 1481 919 1511 Graeco
933 1483 1035 1519 ῥέμϐος
1048 1498 1070 1527 c

251 1531 385 1558 detortam
408 1529 506 1564 aliquis
535 1528 648 1557 forsitan
679 1529 886 1558 existimaverit.
917 1529 1034 1565 Ῥέμὸος

252 1576 389 1604 hominem
404 1581 502 1610 vagum
518 1579 598 1610 atque
612 1582 736 1603 erronem
750 1580 837 1602 sonat.
847 1575 926 1603 Tales
941 1581 1032 1603 autem

249 1622 403 1651 sarabaitae.
415 1621 570 1654 Cassianus,
583 1620 671 1649 collat.
682 1620 724 1652 l8,
743 1630 753 1646 ι
770 1621 926 1649 Sarabaitas
936 1630 946 1647 ι
958 1628 1032 1649 asse-

248 1669 286 1696 rit
297 1677 306 1694 ‹
321 1675 374 1695 non
384 1672 526 1696 contentos
533 1667 637 1695 abbatis
645 1675 708 1694 cura
717 1671 797 1702 atque.
810 1667 921 1702 imperio
935 1667 1033 1703 guber-

251 1715 320 1748 nari,
339 1715 389 1742 hoc
403 1714 539 1749 praecipue
559 1721 718 1748 procurare,
735 1717 765 1740 ut
783 1713 898 1740 absoluti
913 1722 928 1740 a
942 1714 1032 1741 senio-

249 1768 307 1788 rmn
317 1760 393 1795 jugo,
408 1759 551 1787 exercendi
566 1759 716 1786 voluntates
731 1767 805 1791 suas,
818 1765 844 1787 et
856 1760 1030 1794 procedendi.

248 1807 290 1834 vel
305 1815 359 1841 quo
371 1806 503 1840 placuerit
527 1806 658 1841 eVagandi
679 1806 829 1840 agendique
842 1807 912 1841 quod
925 1806 1029 1834 libitum

247 1851 338 1883 fuerit,
352 1853 469 1880 habeant
489 1851 651 1879 libertatem.
671 1861 680 1877 ι
695 1852 764 1885 Quid
781 1852 803 1879 si
820 1860 868 1886 pro
896 1853 1028 1880 γεγηοὸωή

246 1898 368 1934 legamus
399 1898 533 1930 rehobotli,
563 1905 582 1924 ‘a
610 1902 694 1930 mm,
719 1905 765 1926 seu
785 1904 886 1930 nam,
914 1899 1028 1926 Arabica

245 1951 322 1978 voce,
339 1950 398 1979 qua:
411 1944 570 1970 monachum
596 1948 684 1971 sonat.
703 1943 736 1970 At
755 1943 873 1972 Isidorus
887 1945 932 1972 lib.
954 1952 972 1972 ιι
990 1945 1028 1972 De

244 1989 309 2024 ofﬁc.
337 1988 401 2016 ccci.
424 1995 486 2022 cap.
509 1987 553 2015 l5.
577 1996 586 2013 t
612 1980 723 2015 Sextum
743 1996 827 2023 genus
855 1994 905 2021 est,
929 1990 1026 2025 inquit,

228 2034 439 2066 ,monachorum
457 2037 485 2060 et
517 2033 604 2067 ipsum
633 2033 800 2060 teterrimum
829 2039 910 2069 atque
935 2035 1027 2070 negle-

243 2086 328 2112 ctum,
345 2079 416 2114 quod
434 2085 482 2113 per
497 2077 632 2105 Ananiam
647 2084 674 2106 et
690 2078 850 2114 Sapphiram
866 2080 892 2107 in
913 2082 1025 2110 exordio

241 2125 368 2152 Ecclesia:
380 2123 532 2158 pullulavit,
550 2128 577 2151 et
600 2124 714 2158 apostoli
727 2125 800 2153 Petri
818 2127 964 2155 severitate
976 2136 1025 2156 ex-

1093 887 1102 915 i
1121 882 1163 910 Vl.
1174 883 1329 918 Expugnata
1340 883 1416 911 Saba:
1426 883 1514 911 Laura
1522 885 1555 923 ad
1567 885 1760 920 imperatorem
1769 885 1876 913 Patrum

1094 929 1206 957 consilio
1232 930 1413 964 proﬁciscitur
1438 930 1561 958 Gelasius
1586 932 1753 960 monasterio
1781 931 1875 967 prmio-

1094 979 1164 1008 ctus,
1179 983 1269 1002 rertnn
1283 980 1418 1011 gestarum
1431 984 1563 1003 summam
1575 977 1608 1004 ad
1623 985 1684 1005 eum
1700 977 1853 1012 perlaturus
1867 986 1874 1004 :

1093 1029 1185 1049 verum
1210 1021 1343 1049 Theodori
1359 1022 1536 1050 Caesariensis
1563 1023 1684 1058 episcopi
1697 1024 1800 1051 artibus
1812 1024 1875 1051 ctio-

1092 1073 1166 1096 ctum
1190 1073 1241 1100 est,
1258 1073 1287 1095 ut
1313 1068 1402 1095 omnis
1415 1068 1449 1095 ad
1481 1069 1671 1103 imperatorem
1694 1074 1722 1096 et
1749 1070 1783 1097 ad
1806 1070 1875 1097 Con-

1091 1114 1360 1149 stantinopolitanum
1373 1115 1533 1149 episcopum
1552 1115 1641 1141 aditus
1657 1115 1682 1142 ci
1699 1115 1876 1150 praecludere-

1093 1165 1146 1191 tur.
1158 1164 1185 1186 et
1202 1166 1230 1186 re
1245 1159 1352 1186 tandem
1373 1159 1471 1186 infecta
1497 1159 1657 1186 discederet.
1680 1159 1873 1187 Revertentem

1090 1205 1202 1237 Amorii,
1221 1213 1280 1240 qua:
1293 1203 1419 1239 Phrygia:
1429 1205 1493 1231 urhs
1504 1209 1557 1234 est.
1569 1212 1643 1232 mors
1656 1206 1803 1240 oppressit.
1811 1205 1875 1239 Qui-

1090 1247 1140 1279 lius
1155 1251 1309 1284 intellectis,
1327 1250 1403 1278 Saba:
1418 1250 1533 1277 Lauram
1555 1250 1674 1286 Georgio
1688 1251 1794 1278 cuidam
1809 1260 1875 1279 con-

1089 1304 1218 1324 secraneo
1233 1304 1281 1324 suo
1297 1297 1447 1332 regendam
1472 1296 1647 1323 committunt
1663 1295 1827 1325 Theodorus
1846 1302 1874 1324 et

1090 1341 1266 1369 Domitianus.
1284 1341 1459 1370 Orthodoxos
1480 1341 1524 1368 ille
1549 1341 1694 1369 confestim
1713 1341 1802 1370 Laura
1819 1343 1874 1370 exi-

1088 1389 1135 1424 git.
1149 1390 1183 1416 At
1198 1389 1254 1424 ipse
1268 1396 1376 1423 quoque
1390 1395 1442 1415 non
1459 1388 1544 1415 multo
1562 1391 1623 1422 post
1649 1387 1802 1416 libidinosa:
1825 1396 1873 1416 cu-

1085 1436 1191 1471 jusdam
1211 1435 1373 1470 impuritatis
1388 1435 1528 1462 convictus
1550 1434 1718 1461 monasterio
1742 1435 1872 1470 abigitqr,

1086 1489 1147 1509 cum
1174 1481 1254 1517 paulo
1280 1485 1343 1508 ante
1371 1481 1528 1515 turpissimo
1557 1480 1634 1508 exitu
1659 1479 1772 1507 Nonnus
1791 1480 1872 1508 vitam

1086 1529 1238 1557 clausisset.
1265 1528 1415 1563 Georgium
1429 1527 1537 1561 excepit
1549 1525 1699 1553 Cassianus
1711 1526 1754 1552 vir
1769 1527 1872 1560 sanctis

1084 1579 1111 1603 et
1123 1575 1249 1610 legitimis
1261 1574 1410 1608 disciplinis
1426 1574 1452 1601 in
1471 1573 1549 1601 Saba:
1576 1573 1746 1600 umbraculis
1761 1573 1872 1601 institu-

1084 1626 1143 1654 tus;
1158 1621 1314 1649 Cassianum
1324 1625 1383 1655 post
1391 1621 1482 1648 decem
1498 1627 1604 1647 menses
1612 1619 1769 1647 defunctum
1778 1619 1871 1650 Conon

1083 1668 1211 1696 doctrinae
1227 1667 1380 1703 integritate
1394 1672 1421 1695 et
1432 1667 1531 1694 virtute
1543 1666 1610 1693 nulli
1623 1667 1770 1702 secundus,
1787 1676 1802 1694 a
1814 1676 1868 1703 quo

1082 1713 1271 1749 frequentibus
1288 1714 1406 1741 dissidiis
1423 1713 1532 1745 afﬂicta,
1547 1718 1574 1740 et
1590 1721 1674 1748 prope
1688 1715 1744 1748 jam
1760 1715 1870 1743 deserta

1081 1760 1169 1788 Laura
1190 1761 1323 1788 revocatis
1351 1759 1477 1787 Patribus
1500 1759 1659 1787 orthodoxis
1680 1761 1707 1787 in
1722 1761 1869 1795 pristinum

1080 1807 1248 1842 splendorem
1269 1809 1391 1834 restituta
1416 1812 1480 1834 est:
1510 1814 1569 1833 cum
1595 1808 1746 1842 pricsertim
1776 1808 1870 1841 proﬂi-

1080 1853 1168 1888 gando
1188 1852 1358 1887 Origcnismo
1383 1859 1492 1887 operam
1522 1859 1597 1878 suam
1629 1857 1743 1880 navaret
1770 1852 1868 1880 iisdem

1081 1899 1247 1934 temporibus
1263 1898 1432 1925 Theodosius
1448 1898 1518 1931 apud
1537 1896 1695 1924 Palaestinos
1707 1898 1866 1924 cmnobiar-

1079 1945 1140 1977 cha,
1156 1944 1202 1979 qui
1218 1945 1289 1971 inter
1303 1943 1442 1978 regionum
1469 1935 1577 1970 illarum
1595 1943 1745 1970 monachos
1763 1943 1865 1977 insigni

1079 1998 1182 2017 morum
1211 1989 1355 2017 sanctitate
1391 1996 1514 2024 magnam
1552 1988 1640 2015 fuerat
1669 1989 1865 2016 auctoritatem

1077 2039 1247 2063 consecutus.
1258 2034 1315 2067 Qua
1327 2034 1435 2061 circiter
1448 2039 1606 2068 tempestate
1615 2035 1710 2060 harum
1723 2035 1864 2069 regionum

1077 2081 1244 2116 Origenistas
1259 2079 1371 2107 collecta
1389 2080 1422 2106 ab
1439 2079 1591 2113 Ephraamio
1602 2080 1776 2107 Antiocheno
1793 2088 1864 2115 prae-

1076 2126 1134 2154 sule
1149 2126 1268 2161 synodus
1281 2125 1453 2153 anathemate
1472 2125 1627 2157 damnavit,
1646 2129 1675 2152 ut
1699 2131 1795 2153 narrat
1817 2134 1866 2153 au-

238 2172 325 2199 cisum
336 2176 377 2198 est
389 2179 397 2203 ;
410 2171 509 2205 quique
528 2170 561 2198 ab
578 2178 612 2198 eo
623 2171 692 2206 quod
705 2172 865 2207 semetipsos
876 2180 890 2199 a
901 2175 1023 2202 ctenobi-
1041 2169 1063 2197 D
1077 2177 1135 2200 ctor
1148 2171 1279 2207 synodici,
1291 2171 1363 2206 quod
1382 2177 1466 2204 nuper
1481 2171 1506 2197 in
1520 2170 1683 2197 Bibliotheca
1693 2171 1765 2206 juris
1782 2180 1864 2199 cauo-

239 2218 285 2245 tali
300 2217 440 2252 disciplina
456 2220 637 2251 sequestrant,
652 2224 699 2244 sua
708 2225 774 2252 sque
787 2223 917 2253 appetunt
940 2220 1020 2247 liberi

237 2262 400 2295 voluntates,
416 2261 605 2297 Egyptiorum
629 2261 717 2297 lingua
740 2264 889 2297 sarrbaitar,
905 2272 952 2292 seu
977 2273 1020 2292 re-

237 2307 318 2334 nuitw
330 2312 530 2342 nuncupantur.
540 2316 549 2333 ι
560 2312 616 2338 ειτῠ
624 2309 695 2335 enim
710 2308 779 2336 idem
788 2315 866 2336 sonat
878 2317 910 2336 ac
923 2312 1019 2338 renuit.

238 2354 291 2381 Sed
310 2359 398 2380 tamen
415 2361 468 2381 non
482 2354 597 2381 absurde
610 2355 671 2389 quis
684 2355 833 2389 conjccerit
846 2356 896 2383 hoc
909 2356 968 2384 loco
981 2357 1019 2384 le-

235 2400 351 2435 gendum
378 2399 494 2426 reht‘vita:
520 2400 590 2434 quod
616 2401 685 2427 idem
715 2404 755 2428 est
786 2408 816 2428 ac
834 2402 970 2434 reliobatlt,
1003 2410 1018 2430 a

233 2449 314 2478 27m,
341 2446 408 2486 adeo
435 2450 464 2472 ut
488 2445 556 2472 duas
580 2447 772 2474 monachorum
795 2447 901 2474 illorum
931 2447 1018 2484 Egy-

239 2491 343 2526 ptiacas
364 2489 566 2525 appellationes,
582 2491 746 2523 sarabaitas,
767 2495 794 2518 et
808 2491 944 2525 rehobuth,
961 2494 1019 2522 sive

233 2537 360 2564 rehivitaa
376 2536 562 2570 expresserit;
579 2536 617 2563 ait
630 2536 701 2563 enim
716 2543 723 2561 :
739 2546 748 2562 ε
768 2536 955 2572 Αἳςγριίοτυῐη
970 2538 1018 2566 lin-

233 2591 284 2616 gua
306 2582 460 2614 sarabaitw.
482 2583 539 2609 sive
561 2583 677 2610 rchivilw
704 2589 902 2618 nuncupantur.
923 2594 933 2611 ι
951 2585 1017 2618 Qua.-

231 2636 282 2655 vox
301 2628 432 2663 posterior
456 2626 533 2656 facile
549 2636 643 2655 recusa
667 2634 707 2656 est
731 2629 757 2656 in
783 2630 892 2657 renuita:
911 2638 921 2657 :
939 2632 1010 2659 unde

229 2673 287 2702 Odo
302 2665 500 2705 Cluniacensis,
517 2672 608 2700 collat.
624 2673 651 2706 5,
669 2682 679 2699 ι
698 2673 752 2701 Nos
772 2675 863 2702 miseri
889 2683 940 2703 non
967 2684 1013 2704 su-

229 2725 289 2745 mus
303 2718 438 2751 monachi,
455 2722 484 2745 ut
504 2717 572 2746 falso
591 2719 773 2752 nominamur,
788 2720 837 2748 sed
853 2721 1007 2754 sarabaitaa,

228 2763 254 2790 id
277 2768 319 2789 est
345 2764 475 2796 renuitte,
504 2763 550 2802 qui
576 2764 668 2799 iugum
701 2765 833 2801 regularis
860 2766 1009 2802 disciplinte

227 2808 373 2834 renuimus.
392 2818 401 2834 ι
419 2809 737 2852 Caeterum'vocabglmp
769 2818 852 2852 :n't,_
863 2821 912 2852 seu
927 2818 1011 2852 rem

1075 2217 1127 2244 uici
1143 2216 1232 2244 recudi
1248 2216 1354 2243 curavit
1368 2216 1571 2243 eruditissimus
1597 2220 1626 2242 et
1647 2216 1865 2244 humanissimus

1075 2263 1206 2290 llenricus
1225 2261 1573 2296 Justcllus,Christophoro
1595 2265 1672 2296 patre
1688 2262 1864 2297 dignissimus

1073 2309 1155 2336 illius.
1178 2307 1284 2335 Fractis
1302 2313 1391 2335 autem
1407 2308 1566 2343 Origenislaa
1582 2307 1685 2334 viribus
1698 2308 1864 2336 destiterunt

1072 2355 1107 2383 ab
1123 2355 1336 2382 orthodoxornm
1363 2354 1558 2384 insectatione;
1583 2352 1685 2380 multas
1699 2360 1765 2380 vero
1790 2353 1864 2381 inter

1075 2407 1105 2429 se
1118 2400 1211 2427 turbas
1229 2405 1257 2426 et
1275 2399 1364 2434 praelia
1385 2398 1574 2426 conciverunt.

1107 2445 1161 2473 νη.
1175 2444 1281 2480 Pelagio
1305 2445 1334 2471 S.
1351 2444 1384 2471 R.
1403 2443 1432 2471 Ε.
1455 2443 1568 2470 diacono
1587 2443 1855 2478 Constantinopolim

1069 2499 1085 2519 e
1104 2491 1244 2519 Palaestina
1259 2490 1384 2518 redeunti
1398 2490 1511 2518 comites
1526 2497 1555 2516 se
1566 2489 1750 2524 adiunxerunt
1761 2498 1859 2517 mona-

1068 2538 1112 2566 chi
1141 2537 1243 2571 aliquot
1273 2535 1419 2563 Paltcstini.
1456 2535 1546 2562 Causa
1578 2535 1635 2562 lucc
1664 2536 1859 2569 proficiscendi

1070 2585 1130 2612 fuit.
1145 2584 1284 2619 Praecipua
1297 2584 1420 2618 quaedam
1433 2590 1465 2610 ex
1481 2582 1605 2617 Origenis
1623 2575 1701 2609 libris
1715 2583 1856 2610 haareseon

1068 2624 1157 2666 capita
1174 2634 1378 2664 excerpserant.
1406 2628 1444 2656 Ea
1461 2627 1616 2655 Justiniano
1633 2627 1745 2661 offerre,
1771 2635 1799 2656 et
1825 2635 1855 2655 ut

1067 2685 1119 2704 una
1132 2683 1192 2704 cum
1209 2675 1326 2710 Origene
1336 2675 1539 2706 damnarentur,
1554 2674 1702 2708 impetrare
1717 2674 1854 2702 volebant.

1066 2723 1192 2750 Florebat
1208 2727 1272 2749 tunc
1288 2721 1417 2755 temporis
1435 2719 1608 2755 imperatoris
1619 2720 1708 2754 gratia
1727 2719 1852 2747 Theodo-

1065 2776 1111 2795 rus
1129 2768 1172 2795 ille
1187 2775 1267 2802 quem
1280 2766 1348 2799 dixi,
1363 2765 1494 2794 Caesarea:
1503 2764 1682 2800 Cappadocia:
1694 2766 1851 2800 episcopus,

1062 2814 1211 2843 acerrimus
1238 2813 1407 2849 Origeniana:
1443 2819 1533 2840 causa:
1566 2817 1756 2847 propugnator
1783 2812 1851 2839 :cui
