1927 3076
59 83 140 109 1165

490 84 775 112 ΟΙΗΕΕΝΙΑΝΘΠΠΜ
795 84 860 112 LIB.
881 83 913 118 ll,
933 83 1010 114 CAP.
1031 84 1076 118 IV,
1096 85 1192 113 SECT.
1212 85 1244 114 ll.

1602 88 1678 124 μισσ

56 150 129 169 cum
146 142 214 169 male
229 142 331 170 idcirco
347 142 426 171 vellet
437 143 574 179 Pelagius,
585 144 747 173 ‘Palzcstinos
761 154 851 174 mona-
864 149 887 178 Α
901 154 961 174 cum
976 147 1106 175 adversus
1119 147 1245 183 Origenis
1262 146 1434 181 sententiam,
1458 150 1519 183 qua:
1534 151 1606 175 astra
1634 155 1686 174 ra--

55 189 133 216 chos
145 188 405 223 Constantinopolim
431 190 568 224 perduxit,
593 195 621 218 et
645 192 848 226 astipulatorem

55 234 172 262 hahens
188 234 291 262 Menam
312 235 638 271 Constantinopolitannm
657 238 847 272 patriarcham,

55 287 72 307 a
90 280 250 308 Justiniano
265 280 406 316 ﬂagitavit,
422 285 451 309 ut
473 290 567 310 eorum
590 284 733 318 postulatis
745 292 847 312 annue-

54 331 116 354 ret.
135 325 234 353 lterum
247 327 493 356 ecclesiasticarum
511 330 650 357 arbitrium
660 331 693 358 ad
707 338 736 358 se
748 331 847 359 deferri

54 372 185 406 gaudens
201 372 347 406 imperator
359 374 412 400 voti
439 381 486 401 eos
505 380 643 410 compotes
659 375 733 408 fecit,
750 381 776 404 ct
800 385 848 404 llo-

55 417 138 444 mine
150 424 200 444 suo
213 417 359 452 Epistolam
377 418 411 446 ad
427 419 534 447 Menam
550 421 683 448 conscribi
698 421 846 458 jussit,qna

53 461 189 497 Origenis
209 467 235 490 et
274 463 498 497 Origenianorum
524 466 676 501 dogmatuni
709 468 847 495 damnatio

52 509 226 536 continetur.
240 508 334 544 Opera:
348 510 463 544 pretium
474 515 515 538 est
533 512 588 546 ipsa
604 512 721 541 Liberali
733 513 846 541 Cartha-

51 554 182 587 ginensis
197 555 379 582 archidiaconi
394 557 475 584 verba
491 558 636 585 recitare"
654 567 663 584 ε
677 558 792 587 lubente
813 567 846 587 eo

52 601 160 628 dictata
177 607 219 629 est
235 601 262 628 in
273 601 431 636 Origenem,
442 608 469 630 et
484 602 510 629 in
526 603 571 630 illa
594 604 711 639 capitula
731 605 845 633 anathe-

52 647 142 675 matis
155 647 394 683 damnatio,qnam
410 648 615 677 subscribentes
629 658 683 678 una
696 658 755 678 cum
769 651 845 679 Mena

50 693 264 729 archiepiscopo
277 695 346 729 apud
356 694 617 730 Constantinopolim
625 697 735 731 reperti,
748 697 845 725 deinde

51 739 162 766 directa
179 744 221 766 est
237 739 334 775 Vigilio
349 740 473 768 Romano
485 741 622 776 episeopo,
637 741 712 770 Zoilo
726 743 845 770 Alexan-

52 785 150 818 drino,
167 785 318 821 Ephracmio
333 787 502 814 Antioclteno
529 793 557 815 et
574 787 654 815 Petro
671 787 845 824 Jerosolymi-

53 835 134 863 Iano,
152 831 251 866 quibus
267 839 327 859 eam
347 831 544 867 accipientibus
557 837 584 860 et
609 833 843 862 subscribentibus

51 875 193 911 Origenes
207 877 351 905 damnatus
372 882 413 905 est
439 883 571 912 mortuus,
592 879 636 913 qui
661 880 754 907 vivens
781 879 844 907 olim

52 921 148 950 fuerat
162 927 227 950 ante
243 923 397 950 damnatus.
417 932 427 949 ι
448 924 487 950 ita
512 924 669 951 Adamantii
690 924 845 952 damnatio-

53 976 117 995 nem
149 968 308 996 nobilissimi
336 969 465 997 Ecclesiac
494 971 630 998 antistites
663 971 767 999 calculo
796 979 845 999 suo

53 1014 315 1049 comprobaverunt.
337 1013 400 1042 llzec
415 1015 488 1043 circa
501 1023 600 1043 annum
624 1016 676 1044 558
703 1017 777 1045 facta
798 1018 845 1045 de-

54 1061 263 1096 prehendimns.

91 1106 159 1135 Vill.
189 1106 297 1134 Minime
321 1114 385 1134 vero
413 1106 593 1142 Origenistas,
619 1110 666 1136 sed
695 1108 840 1144 Origenem

54 1152 147 1185 ipsum
165 1152 215 1178 hac
226 1151 337 1186 epistola
353 1151 610 1187 petitJustinianus,
627 1155 844 1189 enumeratisqnc

54 1199 146 1233 ipsius
162 1198 303 1233 erroribus
321 1198 391 1225 inter
406 1198 550 1226 haireticos
566 1201 762 1227 recensendum
781 1207 844 1228 san-

52 1245 110 1271 cit:
129 1244 162 1271 Et
173 1245 275 1278 τοίνυν,
302 1244 399 1278 inquit,
421 1245 539 1277 ἅπαντες
556 1246 688 1281 αἱρετικθὶ
708 1247 754 1272 ἐπὶ
786 1245 844 1278 ἑνὸς

51 1290 147 1326 τυχὸν,
163 1290 180 1326 ἢ
196 1290 321 1326 δευτέρου
342 1290 474 1325 δόγματος
488 1293 649 1327 παρατροπῇ
669 1291 843 1327 ὲκϐέϐληνται

52 1337 101 1372 τῆς
113 1336 270 1371 ἁγιωτάτης
289 1336 461 1371 Ἐκκλησίας,
478 1330 674 1372 ὑποϐληθέντες
695 1337 843 1373 ἁναθέματι

52 1381 126 1417 μετὰ
151 1382 203 1408 τῶν
232 1381 302 1408 ἰδίων
333 1381 485 1417 δογμάτων,
503 1382 545 1414 τίς
570 1382 639 1414 ὅλως
671 1383 843 1419 Χριστιανῶν

52 1428 181 1461 ἀνέξεται
204 1428 355 1465 Ὠριγένους
366 1436 395 1454 τε
410 1429 456 1455 καὶ
472 1428 526 1455 τῶν
541 1429 667 1465 πονηρῶν
679 1429 761 1456 αὑτοῦ
779 1438 844 1464 συγ-

51 1474 228 1509 γραμμάτων
243 1473 447 1506 ἀντιποιεῖσθαι,
464 1474 510 1500 τοῦ
525 1475 658 1507 τοσαύτας
673 1475 722 1510 μὲν
733 1475 842 1511 εἰρηκό-

52 1530 97 1552 τος
111 1520 298 1556 βλασφημίας,
313 1520 379 1546 πᾶσι
392 1519 421 1546 δὲ
441 1520 533 1555 σχεδὸν
548 1521 695 1557 αίρετικοῖς
709 1521 841 1557 τοσαύτην

53 1567 124 1602 ὕλην
145 1566 282 1598 ἀπωλείας
300 1566 345 1593 καὶ
368 1566 542 1602 βλασφημίας
561 1567 780 1602 παρασχομένου,
795 1567 842 1594 καὶ

51 1612 96 1639 διὰ
108 1611 201 1644 τοῦτο,
214 1611 260 1638 καὶ
277 1610 352 1647 παρὰ
364 1610 419 1638 τῶν
431 1611 514 1645 ἁγίων
523 1611 648 1647 πατέρων
660 1611 775 1638 ἔκπαλαι
790 1611 842 1638 ὑπὸ

52 1657 181 1692 ἀνάθεμα
195 1656 340 1692 γενομένου
353 1656 422 1692 μετὰ
433 1655 487 1683 τῶν
504 1656 634 1693 μυσαρῶν
649 1657 731 1684 αὑτοῦ
741 1657 842 1692 δογμά-

52 1712 127 1735 των;
149 1713 158 1728 ‹
179 1703 207 1730 Si
225 1703 307 1738 igitur
326 1710 419 1730 omnes
436 1703 564 1734 haeretici,
580 1703 614 1730 ob
633 1703 713 1730 unius
727 1702 842 1731 fortasse

53 1749 95 1776 vel
125 1748 238 1775 alterius
260 1748 394 1784 dogmatis
417 1749 622 1783 perversitatem
649 1749 727 1783 ejecti
750 1754 813 1776 sunt
827 1757 842 1776 e

53 1795 231 1822 sanctissima
258 1794 389 1826 Ecclesia,
406 1795 466 1829 quis
488 1802 601 1830 prorsus
623 1794 840 1823 Christianorum

53 1840 202 1868 sustinebit
216 1839 371 1875 Origenem.
389 1841 430 1868 vel
444 1840 562 1868 nefarias
569 1841 626 1876 ejus
640 1840 842 1868 lucubrationes

53 1886 217 1920 defendere,
236 1894 250 1912 a
268 1894 321 1920 quo
344 1891 383 1913 tot
408 1886 561 1921 impietates
589 1886 701 1921 prolatze
726 1890 799 1919 sunt,
815 1891 843 1913 et

54 1937 131 1960 tanta
145 1933 222 1960 exitii
240 1937 267 1961 et
290 1933 437 1968 impietatis
456 1932 568 1960 materia
593 1932 729 1960 universis
745 1939 843 1967 prope-

54 1979 167 2005 modum
184 1977 321 2005 hmreticis
334 1977 540 2005 subministrata
553 1982 605 2010 est,
623 1978 736 2012 ideoque
749 1985 762 2004 τι
778 1985 843 2004 san-

54 2023 109 2050 ctis
125 2022 250 2050 Patribns
265 2023 317 2057 iam
339 2023 403 2050 olim
422 2023 590 2050 anathemati
605 2030 666 2050 cum
683 2022 842 2057 perniciosis

54 2070 115 2096 suis
128 2068 298 2103 dogmatibus
319 2069 458 2103 subjectus
474 2070 534 2097 est?
550 2080 559 2095 ι
577 2070 619 2097 Ad
641 2069 699 2096 haec
719 2073 840 2103 prompta

54 2120 94 2141 est
116 2119 144 2142 et
157 2118 250 2149 parata
266 2115 410 2149 exceptio:
439 2115 460 2142 si
485 2123 562 2142 error
584 2115 740 2142 limrcticum
766 2114 841 2148 facit,

901 193 973 221 tione
989 193 1101 228 prmdita
1128 198 1200 221 esset
1216 194 1302 228 fingit,
1328 194 1480 228 disputans,
1504 194 1574 220 hunc
1600 193 1679 220 affert

899 238 988 266 Basilii
1005 240 1092 267 locum
1109 246 1142 266 ex
1157 239 1257 266 'homil.
1275 239 1292 266 3
1321 240 1348 266 in
1372 239 1500 266 Hexaem.
1520 247 1529 266 :
1550 239 1629 274 Ἡμῖν
1649 239 1678 265 δὲ

898 283 1019 319 καὶπρὸς
1027 283 1089 315 τοὺς
1098 283 1151 310 ἀπὸ
1158 283 1206 318 τῆς
1226 283 1386 319 Ἐκκλησίας
1400 283 1457 309 ἐστί
1470 292 1511 315 τις
1526 283 1603 318 λόγος
1614 284 1679 319 περὶ

897 330 950 357 τῶν
974 329 1166 366 διακριθέντων
1178 329 1291 360 ὑδάτων,
1308 335 1382 364 etc.;
1400 335 1453 357 tmn
1468 330 1563 358 deinde
1580 332 1680 357 suime-

898 376 946 402 ctit
965 384 971 401 :
987 376 1032 401 Δεῖ
1046 375 1074 402 δὲ
1088 375 1230 411 προσέχειν
1247 375 1310 406 τοὺς
1322 375 1468 410 ἀκροατὰς,
1483 375 1523 401 ὅτι
1537 375 1575 410 τῷ
1591 376 1678 402 εἰπεῖν

897 420 941 447 τὸν
948 421 1057 456 Πατέρα
1065 430 1072 437 ·
1077 421 1154 455 Πρὸς
1161 420 1232 453 τοὺς
1239 420 1297 447 ἀπὸ
1305 420 1359 454 τῆς
1366 421 1624 457 Ἐκκλησιασξὲστί
1629 427 1679 447 τιον

896 468 969 501 ’ἡμῖν
980 468 1080 503 λόγος,
1093 468 1314 504 περὶὮριγένους
1327 467 1478 502 διαλέγεται
1488 469 1536 503 τῆς
1548 468 1593 495 τοῦ
1611 467 1678 496 Θεοῦ

896 513 1015 548 χάριτος,
1030 513 1075 539 καὶ
1097 513 1148 547 τῆς
1160 513 1240 547 ἁγίας
1253 512 1299 539 τοῦ
1316 513 1381 539 Θεοῦ
1403 514 1563 548 Ἐκκλησιας
1577 513 1678 540 ἀπελα-

896 557 996 589 θέντος,
1008 558 1054 584 καὶ
1068 557 1123 584 τῶν
1132 557 1289 593 ὀμοιρρόνων
1301 557 1406 593 ἐκείνῳ.
1416 558 1452 584 Οὐ
1466 559 1519 594 γὰρ
1531 557 1591 585 εἷπε
1603 559 1679 594 πρὸς

895 603 965 635 τοὺς
977 603 1011 630 ἐν
1019 603 1056 637 τῇ
1073 603 1244 637 Ἐκκλησίᾳ,
1254 603 1321 630 ἀλλὰ
1328 604 1403 638 πρὸς
1412 603 1481 637 τοὺς
1487 604 1546 631 ἀπὸ
1553 604 1608 638 τῆς
1621 606 1679 632 Ἑκ-

895 648 1038 681 κλησίας,
1055 648 1128 682 ἡμῖν
1137 648 1203 675 ἐστι
1214 657 1257 681 τις
1267 649 1373 684 λόγος·
1392 649 1438 676 καὶ
1459 649 1502 676 διὰ
1519 649 1564 676 τοῦ
1579 651 1678 683 εἰπεῖν,

894 693 976 728 ἡμῖν,
984 694 1047 725 τοὺς
1058 694 1106 729 τῆς
1119 694 1278 730 Ἐκκλησίας
1288 695 1415 730 ἐδήλωσε·
1427 695 1471 722 διὰ
1481 695 1509 722 δὲ
1523 695 1569 722 τοῦ
1581 697 1677 728 εἰπεῖν,

894 740 964 773 τοὺς
975 740 1033 767 ἀπὸ
1043 740 1099 774 τῆς
1113 741 1300 774 Ἐκκλησίας,
1308 741 1371 773 τοὺς
1381 741 1483 777 ταύτης
1491 743 1679 774 ἀποπεσόντας

894 786 1041 822 ἐσήμανεν.
1061 795 1070 811 ι
1091 787 1236 814 Advertere
1252 795 1331 821 porro
1345 788 1443 815 debent
1466 788 1613 818 auditores.
1627 787 1679 815 Pa—

896 836 963 859 trem
982 831 1139 866 (Basilium)
1155 840 1216 859 cum
1231 832 1306 864 dicit,
1326 833 1417 860 Sermo
1432 833 1506 860 nobis
1524 837 1562 860 est
1582 833 1616 860 ad
1634 841 1679 860 eos

895 878 941 911 qui
955 881 1017 904 sunt
1033 876 1091 904 ἀπὸ
1106 876 1161 911 τῆς
1179 877 1359 911 Ἐκκλησίας
1371 898 1378 911 ,
1399 878 1432 906 de
1453 878 1577 913 Origene,
1599 880 1644 914 qui
1662 888 1678 907 a

895 921 982 957 gratia
996 921 1042 949 Dei
1057 926 1084 948 et
1103 929 1117 948 a
1142 926 1236 949 sancta
1262 922 1308 949 Dei
1340 921 1460 950 Ecclesia
1487 924 1611 958 depulsus
1625 929 1676 956 est,

895 968 981 1002 deque
994 967 1051 1001 ejus
1063 968 1171 995 asseciis
1186 968 1289 1000 loqui...
1308 973 1334 996 et
1349 969 1462 997 dicendo
1470 970 1587 1004 quidem,
1600 970 1678 1006 ἡμῖν,

895 1021 941 1041 eos
965 1013 1009 1047 qui
1029 1013 1055 1040 in
1075 1013 1194 1041 Ecclesia
1212 1019 1356 1042 censentur
1371 1015 1549 1050 signiﬁcasse;
1565 1017 1678 1045 dicendo

895 1067 969 1091 vero,
983 1060 1047 1091 τοὺς
1060 1059 1113 1086 ἀπὺ
1131 1060 1178 1095 τῆς
1199 1060 1370 1096 Ἐκκλησίας,
1390 1069 1437 1089 eos
1458 1066 1565 1089 notasse
1581 1063 1626 1097 qui
1644 1070 1677 1090 ea

895 1105 1031 1132 exturbati
1049 1110 1122 1132 sunt.
1144 1115 1153 1132 ι
1171 1105 1271 1140 Nempe
1283 1106 1424 1140 ignorabat
1437 1106 1523 1133 bonus
1537 1106 1580 1134 ille
1592 1107 1677 1142 impe-

895 1155 978 1183 rator,
992 1150 1049 1177 sive
1061 1151 1106 1185 qui
1123 1151 1205 1186 ipsius
1217 1151 1325 1178 nomine
1334 1151 1471 1186 epistolam
1488 1153 1556 1180 hanc
1569 1154 1678 1180 concin-

895 1201 1004 1229 narunt,
1029 1197 1198 1232 particulam,
1215 1197 1287 1230 ἀπό,
1305 1205 1356 1225 non
1381 1198 1585 1233 disjnnctionem
1604 1207 1678 1228 sem-

894 1251 943 1278 per
956 1248 982 1270 et
995 1244 1166 1275 divisionem,
1183 1245 1229 1271 sed
1246 1245 1462 1280 conjunctionem
1481 1246 1572 1279 etiam,
1591 1252 1618 1274 et
1634 1254 1678 1273 se-

895 1293 964 1314 ctam
983 1295 1015 1315 ac
1028 1288 1090 1315 vitae
1105 1289 1258 1315 instittttum
1275 1294 1371 1317 notare
1393 1300 1399 1317 :
1415 1291 1441 1317 οἱ
1458 1291 1511 1317 ἀπὺ
1525 1291 1580 1318 τῶν
1602 1293 1678 1327 αἱρε-

894 1333 974 1365 σέων,
988 1334 1120 1367 licerelici;
1135 1336 1157 1361 οί
1174 1335 1228 1362 ἀπὸ
1242 1336 1291 1371 τῆς
1303 1336 1396 1368 Στόας,
1410 1336 1513 1369 Stoici;
1525 1338 1549 1364 οἱ
1564 1338 1618 1364 ἀπὸ
1630 1338 1679 1366 τοῦ

894 1379 1062 1415 Πυθαγόρου,
1079 1379 1258 1415 Pythagorici.
1279 1381 1371 1416 Igitur,
1387 1382 1410 1408 oi
1424 1382 1477 1408 ἀπὸ
1491 1382 1542 1418 τῆς
1563 1383 1678 1420 Ἐκκλη-

895 1425 964 1457 σίας.
986 1428 1035 1453 hoc
1051 1431 1101 1458 est,
1117 1426 1262 1454 Christiani
1274 1447 1281 1458 .
1293 1428 1478 1461 ecclesiastici;
1496 1430 1528 1456 ad
1544 1438 1590 1457 eos
1604 1431 1676 1458 enim

894 1478 1026 1506 quatenus
1058 1473 1170 1508 paganis
1207 1479 1570 1508 opponuntur,-sermonem
1598 1484 1676 1503 suum

895 1517 1009 1545 Basilius
1032 1518 1175 1545 convertit.
1193 1518 1258 1546 Post
1282 1527 1391 1547 errores
1415 1519 1540 1555 Origenis
1572 1523 1676 1556 prolixe

893 1562 1047 1589 confutatos
1072 1563 1138 1597 petit
1165 1564 1272 1590 demum
1296 1571 1311 1590 a
1339 1564 1417 1592 Mena
1445 1565 1623 1598 Justiniauus,
1649 1573 1678 1594 ut

895 1607 1082 1642 episcoporum
1106 1613 1131 1636 el
1161 1609 1427 1643 emnobiarcharmn,
1445 1611 1490 1645 qui
1518 1616 1580 1639 tunc
1606 1613 1678 1640 Con-

896 1653 1069 1688 stantinopoli
1087 1654 1213 1688 agebant,
1229 1661 1391 1682 conventum
1411 1657 1519 1690 habeat,
1535 1659 1569 1684 ah
1591 1658 1677 1693 iisque

894 1699 1050 1733 Origencni,
1066 1705 1090 1726 et
1109 1699 1234 1734 Origenis
1258 1700 1382 1735 dogmata
1409 1702 1497 1737 respui
1521 1707 1548 1729 et
1565 1705 1677 1730 anathe-

893 1747 973 1772 matis
986 1746 1089 1773 conteri
1107 1750 1249 1780 procuret;
1270 1751 1297 1774 et
1310 1755 1399 1773 rerum
1417 1755 1430 1774 a
1444 1755 1473 1775 se
1491 1748 1516 1775 in
1534 1749 1585 1776 hac
1596 1757 1677 1777 causa

893 1796 1028 1825 gA-starum
1041 1791 1203 1826 exemplaria
1222 1792 1255 1818 ad
1278 1792 1404 1826 prmsules
1433 1798 1460 1820 et
1486 1794 1596 1822 abbates
1609 1803 1677 1830 qua-

894 1844 1044 1871 quaversus
1059 1837 1236 1869 transmittat,
1255 1842 1284 1864 ut
1302 1837 1351 1871 ipsi
1367 1846 1475 1873 quoque
1503 1840 1676 1868 anathemata

894 1882 1018 1917 Origcnis
1040 1883 1150 1917 propria
1178 1883 1377 1918 subscriptione
1400 1884 1570 1912 confirment.
1597 1886 1677 1914 Vetat

895 1933 1025 1963 praeterea
1045 1929 1199 1964 episcopum
1216 1929 1255 1956 vel
1279 1929 1522 1958 archimandritam
1548 1933 1674 1960 constitui

895 1980 1069 2007 quemquam,
1087 1973 1136 2000 nisi
1150 1973 1226 2008 prius
1239 1974 1382 2008 Origeneln
1406 1983 1458 2002 una
1478 1983 1538 2003 cum
1552 1976 1611 2004 aliis
1624 1978 1678 2006 lite-

896 2019 994 2051 reticis,
1016 2020 1059 2054 qui
1084 2019 1116 2046 de
1141 2027 1215 2047 more
1230 2020 1256 2046 in
1274 2020 1354 2047 editis
1380 2020 1477 2049 libellis
1494 2023 1676 2051 anatlrematis

894 2064 1097 2096 confodinutnr,
1114 2071 1168 2091 toto
1192 2066 1283 2093 animo
1298 2067 1425 2094 detestari
1451 2075 1479 2095 se
1496 2073 1523 2094 et
1547 2068 1676 2097 damnare

895 2112 977 2139 fuerit
991 2113 1141 2146 professus.
1156 2112 1298 2147 Significat
1312 2114 1483 2148 postmodum
1506 2113 1609 2142 litteras
1621 2122 1635 2141 a
1647 2122 1676 2142 se

55 2161 143 2187 lateor
161 2160 316 2188 haereticum
332 2167 392 2189 esse
416 2161 580 2196 Origencm;
612 2161 654 2187 sin
682 2160 840 2195 pertinacia,
857 2161 878 2188 D
894 2158 988 2184 eodem
1010 2158 1060 2185 hoc
1073 2157 1195 2192 exemplo
1213 2158 1309 2185 missas
1334 2159 1366 2186 ad
1386 2158 1510 2194 Vigilium
1527 2167 1634 2195 papam,
1649 2165 1677 2188 et

54 2207 99 2240 qui
116 2206 259 2234 erroribus
275 2207 453 2242 pertinaciter
467 2206 612 2234 adhaesisse
631 2205 773 2241 Origenem
799 2205 839 2232 di-

55 2261 117 2279 cere
132 2252 252 2280 audeat?
268 2252 392 2280 Ostendit
409 2252 538 2287 deinceps
555 2252 705 2285 imperator
728 2252 840 2286 paganis

54 2303 81 2324 et
95 2297 253 2325 Manicltmis
268 2298 457 2325 Adamantium
485 2298 666 2330 consensisse,
681 2305 715 2325 ex
729 2298 840 2333 ejusque

54 2344 172 2372 decretis
184 2344 311 2372 Arianam
320 2344 444 2372 haeresim
454 2344 588 2372 coaluisse
600 2352 606 2370 :
621 2348 676 2371 tum
688 2343 839 2371 animarum

55 2391 230 2428 προῦπαρξιν
252 2396 324 2418 tanta
340 2391 514 2419 contentione
538 2394 684 2425 oppugnat,
710 2393 741 2417 ut
761 2388 841 2416 facile

54 2441 185 2471 appareat
202 2437 271 2463 inter
287 2436 465 2471 Origenianas
483 2436 632 2464 sententias
654 2436 725 2463 hanc
750 2434 836 2469 potis-

55 2483 154 2510 simum
171 2481 252 2517 hujus
265 2482 313 2510 αξνὶ
329 2481 491 2517 Origenistis
506 2481 642 2515 arrisisse,
666 2481 737 2515 quod
761 2485 789 2507 et
807 2487 840 2507 ex

55 2527 193 2563 Euthymii
209 2533 236 2555 et
248 2527 353 2562 Cyriaci
375 2526 443 2554 Vitis
463 2535 476 2554 a
493 2527 594 2564 Cyrillo
609 2525 757 2554 lucubratis
770 2525 844 2552 intel-

56 2574 160 2609 ligitur.
173 2573 325 2601 Notandum
342 2582 423 2609 porro
449 2573 636 2609 Chrysostomi
660 2571 841 2607 patrocinium

56 2620 172 2648 libenter
211 2621 345 2648 asciscere
368 2619 563 2653 Iustinianum,
599 2623 628 2646 ut
651 2618 703 2646 hoc
735 2624 841 2653 quoque

56 2666 207 2693 subsidium
235 2665 396 2700 Origenistis
412 2665 520 2700 eripiat.
553 2663 686 2691 Jocularis
699 2670 764 2690 vero
787 2666 839 2693 est.
865 2680 866 2684 η

57 2717 81 2738 et
95 2717 125 2738 ut
139 2710 230 2738 verius
243 2711 339 2746 !oquar
352 2710 463 2745 puerilis
481 2709 628 2738 Justiniani
650 2707 839 2740 hallucinatio,

89 2801 111 2818 ³³
125 2800 234 2828 Liberat
252 2800 326 2827 Diae.
345 2799 420 2828 Βίου.
435 2807 494 2832 cap.
510 2786 556 2826 Q3.

895 2203 928 2230 ad
963 2204 1147 2237 patriarcham
1174 2204 1397 2238 Alexandrinum,
1423 2205 1675 2241 Jerosolymitanum

892 2249 1166 2284 etTheopolilanum,
1201 2250 1252 2277 hoc
1281 2255 1323 2277 est
1349 2251 1558 2280 Antiochenum.
1580 2252 1677 2280 Antio-

893 2296 979 2322 chiam
1001 2296 1099 2331 quippe
1116 2300 1175 2330 post
1199 2301 1277 2324 terra;
1294 2302 1396 2325 motum
1413 2299 1553 2333 auspicato
1568 2299 1678 2327 nomine

893 2342 1049 2376 Theopnlitn
1065 2342 1234 2370 Justinianus
1259 2343 1411 2378 appellavit.
1430 2344 1470 2371 Ad
1493 2345 1550 2372 haec
1567 2352 1598 2372 ex
1625 2353 1677 2372 ttno

893 2387 962 2422 Περὶ
977 2386 1078 2421 ἀρχῶν
1093 2395 1184 2421 opere,
1204 2388 1248 2422 qui
1269 2388 1385 2415 maxime
1403 2388 1534 2422 capitales
1549 2389 1597 2416 visi
1615 2394 1678 2416 sunt

892 2441 998 2460 errores
1011 2433 1126 2468 colligit,
1141 2437 1168 2460 et
1180 2433 1214 2460 ob
1235 2433 1368 2460 lectorum
1382 2434 1476 2461 oculos
1491 2435 1575 2468 ponit.
1592 2434 1674 2462 Deni-

891 2486 944 2513 que
956 2479 1036 2505 verba
1054 2478 1110 2512 ipsa
1132 2478 1294 2513 prtescribit,
1312 2478 1337 2505 in
1363 2486 1422 2513 quae
1436 2480 1677 2508 anatheniatismos

892 2523 1023 2550 adversus
1039 2521 1166 2557 Origenis
1188 2523 1313 2558 dogmata
1337 2524 1442 2558 concipi
1467 2524 1540 2556 velit,
1561 2533 1676 2560 quorum

891 2573 1043 2604 postremus
1057 2569 1201 2604 Origenem
1215 2570 1301 2603 ipsum
1317 2569 1506 2597 damnatorum
1522 2570 1677 2606 dogmaluin

893 2619 1030 2642 auctorem
1043 2615 1175 2650 percellit.

929 2660 973 2688 IX.
995 2660 1191 2688 Conferendum
1207 2661 1259 2689 huc
1274 2661 1380 2689 videtur
1395 2661 1567 2696 Theophanis
1581 2661 1677 2689 Nesto-

895 2706 962 2734 riani
988 2706 1111 2734 monachi
1134 2706 1232 2740 visura,
1255 2707 1326 2740 quod
1349 2715 1363 2734 a
1385 2706 1493 2735 Moscho
1519 2707 1627 2748 Evirato
1644 2707 1677 2743 in
