1927 3076
244 95 308 124 H67

865 93 894 123 P.
915 93 1072 122 DANIELIS
1082 93 1214 122 -.TUETIlv

1784 91 1855 121 “68

243 154 321 182 Prata
343 153 483 188 spirituali,
504 156 564 187 cap.
585 153 630 185 26,
655 157 787 180 narratur.
805 152 914 180 Adiera‘t
933 152 1019 188 Cyril-
1032 152 1056 181 A
1068 157 1118 186 est,
1136 152 1248 179 Romam
1263 157 1355 178 recens
1373 148 1494 184 profecto
1508 147 1616 183 Pelagio
1629 147 1759 179 diacono,
1774 153 1852 182 post-

241 207 294 227 tum
313 199 490 234 Theophanes
502 198 546 225 ille
558 199 619 226 aliis
631 199 715 233 ipsum
731 199 765 226 de
784 199 863 226 rebus
875 205 1016 234 perconta-

240 249 325 276 turus,
336 247 413 278 quem
428 250 489 270 cum
502 242 528 268 in
541 241 657 269 Nestorii
675 242 734 269 luto
751 242 853 269 haerere
866 242 1016 276 perspexis-

242 294 280 318 set
292 289 416 324 Cyrillns,
433 295 514 315 orare
527 287 608 322 iussit
619 291 648 314 ut
669 295 761 322 ecqua:
781 287 870 315 verior
883 292 954 315 esset
969 287 1017 314 do-

241 332 334 362 :trina,
347 331 397 358 sibi
409 331 558 365 pateﬁeret.
571 331 664 358 Oranti
677 332 762 358 astitit
775 332 893 366 quidam,
906 336 1016 366 aspectu

240 377 374 408 terribilis,
390 382 612 412 assumptumque
624 378 734 405 deduxit
752 378 778 405 in
790 378 959 406 tenebrosum
977 378 1016 405 lo-

237 430 308 452 cum,
326 428 354 449 et
376 421 477 450 faetidis
495 422 600 457 ignibus
622 422 780 450 horridum:
799 426 854 449 tum
878 422 904 450 ei
920 423 1016 450 mediis

237 467 264 494 in
288 466 404 495 flammis
424 466 586 495 Nestorium.
611 467 798 502 Eutychetem,
818 467 1014 502 Apollinarem,

236 511 404 545 Dioscorum,
421 511 561 544 Severum,
573 512 729 546 Origenem,
743 517 770 540 et
782 512 849 540 alios
860 512 1014 547 aspicienti,

237 557 400 585 destinatum
415 557 486 585 hunc
500 563 560 585 esse
575 558 662 584 locum
676 557 745 585 dixit
755 557 942 586 haereticorum
957 565 1017 592 sup-

237 603 340 638 pliciis;
361 603 387 630 in
406 610 492 637 eoque
516 603 633 631 futurum
653 607 683 630 ut
701 610 795 637 ptenas
820 603 878 638 ipse
898 604 944 631 det
964 603 1015 630 aii-

236 649 353 684 quando,
367 648 447 675 uisi‘a
463 649 604 683 praeceptis
618 649 708 676 animo
723 648 896 683 opini0nibus
914 649 1027 676 disces-.

237 694 313 721 serit.
328 693 421 721 Visum
443 693 556 728 Cyriaco
573 693 695 720 narravit
710 693 901 728 Theophanes,
926 698 954 721 et
970 701 1016 721 ca-

238 739 343 766 tholicae
366 738 492 766 Ecclesia:
507 746 604 766 nomen
618 739 702 767 dedit.
715 738 854 766 Laudatur
867 739 939 766 istud
959 739 1016 768 Mo-

237 785 294 812 schi
309 792 377 820 opus
392 784 418 812 in
435 786 547 820 septima
564 786 678 820 synodo,
695 785 811 820 indeque
826 785 939 814 multum
964 786 1013 821 ipsi

237 831 405 865 auctoritatis
422 831 568 864 accessisse
579 831 724 859 credentes
740 831 873 867 plerique,
891 833 917 860 id
929 832 1019 861 Theo—
1034 831 1056 861 Β

237 878 331 912 phanis
345 877 478 913 somnium
494 885 542 913 pro
557 877 630 905 edito
640 878 771 906 divinitus
782 878 891 907 oraculo
905 879 1016 907 habent.

237 923 297 958 Quo.
320 923 445 958 equidem
473 930 569 958 parum
595 931 765 959 permoveor,
794 932 858 953 nam
885 925 1017 960 eiusmodi

236 968 444 1006 somniationum
462 967 538 999 ferax
555 973 597 997 est
610 969 805 1005 Graeculorum,
823 979 855 999 ac
866 973 1016 1007 praesertim

237 1015 430 1042 monachorum
449 1015 540 1048 natio;
558 1020 585 1043 et
595 1024 761 1052 quaecunque
781 1025 828 1052 per
848 1019 933 1046 otium
950 1019 1018 1047 ima-

237 1061 330 1096 ginum
354 1060 449 1091 artifex
474 1061 574 1089 mentis
596 1061 710 1090 facultas
731 1063 818 1098 ﬁngit,
831 1064 871 1092 sic
888 1070 1016 1099 tanquam

236 1106 283 1134 Dei
300 1105 379 1139 effata
391 1105 441 1133 sibi
454 1106 568 1141 aliisque
580 1113 731 1142 proponere
743 1113 865 1144 prompta
879 1114 906 1137 et
919 1109 1015 1137 facilis.

235 1152 345 1181 Minime
358 1157 448 1180 autem
468 1160 500 1180 ex
518 1153 626 1181 laudata
647 1154 674 1181 in
696 1155 810 1190 septima
825 1156 927 1191 synodo
950 1156 1019 1183 scri-

234 1199 333 1234 ptionis
345 1198 416 1227 illius
429 1198 529 1228 Moschi
543 1199 674 1233 particula
686 1204 773 1227 totum
782 1207 850 1235 opus
857 1202 1018 1229 existiman-

235 1245 297 1277 dum
312 1253 433 1274 censeo:
449 1245 540 1273 multis
560 1245 680 1281 alioquin
697 1246 837 1275 damnosis
852 1247 1019 1276 lucubratio-

235 1291 316 1318 nibus
336 1291 412 1325 plena
435 1299 631 1326 usquequaque
655 1291 824 1326 adiungenda
846 1297 919 1321 esset
939 1293 1016 1327 ﬁdes,

235 1344 347 1371 quorum
364 1337 495 1364 selectum
510 1337 639 1371 aliquem,
654 1338 675 1364 si
692 1337 774 1371 forte,
795 1338 882 1366 locum
897 1339 1016 1374 synodus

235 1381 322 1416 aliqua
339 1382 520 1416 usurpaverit.
535 1381 654 1417 Vigebat
673 1389 706 1409 ea
722 1387 883 1418 tempestate
899 1383 1016 1411 Joannes

235 1427 445 1460 Grammaticus,
460 1432 643 1463 cognomento
665 1428 841 1464 Pbiloponus,
857 1429 1017 1458 Alexandri-

235 1480 286 1506 nus
297 1472 395 1499 litteris
408 1473 551 1507 exquisitis
560 1473 683 1508 apprime
693 1474 815 1502 eruditus
827 1486 833 1503 :
849 1475 896 1503 sed
908 1481 1018 1511 propter

1068 205 1149 233 quam
1163 197 1233 232 apud
1247 195 1429 223 Justinianum
1444 194 1609 229 apocrisiarii
1622 200 1735 220 munere
1747 193 1854 221 functus

1068 246 1118 270 est.
1137 242 1193 270 Hoc
1203 241 1292 269 edicto
1304 240 1446 268 anathema
1461 239 1485 267 is
1494 246 1554 267 esse
1564 238 1684 273 iubetur,
1702 238 1749 272 qui
1762 237 1854 265 Theo-

1071 289 1166 316 dorum
1195 287 1423 322 Mopsuestenum,
1453 285 1498 320 qui
1530 284 1673 319 epistolam
1703 284 1737 310 ad
1766 283 1856 310 Marin

1068 334 1178 362 Persam
1194 334 1361 366 haereticum,
1375 338 1454 367 quam
1467 332 1527 359 Ibas
1543 330 1741 365 conscripsisse
1754 329 1855 362 fertur,

1068 381 1170 416 quique
1195 380 1296 414 scripta
1311 378 1486 406 'Theodoreti
1512 377 1643 405 adversus
1666 376 1799 412 Cyrillum
1830 381 1858 401 et

1069 426 1208 454 duodecim
1229 425 1289 461 eius
1302 424 1428 460 capitula,
1455 422 1614 450 defenderit.
1633 421 1736 450 Verum‘
1757 429 1857 457 perpa-

1069 479 1127 499 rum
1145 472 1170 499 id
1187 471 1277 498 valere
1294 470 1446 505 intelligens
1462 469 1608 503 imperator
1628 468 1679 496 nisi
1710 468 1856 502 episcopo-

1069 525 1129 544 rum
1140 516 1336 552 subscriptione
1349 515 1402 542 vim
1411 517 1449 543 'ac
1466 514 1548 542 robur
1560 514 1767 549 adipisceretur;
1781 514 1857 541 mul-

1069 567 1111 590 tos
1121 563 1154 590 ad
1167 569 1308 590 assensum
1325 561 1475 597 pertraxit;
1491 559 1566 586 multi
1582 559 1653 594 quod
1669 559 1746 587 salva
1758 559 1857 594 synodi

1069 609 1297 636 Chalcedonensis
1312 608 1472 635 auctoritate
1487 606 1605 641 capitula
1624 606 1683 633 ha'c
1695 605 1858 633 labefactari

1069 663 1121 683 tton
1137 661 1224 690 posse,
1242 659 1269 682 et
1283 654 1310 681 in
1328 653 1517 681 ecclesiasticis
1533 653 1612 680 rebus
1621 652 1737 687 insuper
1751 651 1854 678 haben.

1069 701 1129 728 dam
1143 708 1203 728 esse
1217 700 1389 735 imperatoris
1405 699 1596 726 auctoritatem
1615 698 1770 730 crederent,
1787 705 1858 725 con-

1070 747 1172 775 sentire
1189 752 1347 774 retulerunt.
1363 745 1490 781 Vigilium
1511 745 1599 780 ipsum
1617 744 1769 771 Romanum
1787 750 1857 778 pou.

1068 793 1179 827 tiﬂcem,
1213 801 1245 820 ea
1280 797 1400 820 tuentem
1428 791 1557 827 capitula,
1588 790 1856 825 Constantinopolim

1071 840 1187 868 accersit
1208 838 1398 871 Justinianus;
1417 836 1578 866 sententiam
1599 840 1677 871 rogat
1700 842 1782 870 super
1808 836 1843 862 tri

1069 886 1120 913 bus
1135 884 1275 920 capitulis;
1288 883 1483 917 tergiversatur
1494 880 1626 915 pontifex,
1634 880 1778 915 episcopos
1790 887 1857 914 In,

1070 930 1116 965 qui
1137 929 1251 957 aderant
1275 929 1302 955 in
1321 927 1452 963 synodum
1474 926 1592 961 colligit;
1609 930 1637 953 et
1658 925 1724 961 quid
1741 926 1857 961 quisque

1070 975 1193 1008 sentiret,
1209 973 1310 1009 scripto
1326 973 1407 1000 edere
1422 971 1500 1007 jubet
1514 991 1522 1004 ,
1540 971 1705 1005 domumque
1721 970 1750 997 in
1769 969 1857 997 lusti-

1071 1021 1142 1048 niani
1159 1019 1319 1048 sententiam
1341 1018 1484 1050 concedit;
1498 1021 1526 1044 et
1544 1024 1617 1044 anno
1631 1016 1695 1050 548,
1715 1016 1856 1044 decretum

1070 1066 1143 1099 edit,
1167 1065 1237 1100 quod
1263 1064 1415 1092 Iudicatur):
1442 1062 1603 1098 appellatur,
1635 1069 1722 1098 eoque
1754 1063 1806 1090 tria
1829 1070 1860 1089 se

1071 1112 1200 1140 damnare
1214 1110 1328 1145 capitula
1343 1109 1474 1143 declarat,
1491 1108 1565 1137 salva
1589 1109 1685 1144 synodi
1701 1109 1856 1136 Chalcedo-

1071 1159 1161 1186 nensis
1185 1158 1355 1185 auctoritate.
1383 1155 1451 1184 lIinc
1477 1161 1572 1183 tamen
1591 1155 1740 1183 schismata
1773 1155 1857 1182 multa

1070 1204 1184 1232 conflata
1200 1209 1274 1237 sunt,
1287 1211 1347 1231 cum
1364 1203 1458 1238 synodi
1469 1203 1552 1238 huius
1563 1203 1744 1229 reverentiam
1759 1206 1788 1228 et
1806 1208 1861 1227 ma-

1067 1250 1192 1285 iestatem
1208 1258 1222 1277 a
1240 1249 1362 1277 Romano
1375 1249 1501 1284 pontifice
1516 1248 1643 1275 violatam
1656 1248 1776 1283 episcopi
1791 1255 1860 1282 pra:—

1071 1296 1148 1330 cipue
1173 1295 1327 1323 Occidentis
1355 1295 1559 1328 existimarent;
1590 1294 1715 1329 quamvis
1749 1294 1858 1329 urgenti

1069 1342 1233 1376 Justiniano,
1258 1346 1288 1369 ut
1303 1342 1406 1376 absque
1429 1341 1482 1368 ulla
1501 1340 1596 1376 synodi
1619 1340 1700 1374 huius
1719 1340 1861 1367 mentione

1071 1391 1097 1417 in
1124 1390 1204 1416 trium
1228 1389 1408 1424 capitulorum
1432 1381 1633 1415 damnationem
1664 1388 1858 1419 consentiret,

1070 1441 1225 1464 constanter
1243 1436 1380 1463 restiterit;
1397 1435 1450 1462 Sed
1465 1435 1573 1461 tandem
1585 1435 1618 1461 ad
1633 1434 1770 1462 saniorem
1784 1442 1857 1461 meno

1071 1485 1124 1508 tem
1137 1481 1253 1508 reversis
1266 1481 1342 1508 Mena
1356 1480 1655 1515 Constantinopolitano
1666 1485 1695 1508 et
1715 1480 1862 1508 Theodoro

235 1518 376 1545 catholica:
383 1518 592 1550 ﬁdeicontraria
602 1519 726 1554 dogmata
737 1519 809 1548 inter
821 1521 962 1549 haereticos
971 1530 1015 1550 re-
1030 1513 1052 1543 (ἶ
1068 1527 1241 1559 Caesariensi,
1257 1534 1325 1561 quos
1338 1534 1354 1554 θ
1368 1534 1416 1554 sua
1430 1513 1622 1554 οοηιηιυήίοηε
1640 1532 1798 1560 τειηονρηι
1815 1526 1858 1553 γε-

235 1564 315 1598 latus,
332 1571 393 1591 nam
401 1564 422 1591 Τ
425 1564 596 1594 rilheitarum
608 1573 706 1601 parens
718 1565 780 1599 fuit,
792 1567 902 1602 etiuxta
923 1567 1017 1604 Orige-

234 1617 294 1638 nem
307 1616 449 1644 corporum
467 1611 696 1639 resurrectionem
705 1612 841 1640 inficiatus
854 1618 904 1646 est,
916 1615 1018 1649 scripto

234 1654 295 1682 inid
309 1659 501 1690 argumentum
517 1663 603 1691 opere
620 1664 674 1692 quo
692 1657 801 1685 Patrum
826 1660 1015 1688 auctoritatem

234 1700 348 1730 ludibrio
359 1700 549 1734 habuit;seda
565 1702 718 1731 Theodosio
735 1705 878 1737 monacho,
895 1706 1015 1740 Conone,

233 1747 352 1781 Eugenio
379 1752 405 1774 et
421 1747 575 1779 'I‘hemistio
589 1748 742 1777 luculenter
755 1751 888 1779 refutatus
901 1757 954 1783 est,

256 1792 303 1823 .X.
324 1792 359 1819 At
372 1792 532 1821 Theodorus
545 1794 658 1822 Ascidas
669 1794 894 1830 Origenistarum,
912 1804 938 1826 et
951 1800 1017 1828 Ace-

234 1837 388 1872 plialorum,
419 1839 476 1866 sive
506 1839 756 1877 Monophysitarum
785 1843 926 1877 columen,
956 1853 1016 1873 cum

232 1881 377 1917 Origenem
393 1883 426 1910 ab
440 1884 574 1921 episcopis
588 1885 734 1915 Justiniani
747 1895 830 1923 opera
847 1892 1016 1925 reprobatutn

233 1935 305 1964 aegre
330 1927 423 1962 ferret,
450 1929 622 1959 Theodorum
649 1932 820 1968 Mopsuestia!
849 1935 1017 1971 episcopum,

233 1973 396 2010 Origeniano
414 1975 529 2009 nomini,
545 1977 608 2004 dum
620 1977 731 2010 viveret,
747 1979 892 2013 infensum,
906 1985 933 2009 et
950 1982 1019 2009 titul-

235 2019 269 2047 tis
292 2020 422 2048 adversus
440 2028 500 2049 eum
518 2022 598 2050 editis
617 2024 753 2058 opusculis
774 2027 907 2054 celebrem
930 2035 1017 2062 oppu-

233 2066 369 2100 gnandum
393 2067 458 2099 sibi,
478 2072 506 2094 et
527 2069 710 2097 anathematis
733 2071 930 2106 subjiciendum
953 2082 1018 2108 pro-

234 2111 333 2146 posuit,
353 2112 386 2138 ob
403 2112 429 2140 id
453 2113 582 2146 maxime,
604 2115 675 2149 quod
695 2122 709 2141 a
734 2115 946 2146 Clialcedonensi
972 2121 1037 2154 sy-'

234 2157 305 2196 nodo
333 2156 422 2184 fuerat
444 2157 582 2186 laudatus.
604 2159 763 2194 Imperatori
792 2161 884 2197 itaque
909 2165 1016 2192 concilii

234 2201 312 2235 huius
327 2203 516 2230 auctoritatem
536 2205 666 2232 adversus
682 2205 832 2241 Acephalos
846 2208 956 2243 scriptis
971 2211 1017 2238 de~

234 2246 365 2280 fendenti,
388 2248 482 2276 favore
497 2249 646 2278 Theodorm
666 2252 794 2286 Augusta:
808 2255 937 2289 suggerit,
958 2256 1015 2283 t'rn-
1040 2267 1042 2271 π

234 2298 289 2323 stra
315 2294 450 2321 scribendi
469 2295 588 2324 laborem
615 2297 649 2324 ab
669 2306 702 2325 eo
721 2300 833 2334 suscipi,
856 2302 902 2336 qui
925 2308 1016 2337 posset

233 2338 383 2372 Accphalos
397 2340 429 2365 ad
444 2347 522 2367 suam
531 2343 748 2371 eormnunionem
769 2348 927 2381 corttpendio
940 2357 1015 2376 revo-

233 2390 308 2416 care,
327 2383 349 2410 si
369 2383 524 2412 Theodorus
543 2386 755 2423 lilopsnestcnus,
769 2396 796 2417 et
817 2391 867 2419 lbze
885 2392 1014 2422 Edesseni

233 2429 267 2455 ad
282 2428 366 2455 Marin
382 2429 491 2456 Persam
504 2431 628 2464 epistola,
643 2438 734 2468 utpote
756 2435 872 2464 Nestorii
889 2438 932 2466 lue
949 2447 1015 2468 con-

234 2473 375 2506 taminata,
393 2479 420 2502 et
430 2474 590 2504 Theodoreti
602 2480 793 2514 castigationes
806 2484 936 2512 adversus
947 2486 1014 2514 duo-

234 2520 321 2548 decim
337 2519 431 2556 Cyrilli
444 2522 560 2557 capitula
574 2523 632 2551 sive
648 2526 887 2558 anathematismos
903 2532 1014 2560 totidem

232 2563 349 2593 Nestorii
381 2567 617 2597 anatltematismis
637 2572 776 2605 oppositos
804 2574 1013 2611 damnarentur;

233 2610 275 2638 bis
290 2611 387 2646 quippe
398 2612 594 2648 Aceplialorum
609 2623 669 2643 cum
683 2616 830 2647 Catholicis
842 2623 1014 2650 concordiatn

232 2657 351 2685 maxime
367 2660 509 2686 retardari.

268 2702 314 2730 XL
333 2705 455 2732 Assensit
473 2707 597 2735 credulus
619 2709 777 2745 imperator,
791 2717 818 2739 et
834 2714 908 2748 pacis
923 2715 949 2742 in
964 2715 1016 2743 Ec-

233 2748 314 2775 clesia
341 2751 515 2780 concilianth
540 2755 653 2789 cupidus
678 2757 796 2784 edictum
824 2767 839 2785 a
872 2759 1016 2790 Theodoro

234 2793 331 2820 Ascida
354 2796 497 2825 confictum
522 2806 574 2839 suo
595 2802 703 2842 nomine
729 2804 890 2838 promulgari
920 2814 1016 2839 passus

1067 1573 1160 1608 gilius,
1176 1578 1203 1601 et
1223 1574 1362 1607 abrogatis
1386 1573 1450 1601 item
1465 1573 1575 1606 edictis,
1589 1573 1649 1608 qua:
1663 1574 1697 1601 de
1710 1573 1799 1600 tribus
1813 1581 1859 1600 ca-

1068 1618 1161 1653 pitulis
1188 1618 1374 1653 publicaverat
1396 1617 1576 1651 Justinianus,
1605 1618 1710 1653 placuit
1733 1619 1861 1654 legitima:

1067 1664 1170 1699 synodo
1184 1664 1364 1699 quaestionum
1380 1663 1486 1692 illarum
1507 1664 1734 1700 disceptationem
1747 1670 1774 1692 et
1787 1665 1859 1692 arbi-

1069 1709 1149 1736 trium
1166 1709 1298 1744 permitti;
1505 1746 1508 1750 .

1102 1755 1158 1783 XII.
1186 1755 1401 1790 Origenistarum
1428 1756 1535 1784 interim
1560 1761 1634 1784 secta
1657 1756 1684 1784 in
1713 1756 1860 1784 Palmstina

1069 1809 1175 1829 rursum
1191 1808 1222 1829 ac
1238 1802 1335 1829 vicinis
1355 1802 1510 1837 regionibus
1531 1810 1599 1830 nova
1625 1803 1794 1830 incrementa
1811 1810 1858 1830 ca-

1068 1846 1168 1880 piebat.
1192 1846 1294 1874 Scribit
1317 1846 1446 1875 Leontius
1462 1847 1610 1883 Neapoleos
1631 1848 1712 1884 Cypri
1733 1849 1858 1883 antistes,

1067 1891 1113 1926 qui
1140 1891 1266 1919 Ileraclio
1297 1892 1456 1928 imperatori
1481 1900 1588 1921 coaevus
1613 1894 1672 1926 fuit,
1697 1895 1859 1929 quaesivisse

1068 1936 1215 1971 aliquando
1231 1937 1301 1964 inter
1317 1944 1346 1965 se
1369 1937 1436 1965 ducs
1458 1938 1590 1966 Asceterii
1611 1938 1766 1973 cuiusdam,
1787 1939 1861 1974 quod

1068 1988 1127 2011 erat
1152 1984 1256 2011 Emesa
1279 1985 1444 2019 proximum,
1472 1986 1633 2016 monachos.
1655 1994 1705 2014 cur
1725 1986 1860 2022 Origenes

1069 2029 1212 2057 haereticus
1235 2029 1296 2065 (sic
1310 2030 1380 2057 enim
1398 2030 1565 2066 appellatur)
1581 2031 1662 2059 tantis
1680 2040 1694 2058 ιι
1714 2032 1770 2060 Deo
1789 2033 1856 2060 doti-

1068 2073 1118 2102 bus
1132 2078 1244 2102 ornatus
1260 2075 1311 2103 lide
1326 2077 1483 2104 excidisset.
1503 2076 1627 2111 Cumque
1643 2077 1713 2105 alter
1730 2085 1783 2105 non
1800 2078 1857 2110 Dei.

1068 2119 1114 2146 sed
1130 2124 1234 2148 naturae
1250 2121 1360 2154 donum,
1371 2129 1431 2148 eam
1445 2128 1497 2157 qua
1513 2122 1628 2157 pollebat
1641 2123 1783 2151 scientiam
1799 2132 1860 2152 esse

1033 2171 1220 2210 Dpugnaret;
1241 2167 1309 2194 alter
1332 2172 1429 2195 contra
1453 2168 1588 2196 neminem
1605 2176 1638 2196 ex
1662 2174 1766 2198 natura:
1789 2170 1860 2198 dono

1069 2211 1198 2245 ejusmodi
1225 2214 1360 2241 excudere
1374 2221 1456 2249 opera
1475 2222 1553 2248 posse
1567 2215 1754 2250 perterideret,
1769 2218 1860 2253 qualia

1069 2257 1104 2284 ab
1123 2264 1157 2285 eo
1179 2258 1336 2293 cotiSct-ipta
1358 2265 1438 2292 sunt;
1462 2261 1549 2287 visum
1566 2262 1674 2296 utrique
1697 2268 1740 2290 est
1756 2270 1813 2290 rem
1827 2264 1861 2290 ad

1068 2301 1219 2330 Palaestina:
1241 2311 1398 2338 monaunos,
1417 2307 1605 2340 quorum‘t‘um
1628 2316 1724 2343 magna
1748 2317 1858 2345 percre‘

1068 2347 1165 2376 buerat
1183 2349 1265 2384 fama,
1286 2351 1486 2386 diiudicandum
1502 2353 1619 2381 deferre.
1635 2353 1758 2388 Pergunt
1773 2356 1811 2383 illi
1825 2357 1860 2383 ad

1069 2396 1233 2423 monasteria
1255 2398 1322 2424 mari
1346 2397 1451 2425 Mortuo
1471 2400 1652 2433 contermina,
1676 2406 1704 2428 et
1725 2400 1856 2430 Joannem

1069 2441 1193 2468 abbatem
1217 2448 1248 2469 ac
1270 2441 1424 2470 Simeonem
1446 2449 1554 2480 rogant,
1576 2446 1673 2481 ecquid
1689 2447 1722 2474 de
1739 2455 1769 2475 re
1791 2449 1857 2477 inter

1069 2493 1098 2513 se
1111 2486 1223 2520 quaesita
1239 2488 1359 2515 sentiant
1375 2496 1382 2514 :
1401 2489 1437 2516 illi
1454 2496 1520 2517 vero
1538 2490 1696 2519 Simeonem
1715 2492 1799 2520 alium
1814 2502 1855 2522 co-

1069 2537 1214 2572 gnomento
1230 2531 1319 2559 Salunt
1338 2532 1426 2568 (quod
1446 2540 1497 2567 est,
1513 2539 1542 2562 ut
1556 2537 1684 2572 coniicio,
1697 2529 1782 2572 551w,
1802 2547 1853 2566 ntu-

1071 2581 1127 2604 tato
1140 2569 1157 2606 ι)
1171 2576 1243 2605 finali
1260 2578 1287 2605 in
1306 2587 1330 2611 ς,
1345 2581 1571 2614 quemadmodum
1590 2569 1617 2609 in
1640 2569 1784 2617 lavis“,
1810 2593 1854 2621 pro

1069 2621 1201 2658 Annibal)
1218 2624 1243 2650 id
1261 2628 1304 2652 est
1323 2625 1449 2653 insanum
1471 2632 1498 2654 et
1516 2627 1638 2662 fatuum,
1656 2629 1765 2659 Emesa:
1784 2632 1853 2659 habi-

1071 2672 1170 2695 tantem
1184 2670 1287 2697 consuli
1298 2670 1403 2706 jubent.
1420 2672 1468 2699 Vir
1483 2673 1627 2702 ille-fastus
1643 2684 1675 2703 ac
1689 2677 1787 2705 inanis
1801 2678 1848 2713 glo-

1069 2714 1116 2741 rite
1130 2715 1316 2748 proculcandae
1327 2725 1407 2745 causa
1422 2719 1580 2747 modestiam
1596 2729 1672 2748 suam
1687 2723 1849 2751 delirationis

1070 2763 1245 2792 simulatione
1259 2767 1378 2800 tegebat,
1395 2768 1529 2803 vulgoque
1542 2777 1591 2804 pro
1605 2770 1728 2798 motione
1743 2771 1845 2799 babehs

1071 2813 1125 2848 tur.
1144 2809 1347 2854 Is'luoinoruvm,
1357 2819 1425 2843 quos
1439 2819 1493 2843 tum
1509 2814 1580 2843 forte
1592 2817 1769 2847 comedebat.
1785 2825 1847 2847 sam-
