1927 3076
68 154 84 181 Ι
97 155 154 183 169

504 156 788 188 ORIGENIANORUM
808 159 872 189 LIB.
891 161 923 195 ll,
942 161 1017 190 CAP.
1037 161 1081 195 ινδ
1103 163 1198 191 SEC'I'.
1218 157 1253 192 ΙΙ.-⁴

1620 163 1669 191 ΗΠ
1672 163 1690 191 0

66 214 146 243 bolo
167 223 241 248 usus,
266 217 428 246 adeuntibus
448 219 590 248 monachis
606 220 775 255 signiﬁcavit,
799 221 859 250 Ori-
875 224 900 253 Α
913 223 985 250 mine
994 222 1148 251 Christiano
1158 223 1274 251 latenter
1286 223 1311 250 in
1326 223 1443 250 Ecclesia
1453 223 1555 258 gentile
1565 223 1693 258 Origenis,

67 263 179 292 gen'em
191 259 297 294 ingenio
308 268 357 289 suo
369 262 511 297 conlisum,
525 271 585 291 cum
596 265 691 292 altiora
703 270 861 299 sectaretur,

69 303 111 331 in
127 311 202 332 mare
218 304 321 340 lapsum
336 307 459 342 periisse.
474 307 530 336 Hoc
546 309 604 344 ipso
618 317 690 338 anno
701 311 863 347 Origeuismi

68 354 239 384 suspectum
250 350 393 380 Macarium
406 351 660 390 Ierosolymitanum
669 357 863 391 patriarcham,

67 395 241 430 priusquam
255 396 413 425 electionem
435 399 521 434 ipsius
538 400 665 436 suffragio
680 402 863 440 suo.impet;a-

71 444 128 468 lor
143 441 309 474 roborasset,
326 443 391 471 sede
408 451 457 472 sua
479 445 648 477 deturbatum
671 447 756 476 fuisse
770 454 864 479 narrat

70 485 237 522 Evagrius:
253 493 281 515 at
291 488 318 515 in
334 490 456 517 eamdem
468 490 608 526 aliquanto
620 497 681 528 post
696 494 862 529 restitutum,

72 538 144 559 cum
165 532 319 567 Origenem,
336 535 479 570 Evagrium
494 541 521 564 et
542 537 682 573 Didymum
697 540 861 575 damnasset,

73 577 118 604 ab
134 578 229 605 eodem
245 580 377 613 proditum
393 585 444 608 est.
462 582 592 615 Quamvis
607 589 698 612 autem
716 586 822 620 publice
836 591 863 615 et

71 622 210 656 privatim
233 624 362 659 Origenes
383 627 570 662 infamaretur,
594 630 679 659 nihilo
699 633 785 667 magis
801 632 863 665 Ori-

71 670 249 704 genistarum
262 672 465 702 Palaestinorum
478 676 560 704 animi
575 679 770 712 consederunt;
785 687 861 708 cum-

71 720 134 748 que
147 715 175 742 in
190 715 262 743 Nova
277 719 411 753 praecipue
426 719 512 748 Laura
528 726 602 750 secta
622 724 741 758 ipsorum
759 725 862 753 invale-

73 764 182 792 sceret,
196 761 230 788 ab
245 761 393 791 Eustochio
406 764 634 802 Ierosolymoram
659 769 787 804 episcopo
801 769 862 801 inde

73 806 185 834 extrusi
200 812 272 841 sunt.
290 807 320 836 In
337 810 426 838 varias
439 811 476 839 illi
492 817 584 848 partes
597 813 776 847 disseminati,
791 816 860 843 mul-

75 855 124 879 tos
137 852 272 887 dogmatis
287 855 343 883 suis
365 856 502 886 inescatos
515 858 549 886 ad
567 866 644 894 opem
659 859 709 887 sibi
723 859 861 889 ferendam

914 268 1011 304 dogma
1027 273 1177 296 sectantur.
1201 268 1234 296 Et
1246 268 1309 303 quia
1324 276 1370 304 per
1384 267 1540 297 instantiam
1560 273 1616 300 tute
1627 266 1689 294 reli-

913 314 1000 349 gionis
1013 314 1133 349 ejusdem
1157 313 1262 349 profani
1285 314 1418 349 dogmatis
1440 313 1535 341 iterata
1551 312 1689 340 damnatio

913 363 971 393 est;
983 360 1046 387 hinc
1058 359 1118 394 ejus
1128 363 1277 387 sectatores
1289 363 1449 386 exarserunt
1462 359 1592 386 adversus
1601 358 1689 386 Eccle-

912 404 991 438 siam,
1010 409 1162 440 quaerentes
1185 412 1245 432 eam
1264 411 1423 439 quacunque
1443 408 1553 439 possent
1572 403 1601 430 in
1624 403 1689 430 mis-

913 450 991 478 sione
1005 450 1124 478 turbare.
1138 450 1170 477 Et
1185 450 1237 477 hoc
1253 453 1337 477 totum
1349 449 1482 484 publicam
1495 448 1618 476 notitiam
1635 455 1688 475 non

913 494 1014 529 effugit,
1036 495 1186 530 prwsertim
1200 501 1260 522 cum
1274 499 1302 522 et
1325 494 1492 521 Domitianus
1506 493 1613 529 quidem
1631 494 1687 520 An-

913 541 1034 576 cyreusis
1051 540 1168 568 civitatis
1180 541 1320 575 episcopus
1335 540 1479 575 provinciae
1492 539 1585 574 prima
1605 537 1687 566 Gala-

913 586 967 618 tiae,
980 580 1024 621 qui
1045 585 1095 614 fuit
1115 586 1199 621 ipsius
1212 585 1382 621 Origenianaa
1403 584 1513 612 haeresis
1530 583 1689 611 manifestus

912 635 1042 665 assertor,
1057 639 1104 667 per
1123 632 1240 659 libellum
1253 638 1332 667 quem
1347 630 1379 657 ad
1389 630 1573 658 beatissimum
1593 635 1688 663 papam

912 676 1038 713 Vigilium
1057 677 1175 713 scripsit,
1200 678 1254 705 Deo
1277 680 1452 712 extorquente
1474 675 1613 704 confessus
1635 678 1688 708 est,

912 724 983 759 quod
997 723 1054 758 ejus
1068 723 1214 758 complices
1234 721 1402 757 Origeniani,
1420 728 1480 749 cum
1500 721 1624 750 viderent
1635 727 1690 749 non

911 774 941 795 se
963 774 1043 803 posse
1066 767 1204 803 proprium
1227 767 1323 801 dogma
1346 765 1500 800 defendere,
1526 771 1615 799 neque
1639 763 1689 792 sibi

911 813 1055 849 quidquam
1081 812 1138 848 spei
1159 812 1192 840 de
1215 811 1341 840 conﬂictu
1364 815 1477 848 restare,
1503 809 1536 837 ad
1559 809 1690 845 ultionem

912 864 1003 885 eorum
1019 864 1078 892 quae
1091 861 1185 895 contra
1199 856 1341 892 Origenem
1354 860 1427 892 gesta
1442 859 1513 886 sunt,
1529 855 1585 882 haec
1596 854 1691 882 Eccle-t

73 897 261 931 pellexerunt.
282 900 408 936 Impense
425 902 533 931 favebat
555 904 608 936 illis
633 904 789 934 Theodorus
815 905 861 935 ille
876 901 898 928 Β
911 903 958 931 si:e
969 903 1094 930 scandala
1112 906 1325 937 commoverunt.
1342 912 1357 929 ι
1369 901 1446 936 Quod
1458 906 1485 929 et
1496 901 1596 929 clarius
1613 908 1689 935 repe-

74 948 162 976 quem
176 943 232 971 dixi
244 945 365 978 Ascidas,
376 945 518 975 Iustiniani
529 949 702 978 consiliorum
716 951 860 988 particeps,

75 996 234 1025 magnaque
246 991 295 1025 ipsi
310 992 493 1021 familiaritate
506 994 675 1029 conjunctus.
691 996 804 1024 Factum
817 997 862 1026 ille

75 1035 222 1064 Eustochii
244 1037 415 1072 vituperabat
435 1040 536 1074 palam,
557 1045 586 1068 et
611 1041 638 1068 in
663 1042 748 1077 ipsum
771 1043 860 1070 aulam

74 1083 278 1111 commovebat.
295 1083 384 1118 Atque
409 1084 479 1113 hanc
499 1086 626 1120 cogendae
649 1087 749 1122 quintae
764 1089 860 1123 synodi

73 1134 190 1156 causam
209 1128 292 1158 fuisse
306 1130 428 1162 scribunt
442 1131 574 1167 Evagrius
588 1138 616 1160 et
628 1132 805 1169 Nicephorus.

114 1171 183 1200 Xlll.
206 1173 303 1202 Coacta
326 1175 556 1212 Constantinopoli
578 1178 680 1213 synodo
702 1187 774 1206 anno
796 1179 859 1213 555,

73 1217 173 1244 multis
184 1217 210 1245 in
222 1225 254 1245 ea
267 1219 300 1246 de
319 1220 405 1248 tribus
418 1220 542 1256 capitulis
556 1227 645 1250 actum
657 1228 708 1251 est.
724 1224 790 1257 Qua:
802 1226 860 1253 sin-

73 1262 142 1297 gula
159 1262 212 1290 huc
227 1264 329 1292 referre
343 1266 467 1300 quoniam
489 1274 543 1295 non
558 1272 599 1299 est
620 1269 704 1296 nostri
724 1269 858 1304 instituti,

74 1307 180 1336 dixisse
200 1309 252 1337 hoc
270 1318 351 1338 unum
374 1311 499 1345 suliiciat,
530 1313 663 1345 renitente
687 1314 792 1350 Vigilio,
813 1318 858 1351 qui

72 1353 174 1389 synodi
189 1354 363 1384 celebrationi
375 1364 425 1391 pro
437 1358 538 1385 viribus
552 1358 753 1393 intercesserat,
767 1366 795 1388 et
808 1362 857 1389 tria

73 1399 193 1433 capitula
211 1400 297 1429 denuo
312 1401 476 1430 defendenda
491 1409 653 1439 sumpserat,
671 1405 796 1433 damnata
814 1406 857 1434 illa

73 1445 253 1475 nihilominus
268 1447 366 1482 fuisse,
383 1453 409 1476 et
428 1449 554 1485 Vigilium
575 1449 722 1484 Theodori,
746 1451 808 1486 lbai,
832 1458 858 1480 et

73 1491 239 1521 Theodoreti
259 1499 347 1528 partes
365 1499 482 1523 tuentem
500 1503 548 1531 per
568 1496 686 1525 libellum
703 1505 719 1525 a
736 1505 766 1526 se
781 1506 857 1526 com-

73 1537 206 1573 positum,
220 1543 248 1566 et
269 1538 423 1568 Iustiniano
442 1541 566 1575 missum,
583 1550 662 1577 quem
678 1542 857 1571 Constitution

75 1583 234 1618 appellavit,
254 1589 281 1612 et
296 1586 409 1614 concilio
426 1587 598 1616 subscribere
623 1593 808 1629 recusantem,
828 1590 856 1618 in

73 1627 226 1656 custodiam
251 1630 334 1658 fuisse
359 1636 461 1664 actum,
486 1641 496 1659 ι
521 1633 655 1663 modicum
676 1634 700 1661 ei
727 1627 808 1670 panis
831 1640 859 1663 et

75 1680 153 1708 aqua
177 1684 186 1700 ι
206 1674 289 1703 fuisse
312 1677 522 1711 suppeditatum,
544 1682 573 1705 ut
600 1678 681 1706 habet
700 1674 858 1711 Anastasius

74 1718 103 1746 in
132 1719 217 1754 ipsius
247 1720 317 1754 Vita,
340 1722 493 1758 multosque
515 1723 656 1759 episcopos
684 1733 718 1752 ex
745 1725 857 1761 lllyricis

73 1765 211 1799 praecipue
220 1770 247 1793 et
257 1767 339 1800 Afris,
354 1769 475 1796 eamdem
489 1769 523 1796 ob
534 1777 643 1797 causam
654 1770 763 1798 sedibus
774 1771 857 1799 fuisse

74 1809 205 1844 dejectos,
220 1812 317 1839 exsilio
333 1813 486 1847 mulctatos,
504 1818 532 1840 et
545 1814 633 1842 modis
646 1816 769 1843 omnibus
788 1816 856 1843 male

73 1854 199 1889 habitos;
227 1857 293 1884 alios
319 1858 418 1886 ditatos
445 1859 604 1888 muneribus
626 1867 764 1888 assensum
787 1869 857 1896 pra:-

73 1899 194 1929 buisse:
222 1902 269 1929 sed
298 1903 447 1931 Romanam
473 1904 580 1943 domum
609 1905 758 1934 Ecclesiam
785 1908 856 1936 inter

74 1949 257 1978 cecumenicas
280 1955 307 1978 et
335 1950 468 1985 legitimas
494 1952 611 1988 synodos
643 1953 763 1987 quintam
779 1973 787 1986 ,
812 1955 856 1983 vel

73 1997 165 2033 Vigilii
191 1998 283 2034 ipsius,
306 2000 349 2028 vel
372 1999 484 2036 Pelagii,
507 2001 677 2037 aliorumque
692 2003 855 2038 pontificum

73 2049 142 2071 nutu
166 2044 324 2078 admisisse;
348 2050 375 2072 et
395 2046 430 2073 ab
452 2047 559 2080 exsilio,
602 2053 697 2083 rogatu
722 2048 853 2084 Narsetis,

73 2093 230 2116 revocatum
246 2096 306 2117 cum
322 2089 383 2117 aliis
397 2090 535 2126 Vigilium,
560 2091 623 2120 dum
646 2092 759 2121 Romam
776 2102 852 2129 repe-

72 2139 156 2170 teret,
170 2135 197 2162 in
220 2135 311 2163 Sicilia
333 2136 444 2164 obiisse.
467 2136 635 2165 Manifestum
655 2139 746 2174 itaque
767 2146 808 2168 est
820 2149 854 2169 ex

71 2180 286 2216 Origenistarum
312 2181 542 2215 altercationibus,
556 2187 584 2210 et
603 2183 701 2218 Pelagii
720 2192 751 2212 ac
764 2185 852 2214 Theo-

912 949 943 981 tit
956 949 1004 983 lib.
1018 957 1130 989 Iv,vcap.
1151 949 1178 976 Δ.
1531 972 1540 975 ..

944 995 1013 1024 XIV.
1035 994 1130 1023 Utrum
1150 1003 1230 1031 porro
1249 995 1282 1023 de
1301 995 1418 1030 Origene
1436 1001 1469 1028 ac
1486 993 1646 1029 Origenistis
1662 992 1690 1024 in

909 1043 1000 1077 quinta
1019 1042 1120 1077 synodo
1140 1047 1230 1070 actum
1246 1043 1292 1074 sit,
1313 1040 1527 1077 investigandum
1547 1043 1609 1068 est:
1626 1046 1691 1069 nam,

910 1088 942 1115 de
961 1087 994 1115 iis
1009 1088 1115 1123 penitus
1134 1088 1240 1116 siluisse
1257 1088 1341 1122 ipsam
1355 1086 1429 1114 nulla
1445 1093 1516 1114 usus
1525 1084 1686 1113 circuitione

909 1133 1045 1162 llalloxius
1057 1134 1191 1168 asseruit,
1211 1139 1237 1161 et
1249 1141 1309 1168 quae
1320 1137 1394 1168 ante,
1414 1131 1456 1159 vel
1472 1135 1531 1166 post
1543 1130 1691 1166 conciliant

908 1180 1037 1207 adversus
1050 1179 1190 1214 Origenem
1205 1184 1279 1214 gesta
1297 1183 1370 1211 sunt,
1391 1185 1426 1213 ea
1445 1177 1543 1204 multos
1564 1175 1605 1203 vel
1622 1175 1691 1203 odio.

908 1224 1041 1259 Origenis,
1063 1225 1104 1252 vel
1123 1221 1278 1259 imperatori
1299 1223 1450 1254 adulantes,
1466 1222 1507 1249 vel
1523 1221 1689 1259 humanitus

913 1271 1014 1305 lapsos,
1034 1271 1059 1297 iu
1077 1270 1192 1298 concilio
1210 1270 1268 1305 ipso
1285 1275 1359 1305 gesta
1383 1268 1537 1303 scripsisse.
1557 1267 1688 1302 Equidem

907 1315 947 1342 sic
960 1315 1024 1342 olim
1043 1315 1213 1342 existimasse
1230 1321 1274 1342 me
1291 1313 1477 1350 lateor,tquod
1492 1311 1589 1347 jactari
1609 1310 1692 1346 vulgo

907 1366 934 1388 et
948 1361 1020 1389 credi
1037 1361 1118 1394 solet,
1131 1361 1213 1397 hujus
1231 1360 1390 1399 auctoritate
1406 1359 1512 1387 concilii
1529 1359 1691 1386 damnatum

907 1406 991 1434 fuisse
1011 1406 1165 1442 Origenem,
1186 1407 1364 1442 Origenisque
1386 1405 1549 1436 doctrinam,
1570 1404 1596 1431 id
1613 1402 1691 1430 Grae-

906 1443 1003 1480 corum
1014 1453 1109 1483 fraude
1125 1452 1207 1480 fuisse
1222 1453 1376 1486 confictum,
1391 1455 1419 1479 et
1434 1452 1461 1478 in
1476 1449 1583 1485 Evagrii
1601 1449 1688 1476 histo-

906 1492 974 1526 riam
994 1498 1110 1526 fortasse
1123 1499 1262 1526 insertum.
1273 1498 1314 1525 Ad
1332 1497 1358 1525 id
1375 1496 1538 1524 credendum
1551 1494 1593 1522 his
1605 1494 1689 1529 potis-

906 1546 1004 1573 simum
1016 1545 1165 1573 rationibus
1179 1544 1354 1579 permovebar
1371 1551 1378 1570 :
1393 1542 1494 1570 nullam
1507 1541 1535 1569 in
1547 1541 1615 1574 actis
1627 1547 1693 1578 con:

908 1591 964 1620 cilii
986 1591 1112 1627 Origenis
1135 1596 1242 1619 exstare
1263 1591 1476 1622 damnationem,
1497 1588 1601 1620 nullam
1618 1587 1688 1622 apud

909 1637 1044 1666 Victorem
1060 1636 1264 1669 Tunuuensem,
1277 1635 1319 1663 vel
1333 1635 1501 1669 Facundum,
1513 1634 1609 1662 horum
1625 1637 1679 1661 tem

907 1690 1002 1718 porum
1019 1683 1148 1718 aquales,
1164 1686 1191 1709 et
1208 1689 1297 1716 rerum
1318 1686 1455 1717 gestarum
1472 1685 1565 1708 testes.
1588 1679 1686 1708 Verum

907 1736 937 1756 re
953 1728 1105 1756 accuratius
1120 1727 1364 1763 pensitata,actam
1384 1727 1411 1753 in
1428 1726 1531 1761 synodo
1550 1725 1686 1760 Origenis,

906 1773 1176 1810 Origenistarumque
1192 1780 1313 1805 causam,
1329 1773 1470 1807 ipsumque
1487 1779 1547 1799 curn
1563 1770 1686 1804 asseclis,

905 1825 933 1848 et
951 1819 1086 1855 dogmatis
1099 1819 1267 1851 damnatum,
1287 1823 1314 1846 et
1330 1817 1512 1846 anathematis
1529 1816 1685 1845 confossum

905 1866 989 1893 fuisse
1014 1872 1067 1892 non
1091 1871 1238 1899 persuasus
1260 1871 1319 1891 sum
1339 1863 1430 1896 modo,
1456 1864 1503 1891 sed
1533 1863 1687 1898 quicunque

905 1911 985 1939 etiam
1005 1910 1083 1938 aliter
1101 1910 1229 1942 senserit,
1244 1910 1284 1937 vel
1300 1917 1394 1944 parum
1413 1913 1556 1942 attentum,
1576 1908 1620 1943 vel
1633 1916 1691 1939 non,

905 1956 971 1984 satis
987 1955 1131 1991 pudentem
1144 1963 1204 1983 esse
1217 1959 1354 1990 oportere.
1370 1955 1473 1983 Causas
1491 1962 1540 1982 cur
1555 1954 1581 1982 id
1597 1954 1691 1982 credi-‘

904 2002 988 2030 derim
1009 2002 1059 2029 has
1082 2001 1173 2037 habui.
1196 2001 1315 2040 Primum
1331 2001 1414 2029 totius
1435 2001 1474 2028 rei
1489 2008 1634 2033 summam,
1660 2005 1686 2028 et

903 2049 985 2077 verba
1004 2048 1063 2083 ipsa
1083 2040 1263 2077 anatliematis
1285 2048 1318 2075 ab
1337 2047 1451 2083 Evagrio
1472 2048 1556 2075 relata
1569 2054 1631 2075 esse
1644 2047 1685 2074 vi-

903 2093 967 2127 deo,
979 2100 1059 2128 quem
1076 2098 1161 2120 totum
1175 2093 1358 2121 Grmculorum
1374 2101 1471 2128 agmen
1486 2093 1619 2128 sequitur,
1637 2101 1684 2120 au-

904 2145 962 2167 ctor
996 2138 1121 2166 Chronici
1159 2139 1342 2171 Alexandrini,
1370 2138 1502 2174 Georgius
1530 2139 1684 2175 Syncellus,

904 2185 1093 2220 Theophanes,
1117 2184 1230 2212 Photius
1254 2186 1280 2213 in
1302 2186 1392 2213 libello
1413 2186 1454 2213 De
1473 2186 1591 2220 synodis,
1609 2185 1684 2212 Nilus

70 2227 133 2255 dori
148 2227 323 2262 Caesariensis
337 2228 518 2265 simultatibus
533 2233 558 2256 et
574 2230 643 2257 odiis
658 2231 707 2257 hos
725 2237 813 2260 motus
826 2238 853 2260 et
868 2237 890 2264 ι)
904 2231 1035 2262 Rhodius.
1057 2235 1085 2258 et
1105 2231 1231 2266 anonymi
1252 2231 1311 2258 duo.
1323 2231 1367 2266 qui
1391 2231 1424 2259 de
1444 2232 1554 2267 synodis
1579 2239 1685 2266 quoque

70 2273 166 2301 turbas
179 2273 205 2300 in
217 2273 334 2302 Ecclesia
345 2274 482 2302 exstitisse
493 2283 500 2308 ;
516 2284 525 2300 ‹
539 2274 604 2302 lllud
618 2275 719 2311 liquere
729 2277 853 2305 omnibus

70 2319 166 2350 credo.
183 2327 193 2345 ι
212 2319 302 2354 inquit
322 2319 464 2347 Liberatus
487 2319 607 2349 Breviar.
620 2321 687 2356 :cap.
712 2322 758 2358 24,
777 2332 786 2349 ι
805 2331 853 2359 per

69 2363 208 2399 Pelagium
223 2364 367 2392 diaconum
399 2370 427 2393 et
450 2365 619 2394 Theodorum
637 2367 766 2396 Caesareae
781 2369 852 2404 Cap-

69 2409 192 2444 padociae
214 2409 368 2444 episcopum
396 2410 448 2438 hoc
468 2412 623 2439 scandalum
651 2413 681 2442 in,
703 2414 850 2442 Ecclesiam

70 2453 157 2482 fuisse
171 2454 330 2489 ingressum.
344 2455 419 2489 Quod
438 2457 518 2484 etiam
534 2457 640 2492 publice
654 2458 711 2494 ipse
725 2459 849 2491 Themin-

70 2506 120 2526 rus
134 2498 291 2533 clamitavit,
316 2508 346 2529 se
364 2505 392 2528 et
412 2501 549 2538 Pelagium
564 2503 640 2531 vivos
654 2503 848 2540 incendendos,

68 2551 120 2579 per
134 2552 201 2580 quos
215 2545 432 2581 hoclscandalum
447 2548 567 2580 introivit
579 2549 606 2576 in
622 2549 760 2578 mundum.
774 2559 783 2576 ι
797 2551 850 2579 Do-

69 2589 199 2618 mitianus
212 2590 268 2625 ipse
282 2591 442 2627 Ancyranus
454 2593 604 2630 Origenicai
620 2595 751 2624 doctrinae
761 2603 848 2625 asser-

69 2639 125 2667 tor,
139 2635 166 2662 in
186 2636 298 2670 epistola
311 2638 427 2672 quadam
440 2639 474 2666 ad
488 2639 613 2674 Vigilium
629 2648 736 2676 papam,
754 2641 856 2677 Origes

68 2679 201 2708 nistarum
219 2689 310 2716 opera_
321 2682 422 2709 factum
437 2685 570 2718 agnoscit,
588 2690 618 2719 ut
630 2686 681 2714 tria
701 2687 816 2721 capitula
831 2695 847 2714 a

68 2724 222 2754 Iustiniano
241 2728 435 2756 damnarentur
452 2737 459 2756 :
475 2731 551 2758 testis
566 2730 709 2761 Facundos
723 2732 848 2760 Hermia-

68 2772 162 2800 nensis
185 2773 325 2808 episcopus
340 2774 400 2802 libr.
419 2782 428 2802 ι
443 2776 476 2803 ad
490 2775 603 2810 Justin.,
616 2785 676 2812 cap.
696 2778 724 2812 2,
743 2787 752 2805 ι
768 2778 847 2807 inve-

68 2818 117 2851 nit,
154 2818 258 2852 inquit,
283 2819 462 2848 desideratam
487 2822 657 2849 occasionem
690 2823 848 2858 (licerelice-

71 2871 130 2892 rum
152 2864 281 2899 spiritus)
297 2873 330 2894 ex
353 2865 445 2895 furore
460 2867 649 2901 quorumdam,
664 2869 710 2902 qui
734 2870 783 2898 sub
800 2878 848 2898 uo-

905 2277 1081 2311 scripserunt,
1100 2284 1221 2311 quosque
1239 2277 1265 2303 in
1285 2277 1410 2305 canonici
1430 2277 1499 2311 juris
1519 2277 1623 2312 antiqui
1640 2277 1684 2304 Bi-

903 2321 1063 2350 blimhecam
1080 2320 1194 2348 contulit
1214 2320 1345 2349 lleuricus
1360 2321 1488 2349 Iustellus
1508 2323 1550 2349 vir
1564 2323 1684 2363 clarissi-

903 2376 979 2400 mus;
994 2367 1123 2400 Zonaras,
1141 2366 1247 2402 Glycas,
1264 2368 1381 2394 maxime
1395 2375 1460 2395 vero
1473 2367 1621 2401 Cedrenus,
1638 2367 1691 2402 qui,

902 2419 929 2441 et
947 2413 1090 2440 Iustiniani
1106 2413 1246 2446 epistolam
1260 2412 1294 2439 ad
1308 2413 1441 2448 synodum
1457 2417 1643 2447 reprazsentat,
1656 2414 1683 2440 iu

903 2465 955 2493 qua
975 2457 1076 2493 ﬂagitat
1096 2464 1111 2483 a
1127 2456 1262 2490 Patribus,
1281 2462 1311 2484 ut
1332 2456 1488 2492 Origenem,
1505 2457 1684 2493 Origenisque

902 2503 1024 2539 gregales
1044 2503 1187 2536 damnent;
1211 2507 1239 2530 et
1257 2502 1434 2538 Nicephorus,
1453 2503 1497 2537 qui
1524 2505 1682 2530 anathema-

902 2551 996 2578 tismos
1011 2550 1038 2577 in
1053 2550 1197 2586 Origenem
1212 2557 1228 2585 _a
1241 2552 1343 2586 synodo
1359 2550 1476 2578 vibratos
1488 2550 1625 2584 αὐτολεξεζ
1640 2559 1682 2581 re-

901 2597 976 2624 citat.
992 2595 1110 2631 Cyrillus
1124 2600 1253 2631 praeterea
1267 2596 1417 2623 monachus
1440 2602 1510 2631 saepe
1522 2596 1577 2630 jam
1596 2604 1611 2622 a
1633 2603 1691 2631 [ιο-ε

901 2643 942 2670 his
959 2641 1066 2674 citatus,
1081 2642 1126 2676 qui
1139 2641 1281 2669 Iustiniani
1301 2648 1358 2669 aevo
1377 2641 1478 2675 floruit,
1495 2645 1521 2668 et
1535 2649 1578 2677 res
1595 2642 1620 2668 iu
1632 2649 1691 2677 ρι’-π

900 2687 971 2716 nodo
983 2690 1078 2722 jgestas
1102 2687 1225 2722 ignorare
1241 2695 1291 2714 non
1313 2687 1409 2721 potuit,
1432 2687 1574 2724 Origenem
1597 2687 1622 2713 in
1647 2695 1678 2714 ea

899 2734 1053 2762 datnnatnm
1079 2733 1161 2760 fuisse
1180 2733 1280 2760 diserte
1309 2733 1387 2769 docet
1401 2733 1427 2760 iu
1454 2732 1511 2766 Vita
1532 2732 1692 2768 Euthymiik

899 2786 958 2816 Cap.
975 2778 1036 2806 105.
1058 2788 1067 2805 ι
1089 2778 1154 2806 Cum
1169 2779 1336 2813 praecedente
1358 2783 1461 2808 autem
1479 2783 1610 2813 tempore,
1635 2778 1690 2820 ἰη-ξ

897 2825 965 2860 quit,
1002 2831 1095 2861 postea
1124 2829 1283 2861 cOngregata
1320 2824 1676 2860 fuisset,Constautinopoli

897 2871 989 2903 quinta
1007 2878 1097 2900 sancta
1114 2873 1241 2904 synodus.
1258 2876 1286 2899 et
1299 2871 1424 2913 Origeuis
1447 2879 1477 2900 ac
1495 2871 1611 2899 Nestorii
1628 2872 1675 2898 de.
