  <div class='ocr_page' id='page_1' title='image "/cluster/home/n/w/nwhite01/storage/ocr_20150623/17/njp.32101010944583/797.png"; bbox 0 0 1927 3076; ppageno 0'>
   <div class='ocr_carea' id='block_1_1' title="bbox 245 172 310 200">
    <p class='ocr_par' dir='ltr' id='par_1_1' title="bbox 245 172 310 200">
     <span class='ocr_line' id='line_1_1' title="bbox 245 172 310 200; baseline 0.015 -2"><span class='ocrx_word' id='word_1_1' title='bbox 245 172 310 200; x_wconf 75' lang='grc'><strong>1171</strong></span> 
     </span>
    </p>
   </div>
   <div class='ocr_carea' id='block_1_2' title="bbox 858 170 1197 202">
    <p class='ocr_par' dir='ltr' id='par_1_2' title="bbox 858 170 1197 202">
     <span class='ocr_line' id='line_1_2' title="bbox 858 170 1197 202; baseline -0.006 -1"><span class='ocrx_word' id='word_1_2' title='bbox 858 173 883 202; x_wconf 77' lang='grc' dir='ltr'><strong>Ρ.</strong></span> <span class='ocrx_word' id='word_1_3' title='bbox 905 170 1061 200; x_wconf 66' lang='lat' dir='ltr'><strong>DANIELlS</strong></span> <span class='ocrx_word' id='word_1_4' title='bbox 1080 171 1197 199; x_wconf 85' lang='lat' dir='ltr'><strong>HUETII</strong></span> 
     </span>
    </p>
   </div>
   <div class='ocr_carea' id='block_1_3' title="bbox 1792 169 1852 196">
    <p class='ocr_par' dir='ltr' id='par_1_3' title="bbox 1792 169 1852 196">
     <span class='ocr_line' id='line_1_3' title="bbox 1792 169 1852 196; baseline 0.017 -1"><span class='ocrx_word' id='word_1_5' title='bbox 1792 169 1852 196; x_wconf 74' lang='lat'><strong>“72</strong></span> 
     </span>
    </p>
   </div>
   <div class='ocr_carea' id='block_1_4' title="bbox 245 228 1851 268">
    <p class='ocr_par' dir='ltr' id='par_1_4' title="bbox 245 228 1851 268">
     <span class='ocr_line' id='line_1_4' title="bbox 245 228 1851 268; baseline -0.004 -8"><span class='ocrx_word' id='word_1_6' title='bbox 245 237 334 266; x_wconf 72' lang='lat' dir='ltr'><strong>trmata</strong></span> <span class='ocrx_word' id='word_1_7' title='bbox 353 233 465 261; x_wconf 87' lang='lat' dir='ltr'><strong>fuissent</strong></span> <span class='ocrx_word' id='word_1_8' title='bbox 488 233 520 260; x_wconf 86' lang='lat' dir='ltr'><strong>ab</strong></span> <span class='ocrx_word' id='word_1_9' title='bbox 537 240 567 261; x_wconf 86' lang='lat' dir='ltr'><strong>ea</strong></span> <span class='ocrx_word' id='word_1_10' title='bbox 582 241 708 268; x_wconf 87' lang='lat' dir='ltr'><strong>percussa</strong></span> <span class='ocrx_word' id='word_1_11' title='bbox 729 235 911 267; x_wconf 86' lang='lat' dir='ltr'><strong>anathemate,</strong></span> <span class='ocrx_word' id='word_1_12' title='bbox 934 239 960 261; x_wconf 90' lang='lat' dir='ltr'><strong>et</strong></span> <span class='ocrx_word' id='word_1_13' title='bbox 975 233 1018 268; x_wconf 87' lang='lat' dir='ltr'><strong>qui</strong></span> <span class='ocrx_word' id='word_1_14' title='bbox 1034 234 1058 264; x_wconf 80' lang='grc' dir='ltr'><strong>Α</strong></span> <span class='ocrx_word' id='word_1_15' title='bbox 1072 232 1229 260; x_wconf 73' lang='lat' dir='ltr'><strong>certationis</strong></span> <span class='ocrx_word' id='word_1_16' title='bbox 1239 232 1379 259; x_wconf 86' lang='lat' dir='ltr'><strong>artificem.</strong></span> <span class='ocrx_word' id='word_1_17' title='bbox 1392 231 1468 266; x_wconf 86' lang='lat' dir='ltr'><strong>Quod</strong></span> <span class='ocrx_word' id='word_1_18' title='bbox 1484 236 1513 259; x_wconf 92' lang='lat' dir='ltr'><strong>ut</strong></span> <span class='ocrx_word' id='word_1_19' title='bbox 1527 232 1558 258; x_wconf 88' lang='lat' dir='ltr'><strong>de</strong></span> <span class='ocrx_word' id='word_1_20' title='bbox 1580 230 1625 257; x_wconf 82' lang='lat' dir='ltr'><strong>illo</strong></span> <span class='ocrx_word' id='word_1_21' title='bbox 1647 228 1756 264; x_wconf 87' lang='lat' dir='ltr'><strong>opinari</strong></span> <span class='ocrx_word' id='word_1_22' title='bbox 1768 235 1851 263; x_wconf 85' lang='lat' dir='ltr'><strong>prom-</strong></span> 
     </span>
    </p>
   </div>
   <div class='ocr_carea' id='block_1_5' title="bbox 245 277 1022 315">
    <p class='ocr_par' dir='ltr' id='par_1_5' title="bbox 245 277 1022 315">
     <span class='ocr_line' id='line_1_5' title="bbox 245 277 1022 315; baseline 0.001 -10"><span class='ocrx_word' id='word_1_23' title='bbox 245 277 345 305; x_wconf 72' lang='lat' dir='ltr'><strong>Novam</strong></span> <span class='ocrx_word' id='word_1_24' title='bbox 364 279 478 306; x_wconf 88' lang='lat' dir='ltr'><strong>Lauram</strong></span> <span class='ocrx_word' id='word_1_25' title='bbox 503 283 644 306; x_wconf 83' lang='lat' dir='ltr'><strong>tenuerant</strong></span> <span class='ocrx_word' id='word_1_26' title='bbox 662 279 820 315; x_wconf 72' lang='lat' dir='ltr'><strong>Origenistze</strong></span> <span class='ocrx_word' id='word_1_27' title='bbox 839 280 912 307; x_wconf 84' lang='lat' dir='ltr'><strong>il‘linc</strong></span> <span class='ocrx_word' id='word_1_28' title='bbox 931 284 1022 307; x_wconf 81' lang='lat' dir='ltr'><strong>essent</strong></span> 
     </span>
    </p>
   </div>
   <div class='ocr_carea' id='block_1_6' title="bbox 244 324 1021 359">
    <p class='ocr_par' dir='ltr' id='par_1_6' title="bbox 244 324 1021 359">
     <span class='ocr_line' id='line_1_6' title="bbox 244 324 1021 359; baseline 0.004 -9"><span class='ocrx_word' id='word_1_29' title='bbox 244 324 363 359; x_wconf 84' lang='lat' dir='ltr'><strong>expulsi;</strong></span> <span class='ocrx_word' id='word_1_30' title='bbox 387 329 415 352; x_wconf 92' lang='lat' dir='ltr'><strong>et</strong></span> <span class='ocrx_word' id='word_1_31' title='bbox 436 325 527 354; x_wconf 84' lang='lat' dir='ltr'><strong>ﬁdeles</strong></span> <span class='ocrx_word' id='word_1_32' title='bbox 548 331 577 354; x_wconf 89' lang='lat' dir='ltr'><strong>et</strong></span> <span class='ocrx_word' id='word_1_33' title='bbox 601 327 743 354; x_wconf 80' lang='lat' dir='ltr'><strong>orthodoxi</strong></span> <span class='ocrx_word' id='word_1_34' title='bbox 765 327 859 354; x_wconf 87' lang='lat' dir='ltr'><strong>Patres</strong></span> <span class='ocrx_word' id='word_1_35' title='bbox 883 334 976 354; x_wconf 84' lang='lat' dir='ltr'><strong>rursus</strong></span> <span class='ocrx_word' id='word_1_36' title='bbox 995 326 1021 353; x_wconf 91' lang='lat' dir='ltr'><strong>in</strong></span> 
     </span>
    </p>
   </div>
   <div class='ocr_carea' id='block_1_7' title="bbox 244 370 1022 406">
    <p class='ocr_par' dir='ltr' id='par_1_7' title="bbox 244 370 1022 406">
     <span class='ocr_line' id='line_1_7' title="bbox 244 370 1022 406; baseline 0.004 -10"><span class='ocrx_word' id='word_1_37' title='bbox 244 377 303 396; x_wconf 84' lang='lat' dir='ltr'><strong>eam</strong></span> <span class='ocrx_word' id='word_1_38' title='bbox 316 370 487 405; x_wconf 78' lang='lat' dir='ltr'><strong>migrassent,</strong></span> <span class='ocrx_word' id='word_1_39' title='bbox 499 372 672 406; x_wconf 84' lang='lat' dir='ltr'><strong>permittente</strong></span> <span class='ocrx_word' id='word_1_40' title='bbox 683 373 746 400; x_wconf 89' lang='lat' dir='ltr'><strong>mihi</strong></span> <span class='ocrx_word' id='word_1_41' title='bbox 761 373 911 400; x_wconf 83' lang='lat' dir='ltr'><strong>admirabili</strong></span> <span class='ocrx_word' id='word_1_42' title='bbox 920 372 1022 400; x_wconf 76' lang='lat' dir='ltr'><strong>Joanne</strong></span> 
     </span>
    </p>
   </div>
   <div class='ocr_carea' id='block_1_8' title="bbox 244 413 1022 453">
    <p class='ocr_par' dir='ltr' id='par_1_8' title="bbox 244 413 1022 453">
     <span class='ocr_line' id='line_1_8' title="bbox 244 413 1022 453; baseline 0.006 -13"><span class='ocrx_word' id='word_1_43' title='bbox 244 413 409 448; x_wconf 89' lang='lat' dir='ltr'><strong>Silentiario,</strong></span> <span class='ocrx_word' id='word_1_44' title='bbox 425 423 466 448; x_wconf 87' lang='lat' dir='ltr'><strong>eo,</strong></span> <span class='ocrx_word' id='word_1_45' title='bbox 483 416 602 451; x_wconf 87' lang='lat' dir='ltr'><strong>inquam,</strong></span> <span class='ocrx_word' id='word_1_46' title='bbox 615 417 660 452; x_wconf 89' lang='lat' dir='ltr'><strong>qui</strong></span> <span class='ocrx_word' id='word_1_47' title='bbox 675 423 733 445; x_wconf 85' lang='lat' dir='ltr'><strong>erat</strong></span> <span class='ocrx_word' id='word_1_48' title='bbox 746 418 897 453; x_wconf 82' lang='lat' dir='ltr'><strong>episcopus.</strong></span> <span class='ocrx_word' id='word_1_49' title='bbox 913 418 1022 445; x_wconf 85' lang='lat' dir='ltr'><strong>discedo</strong></span> 
     </span>
    </p>
   </div>
   <div class='ocr_carea' id='block_1_9' title="bbox 243 460 1019 498">
    <p class='ocr_par' dir='ltr' id='par_1_9' title="bbox 243 460 1019 498">
     <span class='ocr_line' id='line_1_9' title="bbox 243 460 1019 498; baseline 0.004 -12"><span class='ocrx_word' id='word_1_50' title='bbox 243 467 259 486; x_wconf 85' lang='lat' dir='ltr'><strong>a</strong></span> <span class='ocrx_word' id='word_1_51' title='bbox 277 460 399 488; x_wconf 74' lang='lat' dir='ltr'><strong>ctenobio</strong></span> <span class='ocrx_word' id='word_1_52' title='bbox 415 465 441 488; x_wconf 89' lang='lat' dir='ltr'><strong>et</strong></span> <span class='ocrx_word' id='word_1_53' title='bbox 459 462 515 496; x_wconf 91' lang='lat' dir='ltr'><strong>ipse</strong></span> <span class='ocrx_word' id='word_1_54' title='bbox 530 470 636 498; x_wconf 88' lang='lat' dir='ltr'><strong>quoque</strong></span> <span class='ocrx_word' id='word_1_55' title='bbox 652 471 747 491; x_wconf 88' lang='lat' dir='ltr'><strong>versor</strong></span> <span class='ocrx_word' id='word_1_56' title='bbox 770 464 796 490; x_wconf 91' lang='lat' dir='ltr'><strong>in</strong></span> <span class='ocrx_word' id='word_1_57' title='bbox 821 464 871 491; x_wconf 84' lang='lat' dir='ltr'><strong>hac</strong></span> <span class='ocrx_word' id='word_1_58' title='bbox 890 463 986 490; x_wconf 88' lang='lat' dir='ltr'><strong>Laura.</strong></span> <span class='ocrx_word' id='word_1_59' title='bbox 1009 473 1019 489; x_wconf 82' lang='grc'><strong>›</strong></span> 
     </span>
    </p>
   </div>
   <div class='ocr_carea' id='block_1_10' title="bbox 242 504 1021 543">
    <p class='ocr_par' dir='ltr' id='par_1_10' title="bbox 242 504 1021 543">
     <span class='ocr_line' id='line_1_10' title="bbox 242 504 1021 543; baseline 0.004 -11"><span class='ocrx_word' id='word_1_60' title='bbox 242 504 277 532; x_wconf 87' lang='grc' dir='ltr'><strong>Ει</strong></span> <span class='ocrx_word' id='word_1_61' title='bbox 297 505 392 533; x_wconf 89' lang='lat' dir='ltr'><strong>iterum</strong></span> <span class='ocrx_word' id='word_1_62' title='bbox 403 507 428 533; x_wconf 92' lang='lat' dir='ltr'><strong>in</strong></span> <span class='ocrx_word' id='word_1_63' title='bbox 448 506 506 534; x_wconf 82' lang='lat' dir='ltr'><strong>Vita</strong></span> <span class='ocrx_word' id='word_1_64' title='bbox 519 507 606 541; x_wconf 73' lang='lat' dir='ltr'><strong>Salue,</strong></span> <span class='ocrx_word' id='word_1_65' title='bbox 625 516 684 543; x_wconf 87' lang='lat' dir='ltr'><strong>cap.</strong></span> <span class='ocrx_word' id='word_1_66' title='bbox 698 509 745 536; x_wconf 90' lang='lat' dir='ltr'><strong>ult.</strong></span> <span class='ocrx_word' id='word_1_67' title='bbox 761 518 766 536; x_wconf 92' lang='lat'>:</span> <span class='ocrx_word' id='word_1_68' title='bbox 784 519 793 535; x_wconf 75' lang='grc' dir='ltr'><strong>ε</strong></span> <span class='ocrx_word' id='word_1_69' title='bbox 811 509 872 537; x_wconf 84' lang='lat' dir='ltr'><strong>Post</strong></span> <span class='ocrx_word' id='word_1_70' title='bbox 889 511 945 537; x_wconf 67' lang='lat' dir='ltr'><strong>hzec</strong></span> <span class='ocrx_word' id='word_1_71' title='bbox 961 517 1021 537; x_wconf 88' lang='lat' dir='ltr'><strong>cum</strong></span> 
     </span>
    </p>
   </div>
   <div class='ocr_carea' id='block_1_11' title="bbox 244 554 1021 590">
    <p class='ocr_par' dir='ltr' id='par_1_11' title="bbox 244 554 1021 590">
     <span class='ocr_line' id='line_1_11' title="bbox 244 554 1021 590; baseline 0.008 -14"><span class='ocrx_word' id='word_1_72' title='bbox 244 556 337 577; x_wconf 84' lang='lat' dir='ltr'><strong>sancta</strong></span> <span class='ocrx_word' id='word_1_73' title='bbox 361 556 388 578; x_wconf 90' lang='lat' dir='ltr'><strong>et</strong></span> <span class='ocrx_word' id='word_1_74' title='bbox 408 554 574 581; x_wconf 71' lang='lat' dir='ltr'><strong>mcumenica</strong></span> <span class='ocrx_word' id='word_1_75' title='bbox 602 556 695 588; x_wconf 88' lang='lat' dir='ltr'><strong>quinta</strong></span> <span class='ocrx_word' id='word_1_76' title='bbox 720 557 837 590; x_wconf 80' lang='lat' dir='ltr'><strong>synodus</strong></span> <span class='ocrx_word' id='word_1_77' title='bbox 860 561 1021 590; x_wconf 68' lang='lat' dir='ltr'><strong>congregata</strong></span> 
     </span>
    </p>
   </div>
   <div class='ocr_carea' id='block_1_12' title="bbox 245 593 1022 636">
    <p class='ocr_par' dir='ltr' id='par_1_12' title="bbox 245 593 1022 636">
     <span class='ocr_line' id='line_1_12' title="bbox 245 593 1022 636; baseline 0.009 -15"><span class='ocrx_word' id='word_1_78' title='bbox 245 593 339 623; x_wconf 82' lang='lat' dir='ltr'><strong>fuisset</strong></span> <span class='ocrx_word' id='word_1_79' title='bbox 355 596 488 632; x_wconf 84' lang='lat' dir='ltr'><strong>Byzantii,</strong></span> <span class='ocrx_word' id='word_1_80' title='bbox 510 598 666 627; x_wconf 90' lang='lat' dir='ltr'><strong>Theodorus</strong></span> <span class='ocrx_word' id='word_1_81' title='bbox 684 600 863 635; x_wconf 70' lang='lat' dir='ltr'><strong>Ilopsuestiae,</strong></span> <span class='ocrx_word' id='word_1_82' title='bbox 883 607 909 628; x_wconf 88' lang='lat' dir='ltr'><strong>et</strong></span> <span class='ocrx_word' id='word_1_83' title='bbox 928 601 1022 636; x_wconf 77' lang='lat' dir='ltr'><strong>Orige—</strong></span> 
     </span>
    </p>
   </div>
   <div class='ocr_carea' id='block_1_13' title="bbox 243 644 1024 681">
    <p class='ocr_par' dir='ltr' id='par_1_13' title="bbox 243 644 1024 681">
     <span class='ocr_line' id='line_1_13' title="bbox 243 644 1024 681; baseline 0.012 -15"><span class='ocrx_word' id='word_1_84' title='bbox 243 647 302 674; x_wconf 87' lang='lat' dir='ltr'><strong>nes,</strong></span> <span class='ocrx_word' id='word_1_85' title='bbox 322 646 348 668; x_wconf 93' lang='lat' dir='ltr'><strong>et</strong></span> <span class='ocrx_word' id='word_1_86' title='bbox 367 650 419 670; x_wconf 86' lang='lat' dir='ltr'><strong>una</strong></span> <span class='ocrx_word' id='word_1_87' title='bbox 442 651 501 670; x_wconf 88' lang='lat' dir='ltr'><strong>cutn</strong></span> <span class='ocrx_word' id='word_1_88' title='bbox 518 644 559 673; x_wconf 84' lang='lat' dir='ltr'><strong>his</strong></span> <span class='ocrx_word' id='word_1_89' title='bbox 575 646 655 680; x_wconf 91' lang='lat' dir='ltr'><strong>impia</strong></span> <span class='ocrx_word' id='word_1_90' title='bbox 668 646 701 673; x_wconf 89' lang='lat' dir='ltr'><strong>de</strong></span> <span class='ocrx_word' id='word_1_91' title='bbox 715 647 926 681; x_wconf 75' lang='lat' dir='ltr'><strong>praeexsistentia</strong></span> <span class='ocrx_word' id='word_1_92' title='bbox 942 651 968 674; x_wconf 85' lang='lat' dir='ltr'><strong>et</strong></span> <span class='ocrx_word' id='word_1_93' title='bbox 985 655 1024 674; x_wconf 50' lang='lat' dir='ltr'><strong>re</strong></span> 
     </span>
    </p>
   </div>
   <div class='ocr_carea' id='block_1_14' title="bbox 243 688 1023 726">
    <p class='ocr_par' dir='ltr' id='par_1_14' title="bbox 243 688 1023 726">
     <span class='ocr_line' id='line_1_14' title="bbox 243 688 1023 726; baseline 0.009 -13"><span class='ocrx_word' id='word_1_94' title='bbox 243 688 412 715; x_wconf 83' lang='lat' dir='ltr'><strong>surrectione</strong></span> <span class='ocrx_word' id='word_1_95' title='bbox 431 689 554 724; x_wconf 68' lang='lat' dir='ltr'><strong>dogmata</strong></span> <span class='ocrx_word' id='word_1_96' title='bbox 568 691 686 726; x_wconf 81' lang='lat' dir='ltr'><strong>generali</strong></span> <span class='ocrx_word' id='word_1_97' title='bbox 703 691 810 719; x_wconf 82' lang='lat' dir='ltr'><strong>fuerant</strong></span> <span class='ocrx_word' id='word_1_98' title='bbox 827 692 947 726; x_wconf 91' lang='lat' dir='ltr'><strong>subjecta</strong></span> <span class='ocrx_word' id='word_1_99' title='bbox 961 701 1023 720; x_wconf 89' lang='lat' dir='ltr'><strong>ana-</strong></span> 
     </span>
    </p>
   </div>
   <div class='ocr_carea' id='block_1_15' title="bbox 243 731 1023 772">
    <p class='ocr_par' dir='ltr' id='par_1_15' title="bbox 243 731 1023 772">
     <span class='ocr_line' id='line_1_15' title="bbox 243 731 1023 772; baseline 0.012 -14"><span class='ocrx_word' id='word_1_100' title='bbox 243 731 366 766; x_wconf 90' lang='lat' dir='ltr'><strong>tltetnati,</strong></span> <span class='ocrx_word' id='word_1_101' title='bbox 379 739 406 761; x_wconf 92' lang='lat' dir='ltr'><strong>et</strong></span> <span class='ocrx_word' id='word_1_102' title='bbox 419 734 458 761; x_wconf 82' lang='lat' dir='ltr'><strong>sic</strong></span> <span class='ocrx_word' id='word_1_103' title='bbox 471 735 605 764; x_wconf 76' lang='lat' dir='ltr'><strong>ita-relicis</strong></span> <span class='ocrx_word' id='word_1_104' title='bbox 617 737 742 772; x_wconf 83' lang='lat' dir='ltr'><strong>deinceps</strong></span> <span class='ocrx_word' id='word_1_105' title='bbox 757 739 828 766; x_wconf 87' lang='lat' dir='ltr'><strong>ontni</strong></span> <span class='ocrx_word' id='word_1_106' title='bbox 844 739 931 766; x_wconf 90' lang='lat' dir='ltr'><strong>ablata</strong></span> <span class='ocrx_word' id='word_1_107' title='bbox 943 739 1023 767; x_wconf 87' lang='lat' dir='ltr'><strong>liber—</strong></span> 
     </span>
    </p>
   </div>
   <div class='ocr_carea' id='block_1_16' title="bbox 245 777 1023 817">
    <p class='ocr_par' dir='ltr' id='par_1_16' title="bbox 245 777 1023 817">
     <span class='ocr_line' id='line_1_16' title="bbox 245 777 1023 817; baseline 0.014 -15"><span class='ocrx_word' id='word_1_108' title='bbox 245 779 300 804; x_wconf 87' lang='lat' dir='ltr'><strong>tate</strong></span> <span class='ocrx_word' id='word_1_109' title='bbox 315 777 451 813; x_wconf 82' lang='lat' dir='ltr'><strong>loquendi,</strong></span> <span class='ocrx_word' id='word_1_110' title='bbox 465 780 546 808; x_wconf 89' lang='lat' dir='ltr'><strong>divini</strong></span> <span class='ocrx_word' id='word_1_111' title='bbox 562 781 640 810; x_wconf 59' lang='lat' dir='ltr'><strong>Saba</strong></span> <span class='ocrx_word' id='word_1_112' title='bbox 659 782 767 817; x_wconf 72' lang='lat' dir='ltr'><strong>Laurze,</strong></span> <span class='ocrx_word' id='word_1_113' title='bbox 784 789 811 812; x_wconf 92' lang='lat' dir='ltr'><strong>et</strong></span> <span class='ocrx_word' id='word_1_114' title='bbox 827 786 953 813; x_wconf 89' lang='lat' dir='ltr'><strong>universa</strong></span> <span class='ocrx_word' id='word_1_115' title='bbox 968 787 1023 813; x_wconf 88' lang='lat' dir='ltr'><strong>fere</strong></span> 
     </span>
    </p>
   </div>
   <div class='ocr_carea' id='block_1_17' title="bbox 243 824 1023 866">
    <p class='ocr_par' dir='ltr' id='par_1_17' title="bbox 243 824 1023 866">
     <span class='ocr_line' id='line_1_17' title="bbox 243 824 1023 866; baseline 0.013 -17"><span class='ocrx_word' id='word_1_116' title='bbox 243 829 304 850; x_wconf 92' lang='lat' dir='ltr'><strong>cum</strong></span> <span class='ocrx_word' id='word_1_117' title='bbox 317 824 357 852; x_wconf 89' lang='lat' dir='ltr'><strong>eis</strong></span> <span class='ocrx_word' id='word_1_118' title='bbox 373 824 526 860; x_wconf 71' lang='lat' dir='ltr'><strong>Palmstina,</strong></span> <span class='ocrx_word' id='word_1_119' title='bbox 543 829 671 858; x_wconf 87' lang='lat' dir='ltr'><strong>vicesimo</strong></span> <span class='ocrx_word' id='word_1_120' title='bbox 691 832 769 858; x_wconf 90' lang='lat' dir='ltr'><strong>tertio</strong></span> <span class='ocrx_word' id='word_1_121' title='bbox 789 839 859 859; x_wconf 91' lang='lat' dir='ltr'><strong>anno</strong></span> <span class='ocrx_word' id='word_1_122' title='bbox 876 837 936 866; x_wconf 91' lang='lat' dir='ltr'><strong>post</strong></span> <span class='ocrx_word' id='word_1_123' title='bbox 952 832 1023 860; x_wconf 82' lang='lat' dir='ltr'><strong>illitis</strong></span> 
     </span>
    </p>
   </div>
   <div class='ocr_carea' id='block_1_18' title="bbox 243 873 1022 912">
    <p class='ocr_par' dir='ltr' id='par_1_18' title="bbox 243 873 1022 912">
     <span class='ocr_line' id='line_1_18' title="bbox 243 873 1022 912; baseline 0.014 -17"><span class='ocrx_word' id='word_1_124' title='bbox 243 874 356 897; x_wconf 89' lang='lat' dir='ltr'><strong>mortem</strong></span> <span class='ocrx_word' id='word_1_125' title='bbox 377 878 391 897; x_wconf 92' lang='lat' dir='ltr'><strong>a</strong></span> <span class='ocrx_word' id='word_1_126' title='bbox 411 873 537 907; x_wconf 77' lang='lat' dir='ltr'><strong>gravibus</strong></span> <span class='ocrx_word' id='word_1_127' title='bbox 552 875 710 910; x_wconf 71' lang='lat' dir='ltr'><strong>haeresibus,</strong></span> <span class='ocrx_word' id='word_1_128' title='bbox 729 882 755 904; x_wconf 91' lang='lat' dir='ltr'><strong>et</strong></span> <span class='ocrx_word' id='word_1_129' title='bbox 772 878 901 912; x_wconf 88' lang='lat' dir='ltr'><strong>temporis</strong></span> <span class='ocrx_word' id='word_1_130' title='bbox 916 878 1022 906; x_wconf 90' lang='lat' dir='ltr'><strong>acerbi-</strong></span> 
     </span>
    </p>
   </div>
   <div class='ocr_carea' id='block_1_19' title="bbox 242 915 1023 957">
    <p class='ocr_par' dir='ltr' id='par_1_19' title="bbox 242 915 1023 957">
     <span class='ocr_line' id='line_1_19' title="bbox 242 915 1023 957; baseline 0.014 -17"><span class='ocrx_word' id='word_1_131' title='bbox 242 917 299 941; x_wconf 93' lang='lat' dir='ltr'><strong>tate</strong></span> <span class='ocrx_word' id='word_1_132' title='bbox 316 920 343 942; x_wconf 89' lang='lat' dir='ltr'><strong>et</strong></span> <span class='ocrx_word' id='word_1_133' title='bbox 363 915 504 951; x_wconf 82' lang='lat' dir='ltr'><strong>iniquitate</strong></span> <span class='ocrx_word' id='word_1_134' title='bbox 522 920 699 954; x_wconf 87' lang='lat' dir='ltr'><strong>respirarunt.</strong></span> <span class='ocrx_word' id='word_1_135' title='bbox 717 930 727 947; x_wconf 78' lang='grc' dir='ltr'><strong><em>ι</em></strong></span> <span class='ocrx_word' id='word_1_136' title='bbox 751 921 779 949; x_wconf 92' lang='lat' dir='ltr'><strong>id</strong></span> <span class='ocrx_word' id='word_1_137' title='bbox 803 921 982 957; x_wconf 76' lang='lat' dir='ltr'><strong>fragmentum</strong></span> <span class='ocrx_word' id='word_1_138' title='bbox 1008 931 1023 951; x_wconf 89' lang='lat' dir='ltr'><strong>e</strong></span> 
     </span>
    </p>
   </div>
   <div class='ocr_carea' id='block_1_20' title="bbox 247 960 1022 1005">
    <p class='ocr_par' dir='ltr' id='par_1_20' title="bbox 247 960 1022 1005">
     <span class='ocr_line' id='line_1_20' title="bbox 247 960 1022 1005; baseline 0.015 -17"><span class='ocrx_word' id='word_1_139' title='bbox 247 960 308 989; x_wconf 76' lang='lat' dir='ltr'><strong>Vita</strong></span> <span class='ocrx_word' id='word_1_140' title='bbox 329 963 408 992; x_wconf 71' lang='lat' dir='ltr'><strong>Sabo:</strong></span> <span class='ocrx_word' id='word_1_141' title='bbox 430 966 456 993; x_wconf 93' lang='lat' dir='ltr'><strong>in</strong></span> <span class='ocrx_word' id='word_1_142' title='bbox 481 968 594 1002; x_wconf 87' lang='lat' dir='ltr'><strong>septima</strong></span> <span class='ocrx_word' id='word_1_143' title='bbox 616 971 732 1005; x_wconf 87' lang='lat' dir='ltr'><strong>synodo,</strong></span> <span class='ocrx_word' id='word_1_144' title='bbox 745 971 805 998; x_wconf 82' lang='lat' dir='ltr'><strong>Act.</strong></span> <span class='ocrx_word' id='word_1_145' title='bbox 829 979 848 1004; x_wconf 89' lang='lat' dir='ltr'><strong>t,</strong></span> <span class='ocrx_word' id='word_1_146' title='bbox 870 972 1022 1000; x_wconf 86' lang='lat' dir='ltr'><strong>adducitur.</strong></span> 
     </span>
    </p>
   </div>
   <div class='ocr_carea' id='block_1_21' title="bbox 243 1006 1024 1052">
    <p class='ocr_par' dir='ltr' id='par_1_21' title="bbox 243 1006 1024 1052">
     <span class='ocr_line' id='line_1_21' title="bbox 243 1006 1024 1052; baseline 0.013 -18"><span class='ocrx_word' id='word_1_147' title='bbox 243 1006 307 1035; x_wconf 86' lang='lat' dir='ltr'><strong>Post</strong></span> <span class='ocrx_word' id='word_1_148' title='bbox 323 1017 408 1038; x_wconf 88' lang='lat' dir='ltr'><strong>annos</strong></span> <span class='ocrx_word' id='word_1_149' title='bbox 427 1018 491 1039; x_wconf 89' lang='lat' dir='ltr'><strong>vero</strong></span> <span class='ocrx_word' id='word_1_150' title='bbox 503 1014 640 1048; x_wconf 81' lang='lat' dir='ltr'><strong>octoginta</strong></span> <span class='ocrx_word' id='word_1_151' title='bbox 653 1023 732 1050; x_wconf 91' lang='lat' dir='ltr'><strong>quam</strong></span> <span class='ocrx_word' id='word_1_152' title='bbox 744 1017 863 1051; x_wconf 88' lang='lat' dir='ltr'><strong>synodus</strong></span> <span class='ocrx_word' id='word_1_153' title='bbox 875 1016 918 1044; x_wconf 90' lang='lat' dir='ltr'><strong>illa</strong></span> <span class='ocrx_word' id='word_1_154' title='bbox 930 1017 1024 1052; x_wconf 90' lang='lat' dir='ltr'><strong>quinta</strong></span> 
     </span>
    </p>
   </div>
   <div class='ocr_carea' id='block_1_22' title="bbox 243 1054 1024 1096">
    <p class='ocr_par' dir='ltr' id='par_1_22' title="bbox 243 1054 1024 1096">
     <span class='ocr_line' id='line_1_22' title="bbox 243 1054 1024 1096; baseline 0.013 -16"><span class='ocrx_word' id='word_1_155' title='bbox 243 1054 378 1082; x_wconf 79' lang='lat' dir='ltr'><strong>celebrata</strong></span> <span class='ocrx_word' id='word_1_156' title='bbox 408 1061 458 1090; x_wconf 92' lang='lat' dir='ltr'><strong>cst,</strong></span> <span class='ocrx_word' id='word_1_157' title='bbox 490 1059 522 1086; x_wconf 92' lang='lat' dir='ltr'><strong>ad</strong></span> <span class='ocrx_word' id='word_1_158' title='bbox 551 1059 674 1095; x_wconf 82' lang='lat' dir='ltr'><strong>Sergium</strong></span> <span class='ocrx_word' id='word_1_159' title='bbox 695 1061 1024 1096; x_wconf 84' lang='lat' dir='ltr'><strong>Constantinopolitanum</strong></span> 
     </span>
    </p>
   </div>
   <div class='ocr_carea' id='block_1_23' title="bbox 243 1101 1024 1143">
    <p class='ocr_par' dir='ltr' id='par_1_23' title="bbox 243 1101 1024 1143">
     <span class='ocr_line' id='line_1_23' title="bbox 243 1101 1024 1143; baseline 0.01 -16"><span class='ocrx_word' id='word_1_160' title='bbox 243 1101 424 1135; x_wconf 82' lang='lat' dir='ltr'><strong>patriarcbam</strong></span> <span class='ocrx_word' id='word_1_161' title='bbox 445 1104 567 1132; x_wconf 87' lang='lat' dir='ltr'><strong>scribens</strong></span> <span class='ocrx_word' id='word_1_162' title='bbox 589 1105 758 1141; x_wconf 79' lang='lat' dir='ltr'><strong>Sophronias</strong></span> <span class='ocrx_word' id='word_1_163' title='bbox 783 1106 1024 1143; x_wconf 75' lang='lat' dir='ltr'><strong>Jerosolymilanus</strong></span> 
     </span>
    </p>
   </div>
   <div class='ocr_carea' id='block_1_24' title="bbox 243 1147 1024 1189">
    <p class='ocr_par' dir='ltr' id='par_1_24' title="bbox 243 1147 1024 1189">
     <span class='ocr_line' id='line_1_24' title="bbox 243 1147 1024 1189; baseline 0.01 -17"><span class='ocrx_word' id='word_1_164' title='bbox 243 1147 356 1174; x_wconf 85' lang='lat' dir='ltr'><strong>antistes</strong></span> <span class='ocrx_word' id='word_1_165' title='bbox 370 1149 402 1176; x_wconf 90' lang='lat' dir='ltr'><strong>de</strong></span> <span class='ocrx_word' id='word_1_166' title='bbox 417 1156 447 1176; x_wconf 88' lang='lat' dir='ltr'><strong>ea</strong></span> <span class='ocrx_word' id='word_1_167' title='bbox 460 1150 502 1189; x_wconf 75' lang='lat' dir='ltr'><strong>sic</strong></span> <span class='ocrx_word' id='word_1_168' title='bbox 516 1150 624 1178; x_wconf 82' lang='lat' dir='ltr'><strong>disserit</strong></span> <span class='ocrx_word' id='word_1_169' title='bbox 637 1161 644 1179; x_wconf 90' lang='lat'><strong><em>:</em></strong></span> <span class='ocrx_word' id='word_1_170' title='bbox 663 1153 780 1188; x_wconf 80' lang='grc' dir='ltr'><strong>Ἀναιρεῖ</strong></span> <span class='ocrx_word' id='word_1_171' title='bbox 798 1153 825 1180; x_wconf 81' lang='grc' dir='ltr'><strong>δὲ</strong></span> <span class='ocrx_word' id='word_1_172' title='bbox 840 1154 887 1180; x_wconf 69' lang='grc' dir='ltr'><strong>καὶ</strong></span> <span class='ocrx_word' id='word_1_173' title='bbox 900 1153 1024 1189; x_wconf 79' lang='grc' dir='ltr'><strong>ὲκρίπτει</strong></span> 
     </span>
    </p>
   </div>
   <div class='ocr_carea' id='block_1_25' title="bbox 243 1193 1022 1236">
    <p class='ocr_par' dir='ltr' id='par_1_25' title="bbox 243 1193 1022 1236">
     <span class='ocr_line' id='line_1_25' title="bbox 243 1193 1022 1236; baseline 0.012 -18"><span class='ocrx_word' id='word_1_174' title='bbox 243 1193 311 1227; x_wconf 79' lang='grc' dir='ltr'>πρὸς</span> <span class='ocrx_word' id='word_1_175' title='bbox 321 1194 430 1230; x_wconf 76' lang='grc' dir='ltr'><strong>ὄλεθρον</strong></span> <span class='ocrx_word' id='word_1_176' title='bbox 441 1196 625 1231; x_wconf 81' lang='grc' dir='ltr'><strong>πρωτοτύπως</strong></span> <span class='ocrx_word' id='word_1_177' title='bbox 637 1199 685 1233; x_wconf 73' lang='grc' dir='ltr'><strong>μὲν</strong></span> <span class='ocrx_word' id='word_1_178' title='bbox 703 1199 842 1234; x_wconf 80' lang='grc' dir='ltr'><strong>Ὠριγένην</strong></span> <span class='ocrx_word' id='word_1_179' title='bbox 853 1200 898 1226; x_wconf 76' lang='grc' dir='ltr'><strong>τὸν</strong></span> <span class='ocrx_word' id='word_1_180' title='bbox 909 1200 1022 1236; x_wconf 77' lang='grc' dir='ltr'><strong>ἄφρονα,</strong></span> 
     </span>
    </p>
   </div>
   <div class='ocr_carea' id='block_1_26' title="bbox 242 1238 1023 1281">
    <p class='ocr_par' dir='ltr' id='par_1_26' title="bbox 242 1238 1023 1281">
     <span class='ocr_line' id='line_1_26' title="bbox 242 1238 1023 1281; baseline 0.012 -17"><span class='ocrx_word' id='word_1_181' title='bbox 242 1238 290 1265; x_wconf 76' lang='grc' dir='ltr'><strong>καὶ</strong></span> <span class='ocrx_word' id='word_1_182' title='bbox 304 1239 391 1266; x_wconf 75' lang='grc' dir='ltr'>πάντα</span> <span class='ocrx_word' id='word_1_183' title='bbox 406 1241 487 1268; x_wconf 76' lang='grc' dir='ltr'>αὑτοῦ</span> <span class='ocrx_word' id='word_1_184' title='bbox 503 1242 537 1269; x_wconf 78' lang='grc' dir='ltr'><strong>τὰ</strong></span> <span class='ocrx_word' id='word_1_185' title='bbox 551 1243 679 1280; x_wconf 77' lang='grc' dir='ltr'><strong>ὀνειρώδη</strong></span> <span class='ocrx_word' id='word_1_186' title='bbox 698 1245 889 1281; x_wconf 73' lang='grc' dir='ltr'><strong>κομψεύματα,</strong></span> <span class='ocrx_word' id='word_1_187' title='bbox 908 1246 955 1273; x_wconf 79' lang='grc' dir='ltr'><strong>καὶ</strong></span> <span class='ocrx_word' id='word_1_188' title='bbox 975 1255 1023 1273; x_wconf 81' lang='grc' dir='ltr'><strong>πο-</strong></span> 
     </span>
    </p>
   </div>
   <div class='ocr_carea' id='block_1_27' title="bbox 241 1283 1023 1329">
    <p class='ocr_par' dir='ltr' id='par_1_27' title="bbox 241 1283 1023 1329">
     <span class='ocr_line' id='line_1_27' title="bbox 241 1283 1023 1329; baseline 0.012 -19"><span class='ocrx_word' id='word_1_189' title='bbox 241 1283 362 1329; x_wconf 53' lang='grc' dir='ltr'><strong>λψειδοῦς</strong></span> <span class='ocrx_word' id='word_1_190' title='bbox 384 1287 509 1320; x_wconf 75' lang='grc' dir='ltr'><strong>ἀσεϐείας</strong></span> <span class='ocrx_word' id='word_1_191' title='bbox 530 1289 619 1326; x_wconf 82' lang='grc' dir='ltr'><strong>πλήρη</strong></span> <span class='ocrx_word' id='word_1_192' title='bbox 643 1291 854 1326; x_wconf 80' lang='grc' dir='ltr'><strong>συγγράμματα,</strong></span> <span class='ocrx_word' id='word_1_193' title='bbox 882 1292 1023 1329; x_wconf 75' lang='grc' dir='ltr'><strong>Ἐυαγριου</strong></span> 
     </span>
    </p>
   </div>
   <div class='ocr_carea' id='block_1_28' title="bbox 241 1328 1024 1370">
    <p class='ocr_par' dir='ltr' id='par_1_28' title="bbox 241 1328 1024 1370">
     <span class='ocr_line' id='line_1_28' title="bbox 241 1328 1024 1370; baseline 0.01 -14"><span class='ocrx_word' id='word_1_194' title='bbox 241 1328 271 1356; x_wconf 77' lang='grc' dir='ltr'><strong>δὲ</strong></span> <span class='ocrx_word' id='word_1_195' title='bbox 293 1330 341 1357; x_wconf 70' lang='grc' dir='ltr'><strong>σὺν</strong></span> <span class='ocrx_word' id='word_1_196' title='bbox 361 1331 435 1367; x_wconf 81' lang='grc' dir='ltr'><strong>αὐτῷ</strong></span> <span class='ocrx_word' id='word_1_197' title='bbox 457 1333 503 1359; x_wconf 74' lang='grc' dir='ltr'><strong>καὶ</strong></span> <span class='ocrx_word' id='word_1_198' title='bbox 525 1334 641 1370; x_wconf 81' lang='grc' dir='ltr'><strong>Διδύμου</strong></span> <span class='ocrx_word' id='word_1_199' title='bbox 662 1335 696 1361; x_wconf 78' lang='grc' dir='ltr'><strong>τὰ</strong></span> <span class='ocrx_word' id='word_1_200' title='bbox 714 1335 846 1370; x_wconf 83' lang='grc' dir='ltr'><strong>δόγματα,</strong></span> <span class='ocrx_word' id='word_1_201' title='bbox 866 1338 912 1363; x_wconf 79' lang='grc' dir='ltr'><strong>καὶ</strong></span> <span class='ocrx_word' id='word_1_202' title='bbox 936 1337 1024 1364; x_wconf 76' lang='grc' dir='ltr'><strong>πάντα</strong></span> 
     </span>
    </p>
   </div>
   <div class='ocr_carea' id='block_1_29' title="bbox 241 1376 1023 1418">
    <p class='ocr_par' dir='ltr' id='par_1_29' title="bbox 241 1376 1023 1418">
     <span class='ocr_line' id='line_1_29' title="bbox 241 1376 1023 1418; baseline 0.012 -17"><span class='ocrx_word' id='word_1_203' title='bbox 241 1376 331 1403; x_wconf 78' lang='grc' dir='ltr'><strong>αὐτῶν</strong></span> <span class='ocrx_word' id='word_1_204' title='bbox 341 1377 376 1404; x_wconf 85' lang='grc' dir='ltr'><strong>τὰ</strong></span> <span class='ocrx_word' id='word_1_205' title='bbox 395 1378 538 1414; x_wconf 76' lang='grc' dir='ltr'><strong>Ἑλληνικὰ</strong></span> <span class='ocrx_word' id='word_1_206' title='bbox 552 1381 599 1407; x_wconf 75' lang='grc' dir='ltr'><strong>καὶ</strong></span> <span class='ocrx_word' id='word_1_207' title='bbox 612 1381 761 1418; x_wconf 77' lang='grc' dir='ltr'><strong>τερατώδη,</strong></span> <span class='ocrx_word' id='word_1_208' title='bbox 779 1383 808 1408; x_wconf 80' lang='grc' dir='ltr'>οὐ</span> <span class='ocrx_word' id='word_1_209' title='bbox 827 1383 880 1418; x_wconf 85' lang='grc' dir='ltr'><strong>μὴν</strong></span> <span class='ocrx_word' id='word_1_210' title='bbox 895 1383 961 1410; x_wconf 80' lang='grc' dir='ltr'><strong>ἀλλὰ</strong></span> <span class='ocrx_word' id='word_1_211' title='bbox 977 1385 1023 1410; x_wconf 74' lang='grc' dir='ltr'><strong>καὶ</strong></span> 
     </span>
    </p>
   </div>
   <div class='ocr_carea' id='block_1_30' title="bbox 243 1421 1022 1460">
    <p class='ocr_par' dir='ltr' id='par_1_30' title="bbox 243 1421 1022 1460">
     <span class='ocr_line' id='line_1_30' title="bbox 243 1421 1022 1460; baseline 0.013 -14"><span class='ocrx_word' id='word_1_212' title='bbox 243 1421 353 1459; x_wconf 81' lang='grc' dir='ltr'><strong>μυθώδη</strong></span> <span class='ocrx_word' id='word_1_213' title='bbox 376 1422 531 1460; x_wconf 82' lang='grc' dir='ltr'><strong>ληρήματα.</strong></span> <span class='ocrx_word' id='word_1_214' title='bbox 552 1435 561 1451; x_wconf 73' lang='grc' dir='ltr'>ι</span> <span class='ocrx_word' id='word_1_215' title='bbox 584 1426 711 1457; x_wconf 73' lang='grc' dir='ltr'><strong>βοηΐοίίἰι</strong></span> <span class='ocrx_word' id='word_1_216' title='bbox 731 1432 819 1455; x_wconf 88' lang='lat' dir='ltr'><strong>autem</strong></span> <span class='ocrx_word' id='word_1_217' title='bbox 837 1434 863 1455; x_wconf 89' lang='lat' dir='ltr'><strong>et</strong></span> <span class='ocrx_word' id='word_1_218' title='bbox 883 1429 909 1455; x_wconf 91' lang='lat' dir='ltr'><strong>in</strong></span> <span class='ocrx_word' id='word_1_219' title='bbox 931 1429 1022 1456; x_wconf 51' lang='lat' dir='ltr'><strong>interi‘</strong></span> 
     </span>
    </p>
   </div>
   <div class='ocr_carea' id='block_1_31' title="bbox 242 1468 1021 1508">
    <p class='ocr_par' dir='ltr' id='par_1_31' title="bbox 242 1468 1021 1508">
     <span class='ocr_line' id='line_1_31' title="bbox 242 1468 1021 1508; baseline 0.013 -17"><span class='ocrx_word' id='word_1_220' title='bbox 242 1471 298 1492; x_wconf 86' lang='lat' dir='ltr'><strong>tum</strong></span> <span class='ocrx_word' id='word_1_221' title='bbox 315 1468 424 1502; x_wconf 90' lang='lat' dir='ltr'><strong>projicit</strong></span> <span class='ocrx_word' id='word_1_222' title='bbox 443 1471 575 1504; x_wconf 63' lang='lat' dir='ltr'><strong>praecipue</strong></span> <span class='ocrx_word' id='word_1_223' title='bbox 593 1472 700 1506; x_wconf 91' lang='lat' dir='ltr'><strong>quidem</strong></span> <span class='ocrx_word' id='word_1_224' title='bbox 724 1473 846 1500; x_wconf 88' lang='lat' dir='ltr'><strong>insanum</strong></span> <span class='ocrx_word' id='word_1_225' title='bbox 868 1473 1021 1508; x_wconf 84' lang='lat' dir='ltr'><strong>Origenem,</strong></span> 
     </span>
    </p>
   </div>
   <div class='ocr_carea' id='block_1_32' title="bbox 241 1513 1022 1548">
    <p class='ocr_par' dir='ltr' id='par_1_32' title="bbox 241 1513 1022 1548">
     <span class='ocr_line' id='line_1_32' title="bbox 241 1513 1022 1548; baseline 0.013 -11"><span class='ocrx_word' id='word_1_226' title='bbox 241 1516 269 1537; x_wconf 92' lang='lat' dir='ltr'><strong>et</strong></span> <span class='ocrx_word' id='word_1_227' title='bbox 282 1513 371 1539; x_wconf 88' lang='lat' dir='ltr'><strong>omnia</strong></span> <span class='ocrx_word' id='word_1_228' title='bbox 387 1513 445 1547; x_wconf 86' lang='lat' dir='ltr'><strong>cjus</strong></span> <span class='ocrx_word' id='word_1_229' title='bbox 461 1515 543 1544; x_wconf 85' lang='lat' dir='ltr'><strong>delira</strong></span> <span class='ocrx_word' id='word_1_230' title='bbox 560 1518 730 1548; x_wconf 85' lang='lat' dir='ltr'><strong>scitamenta,</strong></span> <span class='ocrx_word' id='word_1_231' title='bbox 744 1523 770 1545; x_wconf 89' lang='lat' dir='ltr'><strong>et</strong></span> <span class='ocrx_word' id='word_1_232' title='bbox 786 1519 956 1547; x_wconf 75' lang='lat' dir='ltr'><strong>multiformis</strong></span> <span class='ocrx_word' id='word_1_233' title='bbox 971 1520 1022 1547; x_wconf 91' lang='lat' dir='ltr'><strong>im-</strong></span> 
     </span>
    </p>
   </div>
   <div class='ocr_carea' id='block_1_33' title="bbox 241 1555 1023 1598">
    <p class='ocr_par' dir='ltr' id='par_1_33' title="bbox 241 1555 1023 1598">
     <span class='ocr_line' id='line_1_33' title="bbox 241 1555 1023 1598; baseline 0.013 -16"><span class='ocrx_word' id='word_1_234' title='bbox 241 1555 349 1590; x_wconf 87' lang='lat' dir='ltr'><strong>pietatis</strong></span> <span class='ocrx_word' id='word_1_235' title='bbox 368 1558 461 1592; x_wconf 91' lang='lat' dir='ltr'><strong>plenas</strong></span> <span class='ocrx_word' id='word_1_236' title='bbox 477 1560 692 1594; x_wconf 85' lang='lat' dir='ltr'><strong>lucubrationes;</strong></span> <span class='ocrx_word' id='word_1_237' title='bbox 709 1562 814 1598; x_wconf 75' lang='lat' dir='ltr'><strong>Evagrii</strong></span> <span class='ocrx_word' id='word_1_238' title='bbox 832 1564 895 1592; x_wconf 90' lang='lat' dir='ltr'><strong>item</strong></span> <span class='ocrx_word' id='word_1_239' title='bbox 917 1572 977 1591; x_wconf 81' lang='lat' dir='ltr'><strong>cuin</strong></span> <span class='ocrx_word' id='word_1_240' title='bbox 991 1573 1023 1592; x_wconf 89' lang='lat' dir='ltr'><strong>eo</strong></span> 
     </span>
    </p>
   </div>
   <div class='ocr_carea' id='block_1_34' title="bbox 241 1602 1023 1642">
    <p class='ocr_par' dir='ltr' id='par_1_34' title="bbox 241 1602 1023 1642">
     <span class='ocr_line' id='line_1_34' title="bbox 241 1602 1023 1642; baseline 0.012 -14"><span class='ocrx_word' id='word_1_241' title='bbox 241 1606 269 1628; x_wconf 90' lang='lat' dir='ltr'><strong>et</strong></span> <span class='ocrx_word' id='word_1_242' title='bbox 283 1602 384 1638; x_wconf 87' lang='lat' dir='ltr'><strong>Didymi</strong></span> <span class='ocrx_word' id='word_1_243' title='bbox 400 1604 534 1639; x_wconf 78' lang='lat' dir='ltr'><strong>dogmata,</strong></span> <span class='ocrx_word' id='word_1_244' title='bbox 546 1614 692 1642; x_wconf 86' lang='lat' dir='ltr'><strong>omnesque</strong></span> <span class='ocrx_word' id='word_1_245' title='bbox 706 1615 798 1635; x_wconf 90' lang='lat' dir='ltr'><strong>eorum</strong></span> <span class='ocrx_word' id='word_1_246' title='bbox 811 1609 982 1637; x_wconf 67' lang='lat' dir='ltr'><strong>Gra&#39;oanicas</strong></span> <span class='ocrx_word' id='word_1_247' title='bbox 996 1616 1023 1638; x_wconf 90' lang='lat' dir='ltr'><strong>et</strong></span> 
     </span>
    </p>
   </div>
   <div class='ocr_carea' id='block_1_35' title="bbox 241 1652 1024 1689">
    <p class='ocr_par' dir='ltr' id='par_1_35' title="bbox 241 1652 1024 1689">
     <span class='ocr_line' id='line_1_35' title="bbox 241 1652 1024 1689; baseline 0.011 -15"><span class='ocrx_word' id='word_1_248' title='bbox 241 1653 417 1683; x_wconf 88' lang='lat' dir='ltr'><strong>monstrosas,</strong></span> <span class='ocrx_word' id='word_1_249' title='bbox 434 1659 536 1678; x_wconf 88' lang='lat' dir='ltr'><strong>necnon</strong></span> <span class='ocrx_word' id='word_1_250' title='bbox 546 1652 715 1681; x_wconf 88' lang='lat' dir='ltr'><strong>etfabulosas</strong></span> <span class='ocrx_word' id='word_1_251' title='bbox 732 1654 858 1689; x_wconf 87' lang='lat' dir='ltr'><strong>ineptias.</strong></span> <span class='ocrx_word' id='word_1_252' title='bbox 872 1665 881 1681; x_wconf 73' lang='grc' dir='ltr'><strong><em>ι</em></strong></span> <span class='ocrx_word' id='word_1_253' title='bbox 898 1655 1024 1684; x_wconf 85' lang='lat' dir='ltr'><strong>Testatur</strong></span> 
     </span>
    </p>
   </div>
   <div class='ocr_carea' id='block_1_36' title="bbox 241 1693 1024 1731">
    <p class='ocr_par' dir='ltr' id='par_1_36' title="bbox 241 1693 1024 1731">
     <span class='ocr_line' id='line_1_36' title="bbox 241 1693 1024 1731; baseline 0.013 -11"><span class='ocrx_word' id='word_1_254' title='bbox 241 1693 310 1721; x_wconf 92' lang='lat' dir='ltr'><strong>idem</strong></span> <span class='ocrx_word' id='word_1_255' title='bbox 326 1696 442 1730; x_wconf 83' lang='lat' dir='ltr'><strong>synodus</strong></span> <span class='ocrx_word' id='word_1_256' title='bbox 455 1702 542 1731; x_wconf 89' lang='lat' dir='ltr'><strong>sexta,</strong></span> <span class='ocrx_word' id='word_1_257' title='bbox 561 1705 616 1726; x_wconf 91' lang='lat' dir='ltr'><strong>act.</strong></span> <span class='ocrx_word' id='word_1_258' title='bbox 629 1700 661 1726; x_wconf 76' lang='lat' dir='ltr'><strong>l7</strong></span> <span class='ocrx_word' id='word_1_259' title='bbox 677 1705 703 1727; x_wconf 92' lang='lat' dir='ltr'><strong>et</strong></span> <span class='ocrx_word' id='word_1_260' title='bbox 720 1701 763 1728; x_wconf 87' lang='lat'><strong>18.</strong></span> <span class='ocrx_word' id='word_1_261' title='bbox 778 1701 905 1728; x_wconf 78' lang='lat' dir='ltr'><strong>Testatur</strong></span> <span class='ocrx_word' id='word_1_262' title='bbox 915 1706 941 1729; x_wconf 87' lang='lat' dir='ltr'><strong>et</strong></span> <span class='ocrx_word' id='word_1_263' title='bbox 954 1701 1024 1730; x_wconf 83' lang='lat' dir='ltr'><strong>Con—</strong></span> 
     </span>
    </p>
   </div>
   <div class='ocr_carea' id='block_1_37' title="bbox 240 1741 1023 1782">
    <p class='ocr_par' dir='ltr' id='par_1_37' title="bbox 240 1741 1023 1782">
     <span class='ocr_line' id='line_1_37' title="bbox 240 1741 1023 1782; baseline 0.013 -16"><span class='ocrx_word' id='word_1_264' title='bbox 240 1741 375 1769; x_wconf 87' lang='lat' dir='ltr'><strong>stantinus</strong></span> <span class='ocrx_word' id='word_1_265' title='bbox 395 1743 541 1777; x_wconf 86' lang='lat' dir='ltr'><strong>imperator</strong></span> <span class='ocrx_word' id='word_1_266' title='bbox 562 1745 588 1771; x_wconf 94' lang='lat' dir='ltr'><strong>in</strong></span> <span class='ocrx_word' id='word_1_267' title='bbox 609 1746 697 1773; x_wconf 91' lang='lat' dir='ltr'><strong>edicto</strong></span> <span class='ocrx_word' id='word_1_268' title='bbox 711 1747 743 1772; x_wconf 87' lang='lat' dir='ltr'><strong>ad</strong></span> <span class='ocrx_word' id='word_1_269' title='bbox 757 1747 882 1782; x_wconf 89' lang='lat' dir='ltr'><strong>populum</strong></span> <span class='ocrx_word' id='word_1_270' title='bbox 897 1748 1023 1776; x_wconf 87' lang='lat' dir='ltr'><strong>occiduas</strong></span> 
     </span>
    </p>
   </div>
   <div class='ocr_carea' id='block_1_38' title="bbox 239 1789 1022 1829">
    <p class='ocr_par' dir='ltr' id='par_1_38' title="bbox 239 1789 1022 1829">
     <span class='ocr_line' id='line_1_38' title="bbox 239 1789 1022 1829; baseline 0.011 -16"><span class='ocrx_word' id='word_1_271' title='bbox 239 1791 330 1821; x_wconf 85' lang='lat' dir='ltr'><strong>partes</strong></span> <span class='ocrx_word' id='word_1_272' title='bbox 343 1789 502 1817; x_wconf 89' lang='lat' dir='ltr'><strong>incolentem</strong></span> <span class='ocrx_word' id='word_1_273' title='bbox 516 1799 522 1818; x_wconf 75' lang='grc' dir='ltr'><strong>ε</strong></span> <span class='ocrx_word' id='word_1_274' title='bbox 539 1795 566 1818; x_wconf 92' lang='lat' dir='ltr'><strong>et</strong></span> <span class='ocrx_word' id='word_1_275' title='bbox 582 1790 679 1826; x_wconf 86' lang='lat' dir='ltr'><strong>Leo‘ll,</strong></span> <span class='ocrx_word' id='word_1_276' title='bbox 699 1792 837 1820; x_wconf 78' lang='lat' dir='ltr'><strong>Romanus</strong></span> <span class='ocrx_word' id='word_1_277' title='bbox 851 1794 981 1829; x_wconf 83' lang='lat' dir='ltr'><strong>pontifex,</strong></span> <span class='ocrx_word' id='word_1_278' title='bbox 996 1795 1022 1822; x_wconf 93' lang='lat' dir='ltr'><strong>in</strong></span> 
     </span>
    </p>
   </div>
   <div class='ocr_carea' id='block_1_39' title="bbox 239 1833 1024 1874">
    <p class='ocr_par' dir='ltr' id='par_1_39' title="bbox 239 1833 1024 1874">
     <span class='ocr_line' id='line_1_39' title="bbox 239 1833 1024 1874; baseline 0.011 -15"><span class='ocrx_word' id='word_1_279' title='bbox 239 1833 351 1867; x_wconf 87' lang='lat' dir='ltr'><strong>epistola</strong></span> <span class='ocrx_word' id='word_1_280' title='bbox 388 1835 428 1862; x_wconf 77' lang='lat' dir='ltr'><strong>ad&#39;</strong></span> <span class='ocrx_word' id='word_1_281' title='bbox 450 1835 658 1864; x_wconf 87' lang='lat' dir='ltr'><strong>Constantinum</strong></span> <span class='ocrx_word' id='word_1_282' title='bbox 680 1844 740 1872; x_wconf 72' lang='lat' dir='ltr'><strong>qua:</strong></span> <span class='ocrx_word' id='word_1_283' title='bbox 768 1839 929 1874; x_wconf 89' lang='lat' dir='ltr'><strong>scriptiones</strong></span> <span class='ocrx_word' id='word_1_284' title='bbox 965 1840 1024 1868; x_wconf 69' lang='lat' dir='ltr'><strong>dum</strong></span> 
     </span>
    </p>
   </div>
   <div class='ocr_carea' id='block_1_40' title="bbox 239 1878 1024 1915">
    <p class='ocr_par' dir='ltr' id='par_1_40' title="bbox 239 1878 1024 1915">
     <span class='ocr_line' id='line_1_40' title="bbox 239 1878 1024 1915; baseline 0.011 -11"><span class='ocrx_word' id='word_1_285' title='bbox 239 1878 311 1905; x_wconf 90' lang='lat' dir='ltr'><strong>inter</strong></span> <span class='ocrx_word' id='word_1_286' title='bbox 331 1879 398 1906; x_wconf 82' lang='lat' dir='ltr'><strong>Acta</strong></span> <span class='ocrx_word' id='word_1_287' title='bbox 421 1881 526 1908; x_wconf 88' lang='lat' dir='ltr'><strong>concilii</strong></span> <span class='ocrx_word' id='word_1_288' title='bbox 542 1881 662 1915; x_wconf 84' lang='lat' dir='ltr'><strong>ejusdem</strong></span> <span class='ocrx_word' id='word_1_289' title='bbox 675 1883 744 1910; x_wconf 88' lang='lat' dir='ltr'><strong>sexti</strong></span> <span class='ocrx_word' id='word_1_290' title='bbox 759 1883 903 1912; x_wconf 86' lang='lat' dir='ltr'><strong>habentur.</strong></span> <span class='ocrx_word' id='word_1_291' title='bbox 930 1885 1024 1913; x_wconf 86' lang='lat' dir='ltr'><strong>Testa-</strong></span> 
     </span>
    </p>
   </div>
   <div class='ocr_carea' id='block_1_41' title="bbox 240 1926 1024 1967">
    <p class='ocr_par' dir='ltr' id='par_1_41' title="bbox 240 1926 1024 1967">
     <span class='ocr_line' id='line_1_41' title="bbox 240 1926 1024 1967; baseline 0.013 -18"><span class='ocrx_word' id='word_1_292' title='bbox 240 1928 285 1950; x_wconf 91' lang='lat' dir='ltr'><strong>tur</strong></span> <span class='ocrx_word' id='word_1_293' title='bbox 295 1928 322 1950; x_wconf 88' lang='lat' dir='ltr'><strong>et</strong></span> <span class='ocrx_word' id='word_1_294' title='bbox 332 1926 553 1961; x_wconf 85' lang='lat' dir='ltr'><strong>pseudosynodus</strong></span> <span class='ocrx_word' id='word_1_295' title='bbox 565 1928 716 1963; x_wconf 85' lang='lat' dir='ltr'><strong>quinisexta</strong></span> <span class='ocrx_word' id='word_1_296' title='bbox 733 1937 794 1957; x_wconf 91' lang='lat' dir='ltr'><strong>can.</strong></span> <span class='ocrx_word' id='word_1_297' title='bbox 810 1938 830 1964; x_wconf 83' lang='grc' dir='ltr'><strong>ι,</strong></span> <span class='ocrx_word' id='word_1_298' title='bbox 845 1935 873 1958; x_wconf 88' lang='lat' dir='ltr'><strong>et</strong></span> <span class='ocrx_word' id='word_1_299' title='bbox 888 1932 1024 1967; x_wconf 66' lang='lat' dir='ltr'><strong>synodicae</strong></span> 
     </span>
    </p>
   </div>
   <div class='ocr_carea' id='block_1_42' title="bbox 239 1968 1024 2010">
    <p class='ocr_par' dir='ltr' id='par_1_42' title="bbox 239 1968 1024 2010">
     <span class='ocr_line' id='line_1_42' title="bbox 239 1968 1024 2010; baseline 0.013 -15"><span class='ocrx_word' id='word_1_300' title='bbox 239 1968 337 1996; x_wconf 60' lang='lat' dir='ltr'><strong>litterae</strong></span> <span class='ocrx_word' id='word_1_301' title='bbox 356 1969 490 1999; x_wconf 87' lang='lat' dir='ltr'><strong>Theodori</strong></span> <span class='ocrx_word' id='word_1_302' title='bbox 504 1972 722 2009; x_wconf 83' lang='lat' dir='ltr'><strong>Jerosolymitani</strong></span> <span class='ocrx_word' id='word_1_303' title='bbox 739 1983 800 2010; x_wconf 80' lang='lat' dir='ltr'><strong>quae</strong></span> <span class='ocrx_word' id='word_1_304' title='bbox 822 1976 941 2004; x_wconf 62' lang='lat' dir='ltr'><strong>recitatos</strong></span> <span class='ocrx_word' id='word_1_305' title='bbox 960 1984 1024 2006; x_wconf 89' lang='lat' dir='ltr'><strong>sunt</strong></span> 
     </span>
    </p>
   </div>
   <div class='ocr_carea' id='block_1_43' title="bbox 239 2016 1024 2058">
    <p class='ocr_par' dir='ltr' id='par_1_43' title="bbox 239 2016 1024 2058">
     <span class='ocr_line' id='line_1_43' title="bbox 239 2016 1024 2058; baseline 0.013 -17"><span class='ocrx_word' id='word_1_306' title='bbox 239 2016 345 2043; x_wconf 90' lang='lat' dir='ltr'><strong>actione</strong></span> <span class='ocrx_word' id='word_1_307' title='bbox 358 2017 375 2043; x_wconf 79' lang='grc'>5</span> <span class='ocrx_word' id='word_1_308' title='bbox 403 2019 497 2053; x_wconf 89' lang='lat' dir='ltr'><strong>synodi</strong></span> <span class='ocrx_word' id='word_1_309' title='bbox 518 2021 657 2054; x_wconf 68' lang='lat' dir='ltr'><strong>septimae;</strong></span> <span class='ocrx_word' id='word_1_310' title='bbox 678 2027 705 2047; x_wconf 90' lang='lat' dir='ltr'><strong>et</strong></span> <span class='ocrx_word' id='word_1_311' title='bbox 716 2022 829 2055; x_wconf 90' lang='lat' dir='ltr'><strong>epistola</strong></span> <span class='ocrx_word' id='word_1_312' title='bbox 847 2022 950 2050; x_wconf 87' lang='lat' dir='ltr'><strong>Tarasii</strong></span> <span class='ocrx_word' id='word_1_313' title='bbox 967 2024 1024 2058; x_wconf 89' lang='lat' dir='ltr'><strong>epi-</strong></span> 
     </span>
    </p>
   </div>
   <div class='ocr_carea' id='block_1_44' title="bbox 239 2063 1022 2104">
    <p class='ocr_par' dir='ltr' id='par_1_44' title="bbox 239 2063 1022 2104">
     <span class='ocr_line' id='line_1_44' title="bbox 239 2063 1022 2104; baseline 0.01 -16"><span class='ocrx_word' id='word_1_314' title='bbox 239 2063 313 2096; x_wconf 74' lang='lat' dir='ltr'><strong>scopi</strong></span> <span class='ocrx_word' id='word_1_315' title='bbox 339 2063 642 2100; x_wconf 88' lang='lat' dir='ltr'><strong>Constantinopolitani,</strong></span> <span class='ocrx_word' id='word_1_316' title='bbox 669 2067 806 2103; x_wconf 87' lang='lat' dir='ltr'><strong>totiusque</strong></span> <span class='ocrx_word' id='word_1_317' title='bbox 831 2068 897 2095; x_wconf 89' lang='lat' dir='ltr'><strong>adeo</strong></span> <span class='ocrx_word' id='word_1_318' title='bbox 925 2069 1022 2104; x_wconf 82' lang='lat' dir='ltr'><strong>synodi</strong></span> 
     </span>
    </p>
   </div>
   <div class='ocr_carea' id='block_1_45' title="bbox 239 2109 1022 2147">
    <p class='ocr_par' dir='ltr' id='par_1_45' title="bbox 239 2109 1022 2147">
     <span class='ocr_line' id='line_1_45' title="bbox 239 2109 1022 2147; baseline 0.009 -13"><span class='ocrx_word' id='word_1_319' title='bbox 239 2109 361 2142; x_wconf 67' lang='lat' dir='ltr'><strong>septima:</strong></span> <span class='ocrx_word' id='word_1_320' title='bbox 380 2111 413 2137; x_wconf 88' lang='lat' dir='ltr'><strong>ad</strong></span> <span class='ocrx_word' id='word_1_321' title='bbox 428 2109 633 2139; x_wconf 88' lang='lat' dir='ltr'><strong>Constantinum</strong></span> <span class='ocrx_word' id='word_1_322' title='bbox 656 2118 682 2140; x_wconf 83' lang='lat' dir='ltr'><strong>et</strong></span> <span class='ocrx_word' id='word_1_323' title='bbox 695 2112 802 2146; x_wconf 88' lang='lat' dir='ltr'><strong>lrenen,</strong></span> <span class='ocrx_word' id='word_1_324' title='bbox 817 2121 876 2147; x_wconf 74' lang='lat' dir='ltr'><strong>quae</strong></span> <span class='ocrx_word' id='word_1_325' title='bbox 892 2118 981 2140; x_wconf 80' lang='lat' dir='ltr'><strong>exstat</strong></span> <span class='ocrx_word' id='word_1_326' title='bbox 996 2115 1022 2141; x_wconf 94' lang='lat' dir='ltr'><strong>in</strong></span> 
     </span>
    </p>
   </div>
   <div class='ocr_carea' id='block_1_46' title="bbox 239 2156 1022 2193">
    <p class='ocr_par' dir='ltr' id='par_1_46' title="bbox 239 2156 1022 2193">
     <span class='ocr_line' id='line_1_46' title="bbox 239 2156 1022 2193; baseline 0.006 -11"><span class='ocrx_word' id='word_1_327' title='bbox 239 2156 372 2184; x_wconf 81' lang='lat' dir='ltr'><strong>actionem</strong></span> <span class='ocrx_word' id='word_1_328' title='bbox 388 2157 403 2184; x_wconf 87' lang='grc'><strong>’1</strong></span> <span class='ocrx_word' id='word_1_329' title='bbox 421 2158 528 2185; x_wconf 90' lang='lat' dir='ltr'><strong>concilii</strong></span> <span class='ocrx_word' id='word_1_330' title='bbox 543 2158 680 2193; x_wconf 87' lang='lat' dir='ltr'><strong>ejusdem;</strong></span> <span class='ocrx_word' id='word_1_331' title='bbox 703 2164 730 2187; x_wconf 83' lang='lat' dir='ltr'><strong>et</strong></span> <span class='ocrx_word' id='word_1_332' title='bbox 746 2160 906 2188; x_wconf 72' lang='lat' dir='ltr'><strong>Anastasius</strong></span> <span class='ocrx_word' id='word_1_333' title='bbox 921 2160 1022 2188; x_wconf 83' lang='lat' dir='ltr'><strong>Biblio-</strong></span> 
     </span>
    </p>
   </div>
   <div class='ocr_carea' id='block_1_47' title="bbox 240 2201 1021 2233">
    <p class='ocr_par' dir='ltr' id='par_1_47' title="bbox 240 2201 1021 2233">
     <span class='ocr_line' id='line_1_47' title="bbox 240 2201 1021 2233; baseline 0.008 -6"><span class='ocrx_word' id='word_1_334' title='bbox 240 2201 376 2230; x_wconf 84' lang='lat' dir='ltr'><strong>thecarius</strong></span> <span class='ocrx_word' id='word_1_335' title='bbox 389 2205 421 2230; x_wconf 88' lang='lat' dir='ltr'><strong>ad</strong></span> <span class='ocrx_word' id='word_1_336' title='bbox 443 2212 543 2231; x_wconf 91' lang='lat' dir='ltr'><strong>annum</strong></span> <span class='ocrx_word' id='word_1_337' title='bbox 558 2204 703 2232; x_wconf 69' lang='lat' dir='ltr'><strong>Iustiniani</strong></span> <span class='ocrx_word' id='word_1_338' title='bbox 725 2206 881 2233; x_wconf 89' lang='lat' dir='ltr'><strong>vicesimum</strong></span> <span class='ocrx_word' id='word_1_339' title='bbox 904 2211 1021 2233; x_wconf 83' lang='lat' dir='ltr'><strong>sextum.</strong></span> 
     </span>
    </p>
   </div>
   <div class='ocr_carea' id='block_1_48' title="bbox 1037 1581 1059 1611">
    <p class='ocr_par' dir='ltr' id='par_1_48' title="bbox 1037 1581 1059 1611">
     <span class='ocr_line' id='line_1_48' title="bbox 1037 1581 1059 1611; baseline 0 0"><span class='ocrx_word' id='word_1_340' title='bbox 1037 1581 1059 1611; x_wconf 92' lang='lat' dir='ltr'><strong>C</strong></span> 
     </span>
    </p>
   </div>
   <div class='ocr_carea' id='block_1_49' title="bbox 1075 275 1851 314">
    <p class='ocr_par' dir='ltr' id='par_1_49' title="bbox 1075 275 1851 314">
     <span class='ocr_line' id='line_1_49' title="bbox 1075 275 1851 314; baseline -0.005 -9"><span class='ocrx_word' id='word_1_341' title='bbox 1075 284 1149 314; x_wconf 89' lang='lat' dir='ltr'><strong>ptum</strong></span> <span class='ocrx_word' id='word_1_342' title='bbox 1166 284 1206 306; x_wconf 92' lang='lat' dir='ltr'><strong>est</strong></span> <span class='ocrx_word' id='word_1_343' title='bbox 1224 283 1334 313; x_wconf 87' lang='lat' dir='ltr'><strong>propter</strong></span> <span class='ocrx_word' id='word_1_344' title='bbox 1351 283 1498 313; x_wconf 85' lang='lat' dir='ltr'><strong>spectatam</strong></span> <span class='ocrx_word' id='word_1_345' title='bbox 1521 277 1639 305; x_wconf 84' lang='lat' dir='ltr'><strong>hominis</strong></span> <span class='ocrx_word' id='word_1_346' title='bbox 1653 275 1803 308; x_wconf 81' lang='lat' dir='ltr'><strong>vafritiem,</strong></span> <span class='ocrx_word' id='word_1_347' title='bbox 1818 275 1851 301; x_wconf 90' lang='lat' dir='ltr'><strong>ita</strong></span> 
     </span>
    </p>
   </div>
   <div class='ocr_carea' id='block_1_50' title="bbox 1073 321 1852 360">
    <p class='ocr_par' dir='ltr' id='par_1_50' title="bbox 1073 321 1852 360">
     <span class='ocr_line' id='line_1_50' title="bbox 1073 321 1852 360; baseline -0.008 -7"><span class='ocrx_word' id='word_1_348' title='bbox 1073 325 1105 353; x_wconf 90' lang='lat' dir='ltr'><strong>de</strong></span> <span class='ocrx_word' id='word_1_349' title='bbox 1125 325 1256 360; x_wconf 88' lang='lat' dir='ltr'><strong>Eutychio</strong></span> <span class='ocrx_word' id='word_1_350' title='bbox 1282 325 1452 352; x_wconf 83' lang='lat' dir='ltr'><strong>sanctissimo</strong></span> <span class='ocrx_word' id='word_1_351' title='bbox 1475 328 1503 351; x_wconf 90' lang='lat' dir='ltr'><strong>et</strong></span> <span class='ocrx_word' id='word_1_352' title='bbox 1527 322 1721 350; x_wconf 88' lang='lat' dir='ltr'><strong>candidissimo</strong></span> <span class='ocrx_word' id='word_1_353' title='bbox 1747 321 1852 348; x_wconf 85' lang='lat' dir='ltr'><strong>homine</strong></span> 
     </span>
    </p>
   </div>
   <div class='ocr_carea' id='block_1_51' title="bbox 1072 367 1854 406">
    <p class='ocr_par' dir='ltr' id='par_1_51' title="bbox 1072 367 1854 406">
     <span class='ocr_line' id='line_1_51' title="bbox 1072 367 1854 406; baseline -0.008 -7"><span class='ocrx_word' id='word_1_354' title='bbox 1072 371 1204 406; x_wconf 83' lang='lat' dir='ltr'><strong>suspicari</strong></span> <span class='ocrx_word' id='word_1_355' title='bbox 1217 371 1262 398; x_wconf 88' lang='lat' dir='ltr'><strong>vix</strong></span> <span class='ocrx_word' id='word_1_356' title='bbox 1279 371 1400 406; x_wconf 80' lang='lat' dir='ltr'><strong>equidem</strong></span> <span class='ocrx_word' id='word_1_357' title='bbox 1416 377 1535 405; x_wconf 88' lang='lat' dir='ltr'><strong>possum.</strong></span> <span class='ocrx_word' id='word_1_358' title='bbox 1548 369 1662 398; x_wconf 82' lang='lat' dir='ltr'><strong>Concilii</strong></span> <span class='ocrx_word' id='word_1_359' title='bbox 1675 367 1797 404; x_wconf 88' lang='lat' dir='ltr'><strong>profecto</strong></span> <span class='ocrx_word' id='word_1_360' title='bbox 1808 368 1854 394; x_wconf 90' lang='lat' dir='ltr'><strong>hu-</strong></span> 
     </span>
    </p>
   </div>
   <div class='ocr_carea' id='block_1_52' title="bbox 1069 412 1853 453">
    <p class='ocr_par' dir='ltr' id='par_1_52' title="bbox 1069 412 1853 453">
     <span class='ocr_line' id='line_1_52' title="bbox 1069 412 1853 453; baseline -0.006 -9"><span class='ocrx_word' id='word_1_361' title='bbox 1069 417 1115 453; x_wconf 85' lang='lat' dir='ltr'><strong>jus</strong></span> <span class='ocrx_word' id='word_1_362' title='bbox 1142 425 1202 445; x_wconf 82' lang='lat' dir='ltr'><strong>cum</strong></span> <span class='ocrx_word' id='word_1_363' title='bbox 1227 417 1332 449; x_wconf 74' lang='lat' dir='ltr'><strong>Graeca,</strong></span> <span class='ocrx_word' id='word_1_364' title='bbox 1354 421 1408 444; x_wconf 91' lang='lat' dir='ltr'><strong>tum</strong></span> <span class='ocrx_word' id='word_1_365' title='bbox 1433 416 1530 444; x_wconf 86' lang='lat' dir='ltr'><strong>Latina</strong></span> <span class='ocrx_word' id='word_1_366' title='bbox 1559 414 1726 449; x_wconf 78' lang='lat' dir='ltr'><strong>exemplaria</strong></span> <span class='ocrx_word' id='word_1_367' title='bbox 1747 412 1853 440; x_wconf 77' lang='lat' dir='ltr'><strong>Macarii</strong></span> 
     </span>
    </p>
   </div>
   <div class='ocr_carea' id='block_1_53' title="bbox 1072 458 1855 496">
    <p class='ocr_par' dir='ltr' id='par_1_53' title="bbox 1072 458 1855 496">
     <span class='ocr_line' id='line_1_53' title="bbox 1072 458 1855 496; baseline -0.004 -7"><span class='ocrx_word' id='word_1_368' title='bbox 1072 458 1233 490; x_wconf 76' lang='lat' dir='ltr'><strong>Antioche&#39;ni</strong></span> <span class='ocrx_word' id='word_1_369' title='bbox 1244 466 1271 489; x_wconf 88' lang='lat' dir='ltr'><strong>et</strong></span> <span class='ocrx_word' id='word_1_370' title='bbox 1281 460 1408 496; x_wconf 82' lang='lat' dir='ltr'><strong>Stephani</strong></span> <span class='ocrx_word' id='word_1_371' title='bbox 1418 461 1507 489; x_wconf 91' lang='lat' dir='ltr'><strong>studio</strong></span> <span class='ocrx_word' id='word_1_372' title='bbox 1518 461 1600 489; x_wconf 86' lang='lat' dir='ltr'><strong>fuisse</strong></span> <span class='ocrx_word' id='word_1_373' title='bbox 1607 460 1699 488; x_wconf 90' lang='lat' dir='ltr'><strong>vitiata</strong></span> <span class='ocrx_word' id='word_1_374' title='bbox 1709 458 1855 487; x_wconf 83' lang='lat' dir='ltr'><strong>declaravit</strong></span> 
     </span>
    </p>
   </div>
   <div class='ocr_carea' id='block_1_54' title="bbox 1072 505 1855 543">
    <p class='ocr_par' dir='ltr' id='par_1_54' title="bbox 1072 505 1855 543">
     <span class='ocr_line' id='line_1_54' title="bbox 1072 505 1855 543; baseline -0.004 -8"><span class='ocrx_word' id='word_1_375' title='bbox 1072 513 1147 536; x_wconf 85' lang='lat' dir='ltr'><strong>sexta</strong></span> <span class='ocrx_word' id='word_1_376' title='bbox 1165 508 1295 543; x_wconf 92' lang='lat' dir='ltr'><strong>synodus,</strong></span> <span class='ocrx_word' id='word_1_377' title='bbox 1304 508 1402 536; x_wconf 88' lang='lat' dir='ltr'><strong>action.</strong></span> <span class='ocrx_word' id='word_1_378' title='bbox 1414 508 1457 540; x_wconf 68' lang='lat' dir='ltr'><strong>l4,</strong></span> <span class='ocrx_word' id='word_1_379' title='bbox 1467 512 1494 534; x_wconf 91' lang='lat' dir='ltr'><strong>et</strong></span> <span class='ocrx_word' id='word_1_380' title='bbox 1502 506 1655 534; x_wconf 88' lang='lat' dir='ltr'><strong>eorumdem</strong></span> <span class='ocrx_word' id='word_1_381' title='bbox 1666 513 1773 541; x_wconf 84' lang='lat' dir='ltr'><strong>quoque</strong></span> <span class='ocrx_word' id='word_1_382' title='bbox 1781 505 1855 532; x_wconf 88' lang='lat' dir='ltr'><strong>adul-</strong></span> 
     </span>
    </p>
   </div>
   <div class='ocr_carea' id='block_1_55' title="bbox 1075 551 1855 590">
    <p class='ocr_par' dir='ltr' id='par_1_55' title="bbox 1075 551 1855 590">
     <span class='ocr_line' id='line_1_55' title="bbox 1075 551 1855 590; baseline -0.004 -9"><span class='ocrx_word' id='word_1_383' title='bbox 1075 555 1232 582; x_wconf 89' lang='lat' dir='ltr'><strong>terationem</strong></span> <span class='ocrx_word' id='word_1_384' title='bbox 1241 554 1407 590; x_wconf 69' lang='lat' dir='ltr'><strong>praedicavit,</strong></span> <span class='ocrx_word' id='word_1_385' title='bbox 1418 555 1517 580; x_wconf 69' lang='lat' dir='ltr'><strong>Action.</strong></span> <span class='ocrx_word' id='word_1_386' title='bbox 1528 552 1628 585; x_wconf 70' lang='lat' dir='ltr'><strong>19,3th</strong></span> <span class='ocrx_word' id='word_1_387' title='bbox 1640 552 1731 579; x_wconf 84' lang='lat' dir='ltr'><strong>ﬁnem.</strong></span> <span class='ocrx_word' id='word_1_388' title='bbox 1747 552 1782 578; x_wconf 80' lang='lat' dir='ltr'><strong>At</strong></span> <span class='ocrx_word' id='word_1_389' title='bbox 1791 551 1855 578; x_wconf 84' lang='lat' dir='ltr'><strong>Acta</strong></span> 
     </span>
    </p>
   </div>
   <div class='ocr_carea' id='block_1_56' title="bbox 1075 596 1855 635">
    <p class='ocr_par' dir='ltr' id='par_1_56' title="bbox 1075 596 1855 635">
     <span class='ocr_line' id='line_1_56' title="bbox 1075 596 1855 635; baseline -0.005 -7"><span class='ocrx_word' id='word_1_390' title='bbox 1075 607 1162 628; x_wconf 91' lang='lat' dir='ltr'><strong>tamen</strong></span> <span class='ocrx_word' id='word_1_391' title='bbox 1178 601 1283 628; x_wconf 83' lang='lat' dir='ltr'><strong>concilii</strong></span> <span class='ocrx_word' id='word_1_392' title='bbox 1295 599 1401 628; x_wconf 85' lang='lat' dir='ltr'><strong>etiamsi</strong></span> <span class='ocrx_word' id='word_1_393' title='bbox 1417 600 1682 635; x_wconf 48' lang='lat' dir='ltr'><strong>integrajsuperesse</strong></span> <span class='ocrx_word' id='word_1_394' title='bbox 1697 598 1804 630; x_wconf 83' lang='lat' dir='ltr'><strong>demus,</strong></span> <span class='ocrx_word' id='word_1_395' title='bbox 1819 596 1855 624; x_wconf 84' lang='lat' dir='ltr'><strong>fa-</strong></span> 
     </span>
    </p>
   </div>
   <div class='ocr_carea' id='block_1_57' title="bbox 1073 643 1855 675">
    <p class='ocr_par' dir='ltr' id='par_1_57' title="bbox 1073 643 1855 675">
     <span class='ocr_line' id='line_1_57' title="bbox 1073 643 1855 675; baseline -0.005 -1"><span class='ocrx_word' id='word_1_396' title='bbox 1073 647 1182 674; x_wconf 91' lang='lat' dir='ltr'><strong>tendum</strong></span> <span class='ocrx_word' id='word_1_397' title='bbox 1198 650 1271 674; x_wconf 86' lang='lat' dir='ltr'><strong>certe</strong></span> <span class='ocrx_word' id='word_1_398' title='bbox 1283 647 1337 674; x_wconf 89' lang='lat' dir='ltr'><strong>erit</strong></span> <span class='ocrx_word' id='word_1_399' title='bbox 1361 646 1387 673; x_wconf 90' lang='lat' dir='ltr'><strong>in</strong></span> <span class='ocrx_word' id='word_1_400' title='bbox 1409 646 1552 674; x_wconf 88' lang='lat' dir='ltr'><strong>undecitno</strong></span> <span class='ocrx_word' id='word_1_401' title='bbox 1567 653 1601 673; x_wconf 92' lang='lat' dir='ltr'><strong>ex</strong></span> <span class='ocrx_word' id='word_1_402' title='bbox 1611 643 1855 675; x_wconf 80' lang='lat' dir='ltr'><strong>anathematismis,</strong></span> 
     </span>
    </p>
   </div>
   <div class='ocr_carea' id='block_1_58' title="bbox 1072 688 1857 726">
    <p class='ocr_par' dir='ltr' id='par_1_58' title="bbox 1072 688 1857 726">
     <span class='ocr_line' id='line_1_58' title="bbox 1072 688 1857 726; baseline -0.004 -8"><span class='ocrx_word' id='word_1_403' title='bbox 1072 690 1118 726; x_wconf 85' lang='lat' dir='ltr'><strong>qui</strong></span> <span class='ocrx_word' id='word_1_404' title='bbox 1132 691 1158 718; x_wconf 92' lang='lat' dir='ltr'><strong>in</strong></span> <span class='ocrx_word' id='word_1_405' title='bbox 1175 691 1316 719; x_wconf 88' lang='lat' dir='ltr'><strong>collatione</strong></span> <span class='ocrx_word' id='word_1_406' title='bbox 1339 691 1356 718; x_wconf 91' lang='lat'><strong>8</strong></span> <span class='ocrx_word' id='word_1_407' title='bbox 1379 695 1496 724; x_wconf 83' lang='lat' dir='ltr'><strong>exstant,</strong></span> <span class='ocrx_word' id='word_1_408' title='bbox 1530 689 1674 725; x_wconf 76' lang='lat' dir='ltr'><strong>Origenem</strong></span> <span class='ocrx_word' id='word_1_409' title='bbox 1698 689 1771 716; x_wconf 90' lang='lat' dir='ltr'><strong>inter</strong></span> <span class='ocrx_word' id='word_1_410' title='bbox 1795 688 1857 715; x_wconf 88' lang='lat' dir='ltr'><strong>alios</strong></span> 
     </span>
    </p>
   </div>
   <div class='ocr_carea' id='block_1_59' title="bbox 1073 735 1857 765">
    <p class='ocr_par' dir='ltr' id='par_1_59' title="bbox 1073 735 1857 765">
     <span class='ocr_line' id='line_1_59' title="bbox 1073 735 1857 765; baseline -0.004 -1"><span class='ocrx_word' id='word_1_411' title='bbox 1073 737 1214 765; x_wconf 67' lang='lat' dir='ltr'><strong>haereticos</strong></span> <span class='ocrx_word' id='word_1_412' title='bbox 1235 737 1378 765; x_wconf 90' lang='lat' dir='ltr'><strong>anathema</strong></span> <span class='ocrx_word' id='word_1_413' title='bbox 1401 743 1462 765; x_wconf 88' lang='lat' dir='ltr'><strong>esse</strong></span> <span class='ocrx_word' id='word_1_414' title='bbox 1483 736 1592 764; x_wconf 90' lang='lat' dir='ltr'><strong>sanciri.</strong></span> <span class='ocrx_word' id='word_1_415' title='bbox 1610 736 1645 763; x_wconf 81' lang='lat' dir='ltr'><strong>Et</strong></span> <span class='ocrx_word' id='word_1_416' title='bbox 1670 735 1699 763; x_wconf 87' lang='lat' dir='ltr'><strong>in</strong></span> <span class='ocrx_word' id='word_1_417' title='bbox 1715 735 1857 763; x_wconf 85' lang='lat' dir='ltr'><strong>collatione</strong></span> 
     </span>
    </p>
   </div>
   <div class='ocr_carea' id='block_1_60' title="bbox 1073 780 1856 818">
    <p class='ocr_par' dir='ltr' id='par_1_60' title="bbox 1073 780 1856 818">
     <span class='ocr_line' id='line_1_60' title="bbox 1073 780 1856 818; baseline -0.005 -8"><span class='ocrx_word' id='word_1_418' title='bbox 1073 783 1165 811; x_wconf 88' lang='lat' dir='ltr'><strong>itidem</strong></span> <span class='ocrx_word' id='word_1_419' title='bbox 1176 784 1270 818; x_wconf 88' lang='lat' dir='ltr'><strong>quinta</strong></span> <span class='ocrx_word' id='word_1_420' title='bbox 1286 784 1342 812; x_wconf 65' lang='lat' dir='ltr'><strong>haec</strong></span> <span class='ocrx_word' id='word_1_421' title='bbox 1357 783 1482 817; x_wconf 80' lang='lat' dir='ltr'><strong>leguntur</strong></span> <span class='ocrx_word' id='word_1_422' title='bbox 1492 783 1572 810; x_wconf 88' lang='lat' dir='ltr'><strong>verba</strong></span> <span class='ocrx_word' id='word_1_423' title='bbox 1587 790 1594 809; x_wconf 92' lang='lat'><strong>:</strong></span> <span class='ocrx_word' id='word_1_424' title='bbox 1613 791 1622 808; x_wconf 76' lang='grc' dir='ltr'>ι</span> <span class='ocrx_word' id='word_1_425' title='bbox 1637 781 1672 809; x_wconf 85' lang='lat' dir='ltr'><strong>Et</strong></span> <span class='ocrx_word' id='word_1_426' title='bbox 1687 781 1787 808; x_wconf 85' lang='lat' dir='ltr'><strong>multos</strong></span> <span class='ocrx_word' id='word_1_427' title='bbox 1800 780 1856 814; x_wconf 82' lang='lat' dir='ltr'><strong>qui-</strong></span> 
     </span>
    </p>
   </div>
   <div class='ocr_carea' id='block_1_61' title="bbox 1073 827 1857 863">
    <p class='ocr_par' dir='ltr' id='par_1_61' title="bbox 1073 827 1857 863">
     <span class='ocr_line' id='line_1_61' title="bbox 1073 827 1857 863; baseline -0.006 -6"><span class='ocrx_word' id='word_1_428' title='bbox 1073 830 1134 857; x_wconf 88' lang='lat' dir='ltr'><strong>dem</strong></span> <span class='ocrx_word' id='word_1_429' title='bbox 1150 829 1233 856; x_wconf 88' lang='lat' dir='ltr'><strong>etiam</strong></span> <span class='ocrx_word' id='word_1_430' title='bbox 1246 829 1314 857; x_wconf 88' lang='lat' dir='ltr'><strong>alios</strong></span> <span class='ocrx_word' id='word_1_431' title='bbox 1326 829 1478 856; x_wconf 87' lang='lat' dir='ltr'><strong>invenimus</strong></span> <span class='ocrx_word' id='word_1_432' title='bbox 1491 832 1551 863; x_wconf 88' lang='lat' dir='ltr'><strong>post</strong></span> <span class='ocrx_word' id='word_1_433' title='bbox 1564 833 1680 856; x_wconf 89' lang='lat' dir='ltr'><strong>mortem</strong></span> <span class='ocrx_word' id='word_1_434' title='bbox 1700 827 1857 854; x_wconf 84' lang='lat' dir='ltr'><strong>anathema—</strong></span> 
     </span>
    </p>
   </div>
   <div class='ocr_carea' id='block_1_62' title="bbox 1076 873 1856 910">
    <p class='ocr_par' dir='ltr' id='par_1_62' title="bbox 1076 873 1856 910">
     <span class='ocr_line' id='line_1_62' title="bbox 1076 873 1856 910; baseline -0.005 -8"><span class='ocrx_word' id='word_1_435' title='bbox 1076 875 1191 903; x_wconf 83' lang='lat' dir='ltr'><strong>tizatos:</strong></span> <span class='ocrx_word' id='word_1_436' title='bbox 1215 882 1318 902; x_wconf 91' lang='lat' dir='ltr'><strong>necnon</strong></span> <span class='ocrx_word' id='word_1_437' title='bbox 1333 875 1413 902; x_wconf 88' lang='lat' dir='ltr'><strong>etiam</strong></span> <span class='ocrx_word' id='word_1_438' title='bbox 1431 874 1589 910; x_wconf 78' lang='lat' dir='ltr'><strong>Origenem;</strong></span> <span class='ocrx_word' id='word_1_439' title='bbox 1612 877 1640 901; x_wconf 83' lang='lat' dir='ltr'><strong>et</strong></span> <span class='ocrx_word' id='word_1_440' title='bbox 1653 874 1676 902; x_wconf 89' lang='lat' dir='ltr'><strong>si</strong></span> <span class='ocrx_word' id='word_1_441' title='bbox 1691 873 1725 900; x_wconf 92' lang='lat' dir='ltr'><strong>ad</strong></span> <span class='ocrx_word' id='word_1_442' title='bbox 1737 877 1856 907; x_wconf 85' lang='lat' dir='ltr'><strong>tempora</strong></span> 
     </span>
    </p>
   </div>
   <div class='ocr_carea' id='block_1_63' title="bbox 1077 919 1856 955">
    <p class='ocr_par' dir='ltr' id='par_1_63' title="bbox 1077 919 1856 955">
     <span class='ocr_line' id='line_1_63' title="bbox 1077 919 1856 955; baseline -0.004 -7"><span class='ocrx_word' id='word_1_443' title='bbox 1077 920 1219 955; x_wconf 85' lang='lat' dir='ltr'><strong>Theophili</strong></span> <span class='ocrx_word' id='word_1_444' title='bbox 1234 925 1334 948; x_wconf 65' lang='lat' dir='ltr'><strong>sanctae</strong></span> <span class='ocrx_word' id='word_1_445' title='bbox 1348 921 1495 954; x_wconf 72' lang='lat' dir='ltr'><strong>memoriae,</strong></span> <span class='ocrx_word' id='word_1_446' title='bbox 1508 920 1551 948; x_wconf 79' lang='lat' dir='ltr'><strong>vel</strong></span> <span class='ocrx_word' id='word_1_447' title='bbox 1564 919 1688 955; x_wconf 90' lang='lat' dir='ltr'><strong>superius</strong></span> <span class='ocrx_word' id='word_1_448' title='bbox 1707 919 1805 953; x_wconf 84' lang='lat' dir='ltr'><strong>aliquis</strong></span> <span class='ocrx_word' id='word_1_449' title='bbox 1816 926 1856 945; x_wconf 84' lang='lat' dir='ltr'><strong>re-</strong></span> 
     </span>
    </p>
   </div>
   <div class='ocr_carea' id='block_1_64' title="bbox 1075 965 1855 1001">
    <p class='ocr_par' dir='ltr' id='par_1_64' title="bbox 1075 965 1855 1001">
     <span class='ocr_line' id='line_1_64' title="bbox 1075 965 1855 1001; baseline -0.004 -7"><span class='ocrx_word' id='word_1_450' title='bbox 1075 967 1200 1000; x_wconf 87' lang='lat' dir='ltr'><strong>currerit,</strong></span> <span class='ocrx_word' id='word_1_451' title='bbox 1222 971 1282 1001; x_wconf 90' lang='lat' dir='ltr'><strong>post</strong></span> <span class='ocrx_word' id='word_1_452' title='bbox 1303 971 1416 994; x_wconf 86' lang='lat' dir='ltr'><strong>mortem</strong></span> <span class='ocrx_word' id='word_1_453' title='bbox 1447 966 1567 993; x_wconf 86' lang='lat' dir='ltr'><strong>inveniet</strong></span> <span class='ocrx_word' id='word_1_454' title='bbox 1587 965 1855 992; x_wconf 73' lang='lat' dir='ltr'><strong>auathemalizatum.</strong></span> 
     </span>
    </p>
   </div>
   <div class='ocr_carea' id='block_1_65' title="bbox 1075 1009 1856 1046">
    <p class='ocr_par' dir='ltr' id='par_1_65' title="bbox 1075 1009 1856 1046">
     <span class='ocr_line' id='line_1_65' title="bbox 1075 1009 1856 1046; baseline -0.005 -6"><span class='ocrx_word' id='word_1_455' title='bbox 1075 1012 1149 1046; x_wconf 85' lang='lat' dir='ltr'><strong>Quod</strong></span> <span class='ocrx_word' id='word_1_456' title='bbox 1167 1012 1261 1039; x_wconf 87' lang='lat' dir='ltr'><strong>etiam‘</strong></span> <span class='ocrx_word' id='word_1_457' title='bbox 1273 1020 1345 1040; x_wconf 90' lang='lat' dir='ltr'><strong>nunc</strong></span> <span class='ocrx_word' id='word_1_458' title='bbox 1366 1012 1392 1040; x_wconf 93' lang='lat' dir='ltr'><strong>in</strong></span> <span class='ocrx_word' id='word_1_459' title='bbox 1407 1012 1466 1046; x_wconf 91' lang='lat' dir='ltr'><strong>ipso</strong></span> <span class='ocrx_word' id='word_1_460' title='bbox 1485 1011 1549 1039; x_wconf 88' lang='lat' dir='ltr'><strong>fecit</strong></span> <span class='ocrx_word' id='word_1_461' title='bbox 1566 1015 1594 1039; x_wconf 89' lang='lat' dir='ltr'><strong>et</strong></span> <span class='ocrx_word' id='word_1_462' title='bbox 1607 1014 1695 1038; x_wconf 87' lang='lat' dir='ltr'><strong>vestra</strong></span> <span class='ocrx_word' id='word_1_463' title='bbox 1719 1009 1856 1042; x_wconf 79' lang='lat' dir='ltr'><strong>sanctius,</strong></span> 
     </span>
    </p>
   </div>
   <div class='ocr_carea' id='block_1_66' title="bbox 1075 1054 1854 1092">
    <p class='ocr_par' dir='ltr' id='par_1_66' title="bbox 1075 1054 1854 1092">
     <span class='ocr_line' id='line_1_66' title="bbox 1075 1054 1854 1092; baseline -0.008 -7"><span class='ocrx_word' id='word_1_464' title='bbox 1075 1064 1101 1086; x_wconf 92' lang='lat' dir='ltr'><strong>et</strong></span> <span class='ocrx_word' id='word_1_465' title='bbox 1114 1057 1226 1092; x_wconf 74' lang='lat' dir='ltr'><strong>Vigilius</strong></span> <span class='ocrx_word' id='word_1_466' title='bbox 1239 1057 1457 1092; x_wconf 81' lang='lat' dir='ltr'><strong>religiosissimus</strong></span> <span class='ocrx_word' id='word_1_467' title='bbox 1471 1063 1539 1091; x_wconf 87' lang='lat' dir='ltr'><strong>papa</strong></span> <span class='ocrx_word' id='word_1_468' title='bbox 1551 1055 1713 1090; x_wconf 87' lang='lat' dir='ltr'><strong>antiquioris</strong></span> <span class='ocrx_word' id='word_1_469' title='bbox 1727 1054 1826 1081; x_wconf 70' lang='lat' dir='ltr'><strong>Romae.</strong></span> <span class='ocrx_word' id='word_1_470' title='bbox 1846 1062 1854 1078; x_wconf 78' lang='grc' dir='ltr'>ι</span> 
     </span>
    </p>
   </div>
   <div class='ocr_carea' id='block_1_67' title="bbox 1074 1099 1859 1132">
    <p class='ocr_par' dir='ltr' id='par_1_67' title="bbox 1074 1099 1859 1132">
     <span class='ocr_line' id='line_1_67' title="bbox 1074 1099 1859 1132; baseline -0.008 0"><span class='ocrx_word' id='word_1_471' title='bbox 1074 1104 1178 1132; x_wconf 85' lang='lat' dir='ltr'><strong>Asserit</strong></span> <span class='ocrx_word' id='word_1_472' title='bbox 1200 1108 1288 1130; x_wconf 86' lang='lat' dir='ltr'><strong>tamen</strong></span> <span class='ocrx_word' id='word_1_473' title='bbox 1305 1103 1372 1130; x_wconf 87' lang='lat' dir='ltr'><strong>satis</strong></span> <span class='ocrx_word' id='word_1_474' title='bbox 1401 1102 1517 1130; x_wconf 86' lang='lat' dir='ltr'><strong>fidenter</strong></span> <span class='ocrx_word' id='word_1_475' title='bbox 1534 1101 1675 1128; x_wconf 79' lang='lat' dir='ltr'><strong>Halloxius</strong></span> <span class='ocrx_word' id='word_1_476' title='bbox 1690 1107 1790 1127; x_wconf 88' lang='lat' dir='ltr'><strong>nomen</strong></span> <span class='ocrx_word' id='word_1_477' title='bbox 1800 1099 1859 1126; x_wconf 85' lang='lat' dir='ltr'><strong>Ori-</strong></span> 
     </span>
    </p>
   </div>
   <div class='ocr_carea' id='block_1_68' title="bbox 1075 1146 1857 1185">
    <p class='ocr_par' dir='ltr' id='par_1_68' title="bbox 1075 1146 1857 1185">
     <span class='ocr_line' id='line_1_68' title="bbox 1075 1146 1857 1185; baseline -0.005 -9"><span class='ocrx_word' id='word_1_478' title='bbox 1075 1150 1149 1185; x_wconf 78' lang='lat' dir='ltr'><strong>genis</strong></span> <span class='ocrx_word' id='word_1_479' title='bbox 1161 1150 1186 1176; x_wconf 93' lang='lat' dir='ltr'><strong>in</strong></span> <span class='ocrx_word' id='word_1_480' title='bbox 1203 1149 1281 1175; x_wconf 87' lang='lat' dir='ltr'><strong>allata</strong></span> <span class='ocrx_word' id='word_1_481' title='bbox 1304 1156 1320 1176; x_wconf 90' lang='lat' dir='ltr'><strong>e</strong></span> <span class='ocrx_word' id='word_1_482' title='bbox 1343 1147 1512 1177; x_wconf 83' lang='lat' dir='ltr'><strong>collatione8</strong></span> <span class='ocrx_word' id='word_1_483' title='bbox 1524 1148 1606 1175; x_wconf 88' lang='lat' dir='ltr'><strong>verba</strong></span> <span class='ocrx_word' id='word_1_484' title='bbox 1621 1146 1703 1174; x_wconf 86' lang='lat' dir='ltr'><strong>fuisse</strong></span> <span class='ocrx_word' id='word_1_485' title='bbox 1714 1146 1857 1177; x_wconf 85' lang='lat' dir='ltr'><strong>intrusum.</strong></span> 
     </span>
    </p>
   </div>
   <div class='ocr_carea' id='block_1_69' title="bbox 1075 1190 1858 1225">
    <p class='ocr_par' dir='ltr' id='par_1_69' title="bbox 1075 1190 1858 1225">
     <span class='ocr_line' id='line_1_69' title="bbox 1075 1190 1858 1225; baseline -0.006 -4"><span class='ocrx_word' id='word_1_486' title='bbox 1075 1199 1101 1222; x_wconf 89' lang='lat' dir='ltr'><strong>et</strong></span> <span class='ocrx_word' id='word_1_487' title='bbox 1115 1194 1228 1222; x_wconf 84' lang='lat' dir='ltr'><strong>aliorum</strong></span> <span class='ocrx_word' id='word_1_488' title='bbox 1242 1193 1430 1221; x_wconf 76' lang='lat' dir='ltr'><strong>haereticorum</strong></span> <span class='ocrx_word' id='word_1_489' title='bbox 1452 1191 1607 1220; x_wconf 89' lang='lat' dir='ltr'><strong>nominibus</strong></span> <span class='ocrx_word' id='word_1_490' title='bbox 1621 1190 1783 1225; x_wconf 82' lang='lat' dir='ltr'><strong>subjectum,</strong></span> <span class='ocrx_word' id='word_1_491' title='bbox 1798 1198 1858 1217; x_wconf 86' lang='lat' dir='ltr'><strong>cum</strong></span> 
     </span>
    </p>
   </div>
   <div class='ocr_carea' id='block_1_70' title="bbox 1074 1236 1859 1276">
    <p class='ocr_par' dir='ltr' id='par_1_70' title="bbox 1074 1236 1859 1276">
     <span class='ocr_line' id='line_1_70' title="bbox 1074 1236 1859 1276; baseline -0.005 -9"><span class='ocrx_word' id='word_1_492' title='bbox 1074 1241 1164 1276; x_wconf 87' lang='lat' dir='ltr'><strong>priore</strong></span> <span class='ocrx_word' id='word_1_493' title='bbox 1191 1239 1249 1267; x_wconf 91' lang='lat' dir='ltr'><strong>loco</strong></span> <span class='ocrx_word' id='word_1_494' title='bbox 1277 1239 1371 1267; x_wconf 88' lang='lat' dir='ltr'><strong>fuisset</strong></span> <span class='ocrx_word' id='word_1_495' title='bbox 1402 1239 1567 1273; x_wconf 89' lang='lat' dir='ltr'><strong>ponendum.</strong></span> <span class='ocrx_word' id='word_1_496' title='bbox 1595 1237 1677 1271; x_wconf 85' lang='lat' dir='ltr'><strong>Quasi</strong></span> <span class='ocrx_word' id='word_1_497' title='bbox 1695 1244 1750 1264; x_wconf 87' lang='lat' dir='ltr'><strong>non</strong></span> <span class='ocrx_word' id='word_1_498' title='bbox 1777 1236 1859 1263; x_wconf 84' lang='lat' dir='ltr'><strong>etiam</strong></span> 
     </span>
    </p>
   </div>
   <div class='ocr_carea' id='block_1_71' title="bbox 1074 1282 1859 1320">
    <p class='ocr_par' dir='ltr' id='par_1_71' title="bbox 1074 1282 1859 1320">
     <span class='ocr_line' id='line_1_71' title="bbox 1074 1282 1859 1320; baseline -0.004 -7"><span class='ocrx_word' id='word_1_499' title='bbox 1074 1287 1215 1314; x_wconf 89' lang='lat' dir='ltr'><strong>Theodoro</strong></span> <span class='ocrx_word' id='word_1_500' title='bbox 1236 1285 1424 1320; x_wconf 88' lang='lat' dir='ltr'><strong>Mopsuesteno</strong></span> <span class='ocrx_word' id='word_1_501' title='bbox 1441 1283 1564 1320; x_wconf 77' lang='lat' dir='ltr'><strong>Origenis</strong></span> <span class='ocrx_word' id='word_1_502' title='bbox 1579 1291 1676 1317; x_wconf 86' lang='lat' dir='ltr'><strong>nomen</strong></span> <span class='ocrx_word' id='word_1_503' title='bbox 1690 1282 1808 1319; x_wconf 81' lang='lat' dir='ltr'><strong>Cyrinus</strong></span> <span class='ocrx_word' id='word_1_504' title='bbox 1833 1283 1859 1310; x_wconf 90' lang='lat' dir='ltr'><strong>in</strong></span> 
     </span>
    </p>
   </div>
   <div class='ocr_carea' id='block_1_72' title="bbox 1078 1330 1860 1366">
    <p class='ocr_par' dir='ltr' id='par_1_72' title="bbox 1078 1330 1860 1366">
     <span class='ocr_line' id='line_1_72' title="bbox 1078 1330 1860 1366; baseline -0.005 -6"><span class='ocrx_word' id='word_1_505' title='bbox 1078 1334 1135 1361; x_wconf 91' lang='lat' dir='ltr'><strong>loco</strong></span> <span class='ocrx_word' id='word_1_506' title='bbox 1152 1341 1212 1360; x_wconf 84' lang='lat' dir='ltr'><strong>mox</strong></span> <span class='ocrx_word' id='word_1_507' title='bbox 1232 1340 1247 1360; x_wconf 94' lang='lat' dir='ltr'><strong>e</strong></span> <span class='ocrx_word' id='word_1_508' title='bbox 1270 1331 1331 1359; x_wconf 83' lang='lat' dir='ltr'><strong>Vita</strong></span> <span class='ocrx_word' id='word_1_509' title='bbox 1356 1332 1434 1360; x_wconf 68' lang='lat' dir='ltr'><strong>Saba:</strong></span> <span class='ocrx_word' id='word_1_510' title='bbox 1449 1332 1606 1366; x_wconf 67' lang='lat' dir='ltr'><strong>deprompta</strong></span> <span class='ocrx_word' id='word_1_511' title='bbox 1619 1330 1800 1366; x_wconf 83' lang='lat' dir='ltr'><strong>subjnnxerit,</strong></span> <span class='ocrx_word' id='word_1_512' title='bbox 1833 1335 1860 1356; x_wconf 92' lang='lat' dir='ltr'><strong>ut</strong></span> 
     </span>
    </p>
   </div>
   <div class='ocr_carea' id='block_1_73' title="bbox 1074 1374 1860 1414">
    <p class='ocr_par' dir='ltr' id='par_1_73' title="bbox 1074 1374 1860 1414">
     <span class='ocr_line' id='line_1_73' title="bbox 1074 1374 1860 1414; baseline -0.006 -9"><span class='ocrx_word' id='word_1_513' title='bbox 1074 1379 1150 1414; x_wconf 88' lang='lat' dir='ltr'><strong>plura</strong></span> <span class='ocrx_word' id='word_1_514' title='bbox 1161 1377 1283 1412; x_wconf 79' lang='lat' dir='ltr'><strong>exempla</strong></span> <span class='ocrx_word' id='word_1_515' title='bbox 1299 1376 1400 1404; x_wconf 86' lang='lat' dir='ltr'><strong>referre</strong></span> <span class='ocrx_word' id='word_1_516' title='bbox 1413 1376 1612 1410; x_wconf 86' lang='lat' dir='ltr'><strong>supersedeam,</strong></span> <span class='ocrx_word' id='word_1_517' title='bbox 1629 1375 1657 1402; x_wconf 94' lang='lat' dir='ltr'><strong>in</strong></span> <span class='ocrx_word' id='word_1_518' title='bbox 1677 1374 1777 1409; x_wconf 88' lang='lat' dir='ltr'><strong>quibus</strong></span> <span class='ocrx_word' id='word_1_519' title='bbox 1790 1374 1860 1400; x_wconf 89' lang='lat' dir='ltr'><strong>nullo</strong></span> 
     </span>
    </p>
   </div>
   <div class='ocr_carea' id='block_1_74' title="bbox 1074 1420 1858 1456">
    <p class='ocr_par' dir='ltr' id='par_1_74' title="bbox 1074 1420 1858 1456">
     <span class='ocr_line' id='line_1_74' title="bbox 1074 1420 1858 1456; baseline -0.006 -5"><span class='ocrx_word' id='word_1_520' title='bbox 1074 1423 1242 1456; x_wconf 91' lang='lat' dir='ltr'><strong>discrimine,</strong></span> <span class='ocrx_word' id='word_1_521' title='bbox 1260 1422 1331 1450; x_wconf 93' lang='lat' dir='ltr'><strong>nulla</strong></span> <span class='ocrx_word' id='word_1_522' title='bbox 1356 1422 1485 1456; x_wconf 84' lang='lat' dir='ltr'><strong>temporis</strong></span> <span class='ocrx_word' id='word_1_523' title='bbox 1508 1421 1600 1448; x_wconf 87' lang='lat' dir='ltr'><strong>habita</strong></span> <span class='ocrx_word' id='word_1_524' title='bbox 1623 1420 1731 1448; x_wconf 89' lang='lat' dir='ltr'><strong>ratione</strong></span> <span class='ocrx_word' id='word_1_525' title='bbox 1751 1420 1858 1447; x_wconf 85' lang='lat' dir='ltr'><strong>nomina</strong></span> 
     </span>
    </p>
   </div>
   <div class='ocr_carea' id='block_1_75' title="bbox 1074 1466 1859 1498">
    <p class='ocr_par' dir='ltr' id='par_1_75' title="bbox 1074 1466 1859 1498">
     <span class='ocr_line' id='line_1_75' title="bbox 1074 1466 1859 1498; baseline -0.005 -1"><span class='ocrx_word' id='word_1_526' title='bbox 1074 1474 1259 1498; x_wconf 86' lang='lat' dir='ltr'><strong>recensentur.</strong></span> <span class='ocrx_word' id='word_1_527' title='bbox 1284 1469 1403 1496; x_wconf 84' lang='lat' dir='ltr'><strong>Alterum</strong></span> <span class='ocrx_word' id='word_1_528' title='bbox 1431 1467 1521 1495; x_wconf 89' lang='lat' dir='ltr'><strong>itidem</strong></span> <span class='ocrx_word' id='word_1_529' title='bbox 1545 1467 1633 1495; x_wconf 89' lang='lat' dir='ltr'><strong>locum</strong></span> <span class='ocrx_word' id='word_1_530' title='bbox 1662 1466 1818 1494; x_wconf 86' lang='lat' dir='ltr'><strong>collationis</strong></span> <span class='ocrx_word' id='word_1_531' title='bbox 1843 1466 1859 1493; x_wconf 84' lang='lat'><strong>5</strong></span> 
     </span>
    </p>
   </div>
   <div class='ocr_carea' id='block_1_76' title="bbox 1073 1513 1859 1550">
    <p class='ocr_par' dir='ltr' id='par_1_76' title="bbox 1073 1513 1859 1550">
     <span class='ocr_line' id='line_1_76' title="bbox 1073 1513 1859 1550; baseline -0.005 -6"><span class='ocrx_word' id='word_1_532' title='bbox 1073 1517 1156 1544; x_wconf 84' lang='lat' dir='ltr'><strong>fuisse</strong></span> <span class='ocrx_word' id='word_1_533' title='bbox 1170 1516 1328 1550; x_wconf 81' lang='lat' dir='ltr'><strong>confictam,</strong></span> <span class='ocrx_word' id='word_1_534' title='bbox 1351 1519 1379 1542; x_wconf 90' lang='lat' dir='ltr'><strong>ut</strong></span> <span class='ocrx_word' id='word_1_535' title='bbox 1395 1514 1462 1542; x_wconf 89' lang='lat' dir='ltr'><strong>alias</strong></span> <span class='ocrx_word' id='word_1_536' title='bbox 1475 1514 1605 1549; x_wconf 89' lang='lat' dir='ltr'><strong>quasdam</strong></span> <span class='ocrx_word' id='word_1_537' title='bbox 1620 1513 1777 1541; x_wconf 88' lang='lat' dir='ltr'><strong>collationis</strong></span> <span class='ocrx_word' id='word_1_538' title='bbox 1793 1513 1859 1550; x_wconf 40' lang='lat' dir='ltr'><strong>ejus!</strong></span> 
     </span>
    </p>
   </div>
   <div class='ocr_carea' id='block_1_77' title="bbox 1075 1558 1860 1597">
    <p class='ocr_par' dir='ltr' id='par_1_77' title="bbox 1075 1558 1860 1597">
     <span class='ocr_line' id='line_1_77' title="bbox 1075 1558 1860 1597; baseline -0.005 -8"><span class='ocrx_word' id='word_1_539' title='bbox 1075 1562 1134 1590; x_wconf 87' lang='lat' dir='ltr'><strong>dem</strong></span> <span class='ocrx_word' id='word_1_540' title='bbox 1151 1566 1252 1597; x_wconf 86' lang='lat' dir='ltr'><strong>partes,</strong></span> <span class='ocrx_word' id='word_1_541' title='bbox 1269 1561 1417 1588; x_wconf 89' lang='lat' dir='ltr'><strong>arbitratur</strong></span> <span class='ocrx_word' id='word_1_542' title='bbox 1435 1559 1583 1592; x_wconf 84' lang='lat' dir='ltr'><strong>Halloxius,</strong></span> <span class='ocrx_word' id='word_1_543' title='bbox 1599 1559 1642 1586; x_wconf 88' lang='lat' dir='ltr'><strong>his</strong></span> <span class='ocrx_word' id='word_1_544' title='bbox 1667 1558 1805 1594; x_wconf 90' lang='lat' dir='ltr'><strong>impulsus</strong></span> <span class='ocrx_word' id='word_1_545' title='bbox 1819 1566 1860 1584; x_wconf 89' lang='lat' dir='ltr'><strong>ar-</strong></span> 
     </span>
    </p>
   </div>
   <div class='ocr_carea' id='block_1_78' title="bbox 1076 1605 1860 1644">
    <p class='ocr_par' dir='ltr' id='par_1_78' title="bbox 1076 1605 1860 1644">
     <span class='ocr_line' id='line_1_78' title="bbox 1076 1605 1860 1644; baseline -0.005 -8"><span class='ocrx_word' id='word_1_546' title='bbox 1076 1608 1226 1644; x_wconf 75' lang='lat' dir='ltr'><strong>gumentis,</strong></span> <span class='ocrx_word' id='word_1_547' title='bbox 1239 1608 1311 1643; x_wconf 89' lang='lat' dir='ltr'><strong>quod</strong></span> <span class='ocrx_word' id='word_1_548' title='bbox 1330 1608 1358 1634; x_wconf 94' lang='lat' dir='ltr'><strong>in</strong></span> <span class='ocrx_word' id='word_1_549' title='bbox 1374 1606 1510 1642; x_wconf 87' lang='lat' dir='ltr'><strong>prioribus</strong></span> <span class='ocrx_word' id='word_1_550' title='bbox 1529 1605 1725 1634; x_wconf 85' lang='lat' dir='ltr'><strong>collationibus</strong></span> <span class='ocrx_word' id='word_1_551' title='bbox 1738 1612 1773 1633; x_wconf 88' lang='lat' dir='ltr'><strong>ne</strong></span> <span class='ocrx_word' id='word_1_552' title='bbox 1800 1612 1860 1632; x_wconf 87' lang='lat' dir='ltr'><strong>ver-</strong></span> 
     </span>
    </p>
   </div>
   <div class='ocr_carea' id='block_1_79' title="bbox 1076 1651 1861 1690">
    <p class='ocr_par' dir='ltr' id='par_1_79' title="bbox 1076 1651 1861 1690">
     <span class='ocr_line' id='line_1_79' title="bbox 1076 1651 1861 1690; baseline -0.005 -8"><span class='ocrx_word' id='word_1_553' title='bbox 1076 1656 1138 1682; x_wconf 84' lang='lat' dir='ltr'><strong>bum</strong></span> <span class='ocrx_word' id='word_1_554' title='bbox 1153 1655 1260 1690; x_wconf 89' lang='lat' dir='ltr'><strong>quidem</strong></span> <span class='ocrx_word' id='word_1_555' title='bbox 1270 1654 1302 1681; x_wconf 90' lang='lat' dir='ltr'><strong>de</strong></span> <span class='ocrx_word' id='word_1_556' title='bbox 1313 1653 1429 1688; x_wconf 85' lang='lat' dir='ltr'><strong>Origene</strong></span> <span class='ocrx_word' id='word_1_557' title='bbox 1442 1652 1543 1680; x_wconf 89' lang='lat' dir='ltr'><strong>factum</strong></span> <span class='ocrx_word' id='word_1_558' title='bbox 1561 1651 1611 1685; x_wconf 88' lang='lat' dir='ltr'><strong>sit;</strong></span> <span class='ocrx_word' id='word_1_559' title='bbox 1628 1656 1655 1680; x_wconf 90' lang='lat' dir='ltr'><strong>et</strong></span> <span class='ocrx_word' id='word_1_560' title='bbox 1671 1652 1699 1679; x_wconf 93' lang='lat' dir='ltr'><strong>in</strong></span> <span class='ocrx_word' id='word_1_561' title='bbox 1716 1651 1861 1679; x_wconf 88' lang='lat' dir='ltr'><strong>constituto</strong></span> 
     </span>
    </p>
   </div>
   <div class='ocr_carea' id='block_1_80' title="bbox 1076 1697 1862 1736">
    <p class='ocr_par' dir='ltr' id='par_1_80' title="bbox 1076 1697 1862 1736">
     <span class='ocr_line' id='line_1_80' title="bbox 1076 1697 1862 1736; baseline -0.006 -8"><span class='ocrx_word' id='word_1_562' title='bbox 1076 1700 1229 1736; x_wconf 87' lang='lat' dir='ltr'><strong>probaverit</strong></span> <span class='ocrx_word' id='word_1_563' title='bbox 1243 1698 1355 1732; x_wconf 80' lang='lat' dir='ltr'><strong>Vigilius</strong></span> <span class='ocrx_word' id='word_1_564' title='bbox 1373 1698 1505 1726; x_wconf 87' lang='lat' dir='ltr'><strong>neminem</strong></span> <span class='ocrx_word' id='word_1_565' title='bbox 1514 1705 1574 1726; x_wconf 87' lang='lat' dir='ltr'><strong>esse</strong></span> <span class='ocrx_word' id='word_1_566' title='bbox 1584 1702 1645 1734; x_wconf 91' lang='lat' dir='ltr'><strong>post</strong></span> <span class='ocrx_word' id='word_1_567' title='bbox 1657 1703 1778 1725; x_wconf 92' lang='lat' dir='ltr'><strong>mortem</strong></span> <span class='ocrx_word' id='word_1_568' title='bbox 1792 1697 1862 1724; x_wconf 86' lang='lat' dir='ltr'><strong>dam-</strong></span> 
     </span>
    </p>
   </div>
   <div class='ocr_carea' id='block_1_81' title="bbox 1077 1743 1863 1780">
    <p class='ocr_par' dir='ltr' id='par_1_81' title="bbox 1077 1743 1863 1780">
     <span class='ocr_line' id='line_1_81' title="bbox 1077 1743 1863 1780; baseline -0.005 -6"><span class='ocrx_word' id='word_1_569' title='bbox 1077 1747 1203 1775; x_wconf 84' lang='lat' dir='ltr'><strong>nandum.</strong></span> <span class='ocrx_word' id='word_1_570' title='bbox 1233 1745 1273 1772; x_wconf 82' lang='lat' dir='ltr'><strong>Ad</strong></span> <span class='ocrx_word' id='word_1_571' title='bbox 1285 1746 1359 1780; x_wconf 93' lang='lat' dir='ltr'><strong>prius</strong></span> <span class='ocrx_word' id='word_1_572' title='bbox 1384 1749 1572 1779; x_wconf 79' lang='lat' dir='ltr'><strong>argumentum</strong></span> <span class='ocrx_word' id='word_1_573' title='bbox 1589 1743 1770 1780; x_wconf 84' lang='lat' dir='ltr'><strong>respondebit</strong></span> <span class='ocrx_word' id='word_1_574' title='bbox 1783 1743 1863 1770; x_wconf 72' lang='lat' dir='ltr'><strong>Baro—</strong></span> 
     </span>
    </p>
   </div>
   <div class='ocr_carea' id='block_1_82' title="bbox 1077 1789 1864 1826">
    <p class='ocr_par' dir='ltr' id='par_1_82' title="bbox 1077 1789 1864 1826">
     <span class='ocr_line' id='line_1_82' title="bbox 1077 1789 1864 1826; baseline -0.006 -6"><span class='ocrx_word' id='word_1_575' title='bbox 1077 1793 1137 1821; x_wconf 88' lang='lat' dir='ltr'><strong>nius</strong></span> <span class='ocrx_word' id='word_1_576' title='bbox 1151 1792 1249 1820; x_wconf 90' lang='lat' dir='ltr'><strong>multas</strong></span> <span class='ocrx_word' id='word_1_577' title='bbox 1266 1792 1300 1819; x_wconf 89' lang='lat' dir='ltr'><strong>ab</strong></span> <span class='ocrx_word' id='word_1_578' title='bbox 1324 1790 1483 1826; x_wconf 74' lang='lat' dir='ltr'><strong>Origenistis</strong></span> <span class='ocrx_word' id='word_1_579' title='bbox 1502 1790 1596 1826; x_wconf 85' lang='lat' dir='ltr'><strong>synodi</strong></span> <span class='ocrx_word' id='word_1_580' title='bbox 1612 1790 1693 1825; x_wconf 88' lang='lat' dir='ltr'><strong>hujus</strong></span> <span class='ocrx_word' id='word_1_581' title='bbox 1716 1789 1864 1824; x_wconf 78' lang='lat' dir='ltr'><strong>particulas</strong></span> 
     </span>
    </p>
   </div>
   <div class='ocr_carea' id='block_1_83' title="bbox 1076 1835 1864 1874">
    <p class='ocr_par' dir='ltr' id='par_1_83' title="bbox 1076 1835 1864 1874">
     <span class='ocr_line' id='line_1_83' title="bbox 1076 1835 1864 1874; baseline -0.008 -7"><span class='ocrx_word' id='word_1_582' title='bbox 1076 1840 1160 1867; x_wconf 82' lang='lat' dir='ltr'><strong>fuisse</strong></span> <span class='ocrx_word' id='word_1_583' title='bbox 1175 1845 1332 1874; x_wconf 88' lang='lat' dir='ltr'><strong>suppressas</strong></span> <span class='ocrx_word' id='word_1_584' title='bbox 1347 1847 1354 1865; x_wconf 93' lang='lat'><strong>:</strong></span> <span class='ocrx_word' id='word_1_585' title='bbox 1368 1836 1481 1864; x_wconf 87' lang='lat' dir='ltr'><strong>alterum</strong></span> <span class='ocrx_word' id='word_1_586' title='bbox 1498 1843 1564 1865; x_wconf 88' lang='lat' dir='ltr'><strong>vero</strong></span> <span class='ocrx_word' id='word_1_587' title='bbox 1581 1836 1631 1863; x_wconf 90' lang='lat' dir='ltr'><strong>hac</strong></span> <span class='ocrx_word' id='word_1_588' title='bbox 1645 1835 1812 1870; x_wconf 78' lang='lat' dir='ltr'><strong>exceptione</strong></span> <span class='ocrx_word' id='word_1_589' title='bbox 1826 1842 1864 1861; x_wconf 88' lang='lat' dir='ltr'><strong>re-</strong></span> 
     </span>
    </p>
   </div>
   <div class='ocr_carea' id='block_1_84' title="bbox 1078 1880 1862 1918">
    <p class='ocr_par' dir='ltr' id='par_1_84' title="bbox 1078 1880 1862 1918">
     <span class='ocr_line' id='line_1_84' title="bbox 1078 1880 1862 1918; baseline -0.008 -6"><span class='ocrx_word' id='word_1_590' title='bbox 1078 1885 1214 1917; x_wconf 83' lang='lat' dir='ltr'><strong>tundetur,</strong></span> <span class='ocrx_word' id='word_1_591' title='bbox 1241 1883 1364 1911; x_wconf 86' lang='lat' dir='ltr'><strong>docuisse</strong></span> <span class='ocrx_word' id='word_1_592' title='bbox 1384 1881 1492 1918; x_wconf 87' lang='lat' dir='ltr'><strong>quidem</strong></span> <span class='ocrx_word' id='word_1_593' title='bbox 1516 1882 1543 1910; x_wconf 90' lang='lat' dir='ltr'><strong>in</strong></span> <span class='ocrx_word' id='word_1_594' title='bbox 1568 1882 1716 1909; x_wconf 76' lang='lat' dir='ltr'><strong>Constituto</strong></span> <span class='ocrx_word' id='word_1_595' title='bbox 1734 1880 1862 1915; x_wconf 71' lang='lat' dir='ltr'><strong>Vigilium</strong></span> 
     </span>
    </p>
   </div>
   <div class='ocr_carea' id='block_1_85' title="bbox 1076 1926 1864 1963">
    <p class='ocr_par' dir='ltr' id='par_1_85' title="bbox 1076 1926 1864 1963">
     <span class='ocr_line' id='line_1_85' title="bbox 1076 1926 1864 1963; baseline -0.008 -4"><span class='ocrx_word' id='word_1_596' title='bbox 1076 1931 1174 1959; x_wconf 87' lang='lat' dir='ltr'><strong>debere</strong></span> <span class='ocrx_word' id='word_1_597' title='bbox 1185 1930 1317 1957; x_wconf 89' lang='lat' dir='ltr'><strong>neminem</strong></span> <span class='ocrx_word' id='word_1_598' title='bbox 1328 1933 1388 1963; x_wconf 90' lang='lat' dir='ltr'><strong>post</strong></span> <span class='ocrx_word' id='word_1_599' title='bbox 1398 1928 1499 1956; x_wconf 91' lang='lat' dir='ltr'><strong>obitum</strong></span> <span class='ocrx_word' id='word_1_600' title='bbox 1511 1928 1633 1956; x_wconf 90' lang='lat' dir='ltr'><strong>damnari</strong></span> <span class='ocrx_word' id='word_1_601' title='bbox 1643 1936 1649 1961; x_wconf 91' lang='lat'><strong>;</strong></span> <span class='ocrx_word' id='word_1_602' title='bbox 1659 1926 1864 1955; x_wconf 87' lang='lat' dir='ltr'><strong>atcontrarium</strong></span> 
     </span>
    </p>
   </div>
   <div class='ocr_carea' id='block_1_86' title="bbox 1076 1975 1535 2006">
    <p class='ocr_par' dir='ltr' id='par_1_86' title="bbox 1076 1975 1535 2006">
     <span class='ocr_line' id='line_1_86' title="bbox 1076 1975 1535 2006; baseline -0.009 0"><span class='ocrx_word' id='word_1_603' title='bbox 1076 1978 1103 2006; x_wconf 80' lang='lat' dir='ltr'><strong>in</strong></span> <span class='ocrx_word' id='word_1_604' title='bbox 1120 1977 1244 2004; x_wconf 78' lang='lat' dir='ltr'><strong>Judicata</strong></span> <span class='ocrx_word' id='word_1_605' title='bbox 1259 1978 1382 2004; x_wconf 90' lang='lat' dir='ltr'><strong>eumdem</strong></span> <span class='ocrx_word' id='word_1_606' title='bbox 1397 1975 1535 2003; x_wconf 84' lang='lat' dir='ltr'><strong>statuisse.</strong></span> 
     </span>
    </p>
   </div>
   <div class='ocr_carea' id='block_1_87' title="bbox 1111 2018 1864 2057">
    <p class='ocr_par' dir='ltr' id='par_1_87' title="bbox 1111 2018 1864 2057">
     <span class='ocr_line' id='line_1_87' title="bbox 1111 2018 1864 2057; baseline -0.008 -6"><span class='ocrx_word' id='word_1_607' title='bbox 1111 2023 1168 2051; x_wconf 84' lang='lat' dir='ltr'><strong>XV.</strong></span> <span class='ocrx_word' id='word_1_608' title='bbox 1186 2022 1261 2050; x_wconf 88' lang='lat' dir='ltr'><strong>Nunc</strong></span> <span class='ocrx_word' id='word_1_609' title='bbox 1282 2021 1407 2057; x_wconf 90' lang='lat' dir='ltr'><strong>quoniam</strong></span> <span class='ocrx_word' id='word_1_610' title='bbox 1428 2022 1461 2049; x_wconf 89' lang='lat' dir='ltr'><strong>de</strong></span> <span class='ocrx_word' id='word_1_611' title='bbox 1475 2020 1591 2055; x_wconf 73' lang='lat' dir='ltr'><strong>Origene</strong></span> <span class='ocrx_word' id='word_1_612' title='bbox 1603 2019 1629 2047; x_wconf 92' lang='lat' dir='ltr'><strong>in</strong></span> <span class='ocrx_word' id='word_1_613' title='bbox 1645 2019 1743 2054; x_wconf 89' lang='lat' dir='ltr'><strong>quinta</strong></span> <span class='ocrx_word' id='word_1_614' title='bbox 1759 2018 1864 2054; x_wconf 88' lang='lat' dir='ltr'><strong>synodo</strong></span> 
     </span>
    </p>
   </div>
   <div class='ocr_carea' id='block_1_88' title="bbox 1076 2065 1862 2101">
    <p class='ocr_par' dir='ltr' id='par_1_88' title="bbox 1076 2065 1862 2101">
     <span class='ocr_line' id='line_1_88' title="bbox 1076 2065 1862 2101; baseline -0.009 -4"><span class='ocrx_word' id='word_1_615' title='bbox 1076 2074 1165 2097; x_wconf 89' lang='lat' dir='ltr'><strong>actum</strong></span> <span class='ocrx_word' id='word_1_616' title='bbox 1179 2069 1261 2096; x_wconf 84' lang='lat' dir='ltr'><strong>fuisse</strong></span> <span class='ocrx_word' id='word_1_617' title='bbox 1279 2071 1398 2099; x_wconf 85' lang='lat' dir='ltr'><strong>constat,</strong></span> <span class='ocrx_word' id='word_1_618' title='bbox 1411 2067 1449 2094; x_wconf 89' lang='lat' dir='ltr'><strong>rei</strong></span> <span class='ocrx_word' id='word_1_619' title='bbox 1461 2070 1543 2101; x_wconf 73' lang='lat' dir='ltr'><strong>gesta:</strong></span> <span class='ocrx_word' id='word_1_620' title='bbox 1555 2065 1653 2093; x_wconf 88' lang='lat' dir='ltr'><strong>seriem</strong></span> <span class='ocrx_word' id='word_1_621' title='bbox 1667 2071 1862 2099; x_wconf 78' lang='lat' dir='ltr'><strong>exsequamur.</strong></span> 
     </span>
    </p>
   </div>
   <div class='ocr_carea' id='block_1_89' title="bbox 1078 2109 1861 2147">
    <p class='ocr_par' dir='ltr' id='par_1_89' title="bbox 1078 2109 1861 2147">
     <span class='ocr_line' id='line_1_89' title="bbox 1078 2109 1861 2147; baseline -0.008 -6"><span class='ocrx_word' id='word_1_622' title='bbox 1078 2113 1179 2142; x_wconf 88' lang='lat' dir='ltr'><strong>Scribit</strong></span> <span class='ocrx_word' id='word_1_623' title='bbox 1194 2112 1325 2147; x_wconf 72' lang='lat' dir='ltr'><strong>Evagrius</strong></span> <span class='ocrx_word' id='word_1_624' title='bbox 1341 2111 1459 2146; x_wconf 80' lang='lat' dir='ltr'><strong>expulsis</strong></span> <span class='ocrx_word' id='word_1_625' title='bbox 1470 2118 1485 2138; x_wconf 90' lang='lat' dir='ltr'><strong>e</strong></span> <span class='ocrx_word' id='word_1_626' title='bbox 1498 2110 1572 2138; x_wconf 85' lang='lat' dir='ltr'><strong>Nova</strong></span> <span class='ocrx_word' id='word_1_627' title='bbox 1586 2109 1675 2137; x_wconf 87' lang='lat' dir='ltr'><strong>Laura</strong></span> <span class='ocrx_word' id='word_1_628' title='bbox 1688 2109 1861 2144; x_wconf 81' lang='lat' dir='ltr'><strong>Origenistis,</strong></span> 
     </span>
    </p>
   </div>
   <div class='ocr_carea' id='block_1_90' title="bbox 1077 2154 1863 2192">
    <p class='ocr_par' dir='ltr' id='par_1_90' title="bbox 1077 2154 1863 2192">
     <span class='ocr_line' id='line_1_90' title="bbox 1077 2154 1863 2192; baseline -0.009 -5"><span class='ocrx_word' id='word_1_629' title='bbox 1077 2167 1137 2187; x_wconf 92' lang='lat' dir='ltr'><strong>cum</strong></span> <span class='ocrx_word' id='word_1_630' title='bbox 1156 2159 1182 2186; x_wconf 91' lang='lat' dir='ltr'><strong>id</strong></span> <span class='ocrx_word' id='word_1_631' title='bbox 1196 2158 1265 2192; x_wconf 85' lang='lat' dir='ltr'><strong>apud</strong></span> <span class='ocrx_word' id='word_1_632' title='bbox 1280 2159 1472 2191; x_wconf 87' lang='lat' dir='ltr'><strong>imperatorem</strong></span> <span class='ocrx_word' id='word_1_633' title='bbox 1489 2155 1588 2183; x_wconf 90' lang='lat' dir='ltr'><strong>factum</strong></span> <span class='ocrx_word' id='word_1_634' title='bbox 1598 2155 1768 2190; x_wconf 77' lang='lat' dir='ltr'><strong>vimper-aret</strong></span> <span class='ocrx_word' id='word_1_635' title='bbox 1778 2154 1863 2182; x_wconf 85' lang='lat' dir='ltr'><strong>Theo-</strong></span> 
     </span>
    </p>
   </div>
   <div class='ocr_carea' id='block_1_91' title="bbox 1078 2200 1863 2237">
    <p class='ocr_par' dir='ltr' id='par_1_91' title="bbox 1078 2200 1863 2237">
     <span class='ocr_line' id='line_1_91' title="bbox 1078 2200 1863 2237; baseline -0.008 -4"><span class='ocrx_word' id='word_1_636' title='bbox 1078 2206 1161 2233; x_wconf 90' lang='lat' dir='ltr'><strong>dorus</strong></span> <span class='ocrx_word' id='word_1_637' title='bbox 1176 2204 1300 2235; x_wconf 85' lang='lat' dir='ltr'><strong>Ascidas,</strong></span> <span class='ocrx_word' id='word_1_638' title='bbox 1315 2201 1575 2237; x_wconf 86' lang='lat' dir='ltr'><strong>Constantinopolim</strong></span> <span class='ocrx_word' id='word_1_639' title='bbox 1594 2201 1692 2228; x_wconf 87' lang='lat' dir='ltr'><strong>missos</strong></span> <span class='ocrx_word' id='word_1_640' title='bbox 1707 2200 1796 2228; x_wconf 80' lang='lat' dir='ltr'><strong>fuisse</strong></span> <span class='ocrx_word' id='word_1_641' title='bbox 1811 2201 1863 2227; x_wconf 78' lang='lat' dir='ltr'><strong>ltu-</strong></span> 
     </span>
    </p>
   </div>
   <div class='ocr_carea' id='block_1_92' title="bbox 240 2246 1863 2288">
    <p class='ocr_par' dir='ltr' id='par_1_92' title="bbox 240 2246 1863 2288">
     <span class='ocr_line' id='line_1_92' title="bbox 240 2246 1863 2288; baseline 0 -15"><span class='ocrx_word' id='word_1_642' title='bbox 240 2246 302 2274; x_wconf 67' lang='lat' dir='ltr'><strong>Htec</strong></span> <span class='ocrx_word' id='word_1_643' title='bbox 316 2247 351 2274; x_wconf 88' lang='lat' dir='ltr'><strong>ita</strong></span> <span class='ocrx_word' id='word_1_644' title='bbox 362 2249 504 2277; x_wconf 84' lang='lat' dir='ltr'><strong>manifesta</strong></span> <span class='ocrx_word' id='word_1_645' title='bbox 513 2256 585 2284; x_wconf 89' lang='lat' dir='ltr'><strong>sunt,</strong></span> <span class='ocrx_word' id='word_1_646' title='bbox 600 2255 628 2278; x_wconf 93' lang='lat' dir='ltr'><strong>ut</strong></span> <span class='ocrx_word' id='word_1_647' title='bbox 639 2259 716 2279; x_wconf 89' lang='lat' dir='ltr'><strong>netno</strong></span> <span class='ocrx_word' id='word_1_648' title='bbox 726 2257 818 2279; x_wconf 83' lang='lat' dir='ltr'><strong>contra</strong></span> <span class='ocrx_word' id='word_1_649' title='bbox 831 2252 872 2279; x_wconf 80' lang='lat' dir='ltr'><strong>vel</strong></span> <span class='ocrx_word' id='word_1_650' title='bbox 884 2254 1021 2288; x_wconf 85' lang='lat' dir='ltr'><strong>excipere,</strong></span> <span class='ocrx_word' id='word_1_651' title='bbox 1039 2259 1061 2286; x_wconf 75' lang='grc' dir='ltr'><strong>ι)</strong></span> <span class='ocrx_word' id='word_1_652' title='bbox 1077 2251 1143 2284; x_wconf 93' lang='lat' dir='ltr'><strong>fum,</strong></span> <span class='ocrx_word' id='word_1_653' title='bbox 1155 2255 1181 2277; x_wconf 90' lang='lat' dir='ltr'><strong>et</strong></span> <span class='ocrx_word' id='word_1_654' title='bbox 1193 2249 1329 2277; x_wconf 86' lang='lat' dir='ltr'><strong>Cononem</strong></span> <span class='ocrx_word' id='word_1_655' title='bbox 1345 2247 1570 2276; x_wconf 84' lang='lat' dir='ltr'><strong>archimandritas</strong></span> <span class='ocrx_word' id='word_1_656' title='bbox 1581 2267 1588 2280; x_wconf 94' lang='lat'><strong>,</strong></span> <span class='ocrx_word' id='word_1_657' title='bbox 1600 2247 1726 2282; x_wconf 88' lang='lat' dir='ltr'><strong>aliosque</strong></span> <span class='ocrx_word' id='word_1_658' title='bbox 1739 2246 1863 2273; x_wconf 63' lang='lat' dir='ltr'><strong>Palaesti-</strong></span> 
     </span>
    </p>
   </div>
   <div class='ocr_carea' id='block_1_93' title="bbox 227 2289 586 2330">
    <p class='ocr_par' dir='ltr' id='par_1_93' title="bbox 227 2289 586 2330">
     <span class='ocr_line' id='line_1_93' title="bbox 227 2289 586 2330; baseline 0.014 -11"><span class='ocrx_word' id='word_1_659' title='bbox 227 2289 280 2320; x_wconf 71' lang='lat' dir='ltr'><strong>&#39;vel</strong></span> <span class='ocrx_word' id='word_1_660' title='bbox 295 2295 471 2328; x_wconf 67' lang='lat' dir='ltr'><strong>praescribere</strong></span> <span class='ocrx_word' id='word_1_661' title='bbox 491 2297 586 2330; x_wconf 87' lang='lat' dir='ltr'><strong>possit.</strong></span> 
     </span>
    </p>
   </div>
   <div class='ocr_carea' id='block_1_94' title="bbox 274 2340 1020 2381">
    <p class='ocr_par' dir='ltr' id='par_1_94' title="bbox 274 2340 1020 2381">
     <span class='ocr_line' id='line_1_94' title="bbox 274 2340 1020 2381; baseline 0.009 -15"><span class='ocrx_word' id='word_1_662' title='bbox 274 2340 350 2373; x_wconf 86' lang='lat' dir='ltr'><strong>Quod</strong></span> <span class='ocrx_word' id='word_1_663' title='bbox 365 2343 398 2368; x_wconf 88' lang='lat' dir='ltr'><strong>ad</strong></span> <span class='ocrx_word' id='word_1_664' title='bbox 424 2342 578 2370; x_wconf 85' lang='lat' dir='ltr'><strong>Facundum</strong></span> <span class='ocrx_word' id='word_1_665' title='bbox 605 2349 695 2372; x_wconf 89' lang='lat' dir='ltr'><strong>autem</strong></span> <span class='ocrx_word' id='word_1_666' title='bbox 724 2345 859 2372; x_wconf 86' lang='lat' dir='ltr'><strong>Victorem</strong></span> <span class='ocrx_word' id='word_1_667' title='bbox 885 2345 1020 2381; x_wconf 65' lang='lat' dir='ltr'><strong>pertinet},</strong></span> 
     </span>
    </p>
   </div>
   <div class='ocr_carea' id='block_1_95' title="bbox 239 2388 1023 2425">
    <p class='ocr_par' dir='ltr' id='par_1_95' title="bbox 239 2388 1023 2425">
     <span class='ocr_line' id='line_1_95' title="bbox 239 2388 1023 2425; baseline 0.009 -14"><span class='ocrx_word' id='word_1_668' title='bbox 239 2394 331 2420; x_wconf 86' lang='lat' dir='ltr'><strong>parum</strong></span> <span class='ocrx_word' id='word_1_669' title='bbox 348 2391 421 2413; x_wconf 90' lang='lat' dir='ltr'><strong>certe</strong></span> <span class='ocrx_word' id='word_1_670' title='bbox 446 2388 536 2416; x_wconf 90' lang='lat' dir='ltr'><strong>valere</strong></span> <span class='ocrx_word' id='word_1_671' title='bbox 560 2389 640 2417; x_wconf 89' lang='lat' dir='ltr'><strong>debet</strong></span> <span class='ocrx_word' id='word_1_672' title='bbox 659 2391 786 2425; x_wconf 83' lang='lat' dir='ltr'><strong>negativi,</strong></span> <span class='ocrx_word' id='word_1_673' title='bbox 801 2396 830 2418; x_wconf 92' lang='lat' dir='ltr'><strong>ut</strong></span> <span class='ocrx_word' id='word_1_674' title='bbox 846 2396 954 2424; x_wconf 89' lang='lat' dir='ltr'><strong>vocant,</strong></span> <span class='ocrx_word' id='word_1_675' title='bbox 978 2399 1023 2418; x_wconf 87' lang='lat' dir='ltr'><strong>ar-</strong></span> 
     </span>
    </p>
   </div>
   <div class='ocr_carea' id='block_1_96' title="bbox 239 2432 1022 2471">
    <p class='ocr_par' dir='ltr' id='par_1_96' title="bbox 239 2432 1022 2471">
     <span class='ocr_line' id='line_1_96' title="bbox 239 2432 1022 2471; baseline 0.008 -14"><span class='ocrx_word' id='word_1_676' title='bbox 239 2432 357 2465; x_wconf 81' lang='lat' dir='ltr'><strong>gumenti</strong></span> <span class='ocrx_word' id='word_1_677' title='bbox 374 2434 532 2467; x_wconf 85' lang='lat' dir='ltr'><strong>auctoritas,</strong></span> <span class='ocrx_word' id='word_1_678' title='bbox 551 2442 610 2461; x_wconf 90' lang='lat' dir='ltr'><strong>cum</strong></span> <span class='ocrx_word' id='word_1_679' title='bbox 637 2436 822 2470; x_wconf 68' lang='grc' dir='ltr'><strong>καταφατικὸν</strong></span> <span class='ocrx_word' id='word_1_680' title='bbox 836 2441 1022 2471; x_wconf 78' lang='lat' dir='ltr'><strong>argumentum</strong></span> 
     </span>
    </p>
   </div>
   <div class='ocr_carea' id='block_1_97' title="bbox 239 2477 1023 2513">
    <p class='ocr_par' dir='ltr' id='par_1_97' title="bbox 239 2477 1023 2513">
     <span class='ocr_line' id='line_1_97' title="bbox 239 2477 1023 2513; baseline 0.008 -10"><span class='ocrx_word' id='word_1_681' title='bbox 239 2477 264 2503; x_wconf 93' lang='lat' dir='ltr'><strong>in</strong></span> <span class='ocrx_word' id='word_1_682' title='bbox 281 2478 443 2505; x_wconf 92' lang='lat' dir='ltr'><strong>contrariam</strong></span> <span class='ocrx_word' id='word_1_683' title='bbox 463 2485 566 2513; x_wconf 86' lang='lat' dir='ltr'><strong>partem</strong></span> <span class='ocrx_word' id='word_1_684' title='bbox 594 2480 714 2508; x_wconf 72' lang='lat' dir='ltr'><strong>affertur.</strong></span> <span class='ocrx_word' id='word_1_685' title='bbox 740 2482 807 2509; x_wconf 82' lang='lat' dir='ltr'><strong>Acta</strong></span> <span class='ocrx_word' id='word_1_686' title='bbox 831 2489 894 2509; x_wconf 87' lang='lat' dir='ltr'><strong>vero</strong></span> <span class='ocrx_word' id='word_1_687' title='bbox 917 2482 1023 2509; x_wconf 90' lang='lat' dir='ltr'><strong>concilii</strong></span> 
     </span>
    </p>
   </div>
   <div class='ocr_carea' id='block_1_98' title="bbox 239 2524 1024 2563">
    <p class='ocr_par' dir='ltr' id='par_1_98' title="bbox 239 2524 1024 2563">
     <span class='ocr_line' id='line_1_98' title="bbox 239 2524 1024 2563; baseline 0.006 -13"><span class='ocrx_word' id='word_1_688' title='bbox 239 2531 286 2550; x_wconf 88' lang='lat' dir='ltr'><strong>cur</strong></span> <span class='ocrx_word' id='word_1_689' title='bbox 301 2524 334 2551; x_wconf 91' lang='lat' dir='ltr'><strong>de</strong></span> <span class='ocrx_word' id='word_1_690' title='bbox 349 2524 464 2559; x_wconf 77' lang='lat' dir='ltr'><strong>Origene</strong></span> <span class='ocrx_word' id='word_1_691' title='bbox 481 2525 589 2559; x_wconf 88' lang='lat' dir='ltr'><strong>sileant,</strong></span> <span class='ocrx_word' id='word_1_692' title='bbox 608 2528 674 2554; x_wconf 91' lang='lat' dir='ltr'><strong>mihi</strong></span> <span class='ocrx_word' id='word_1_693' title='bbox 691 2528 746 2554; x_wconf 90' lang='lat' dir='ltr'><strong>veri</strong></span> <span class='ocrx_word' id='word_1_694' title='bbox 763 2528 868 2555; x_wconf 82' lang='lat' dir='ltr'><strong>videtur</strong></span> <span class='ocrx_word' id='word_1_695' title='bbox 881 2528 1024 2563; x_wconf 87' lang='lat' dir='ltr'><strong>persimilis</strong></span> 
     </span>
    </p>
   </div>
   <div class='ocr_carea' id='block_1_99' title="bbox 239 2567 1020 2602">
    <p class='ocr_par' dir='ltr' id='par_1_99' title="bbox 239 2567 1020 2602">
     <span class='ocr_line' id='line_1_99' title="bbox 239 2567 1020 2602; baseline 0.009 -9"><span class='ocrx_word' id='word_1_696' title='bbox 239 2575 251 2593; x_wconf 87' lang='lat' dir='ltr'><strong>a</strong></span> <span class='ocrx_word' id='word_1_697' title='bbox 264 2567 381 2595; x_wconf 85' lang='lat' dir='ltr'><strong>Baronio</strong></span> <span class='ocrx_word' id='word_1_698' title='bbox 392 2568 474 2596; x_wconf 90' lang='lat' dir='ltr'><strong>allata</strong></span> <span class='ocrx_word' id='word_1_699' title='bbox 489 2570 565 2602; x_wconf 89' lang='lat' dir='ltr'><strong>ratio,</strong></span> <span class='ocrx_word' id='word_1_700' title='bbox 580 2571 700 2598; x_wconf 89' lang='lat' dir='ltr'><strong>mutilata</strong></span> <span class='ocrx_word' id='word_1_701' title='bbox 714 2579 744 2599; x_wconf 86' lang='lat' dir='ltr'><strong>ea</strong></span> <span class='ocrx_word' id='word_1_702' title='bbox 755 2576 781 2599; x_wconf 92' lang='lat' dir='ltr'><strong>et</strong></span> <span class='ocrx_word' id='word_1_703' title='bbox 793 2577 916 2599; x_wconf 88' lang='lat' dir='ltr'><strong>truncata</strong></span> <span class='ocrx_word' id='word_1_704' title='bbox 929 2572 1020 2600; x_wconf 77' lang='lat' dir='ltr'><strong>misse.</strong></span> 
     </span>
    </p>
   </div>
   <div class='ocr_carea' id='block_1_100' title="bbox 239 2613 1023 2654">
    <p class='ocr_par' dir='ltr' id='par_1_100' title="bbox 239 2613 1023 2654">
     <span class='ocr_line' id='line_1_100' title="bbox 239 2613 1023 2654; baseline 0.009 -14"><span class='ocrx_word' id='word_1_705' title='bbox 239 2613 311 2641; x_wconf 80' lang='lat' dir='ltr'><strong>Facti</strong></span> <span class='ocrx_word' id='word_1_706' title='bbox 325 2620 450 2643; x_wconf 90' lang='lat' dir='ltr'><strong>auctores</strong></span> <span class='ocrx_word' id='word_1_707' title='bbox 465 2617 616 2651; x_wconf 85' lang='lat' dir='ltr'><strong>suspicatur</strong></span> <span class='ocrx_word' id='word_1_708' title='bbox 626 2617 671 2645; x_wconf 88' lang='lat' dir='ltr'><strong>ille</strong></span> <span class='ocrx_word' id='word_1_709' title='bbox 681 2618 910 2654; x_wconf 80' lang='lat' dir='ltr'><strong>Origenistas,qui</strong></span> <span class='ocrx_word' id='word_1_710' title='bbox 920 2620 1023 2654; x_wconf 87' lang='lat' dir='ltr'><strong>synodo</strong></span> 
     </span>
    </p>
   </div>
   <div class='ocr_carea' id='block_1_101' title="bbox 238 2660 1022 2700">
    <p class='ocr_par' dir='ltr' id='par_1_101' title="bbox 238 2660 1022 2700">
     <span class='ocr_line' id='line_1_101' title="bbox 238 2660 1022 2700; baseline 0.01 -15"><span class='ocrx_word' id='word_1_711' title='bbox 238 2660 412 2694; x_wconf 63' lang='lat' dir='ltr'><strong>prJIl‘uerunt,</strong></span> <span class='ocrx_word' id='word_1_712' title='bbox 438 2660 598 2699; x_wconf 81' lang='lat' dir='ltr'><strong>Eutychium</strong></span> <span class='ocrx_word' id='word_1_713' title='bbox 625 2663 951 2699; x_wconf 88' lang='lat' dir='ltr'><strong>Constantinopolitanum</strong></span> <span class='ocrx_word' id='word_1_714' title='bbox 975 2673 1022 2700; x_wconf 90' lang='lat' dir='ltr'><strong>pa-</strong></span> 
     </span>
    </p>
   </div>
   <div class='ocr_carea' id='block_1_102' title="bbox 238 2705 1022 2742">
    <p class='ocr_par' dir='ltr' id='par_1_102' title="bbox 238 2705 1022 2742">
     <span class='ocr_line' id='line_1_102' title="bbox 238 2705 1022 2742; baseline 0.009 -12"><span class='ocrx_word' id='word_1_715' title='bbox 238 2705 394 2742; x_wconf 35' lang='lat' dir='ltr'><strong>triarc‘ham,</strong></span> <span class='ocrx_word' id='word_1_716' title='bbox 412 2707 457 2742; x_wconf 88' lang='lat' dir='ltr'><strong>qui</strong></span> <span class='ocrx_word' id='word_1_717' title='bbox 468 2715 529 2734; x_wconf 88' lang='lat' dir='ltr'><strong>cum</strong></span> <span class='ocrx_word' id='word_1_718' title='bbox 549 2707 640 2735; x_wconf 89' lang='lat' dir='ltr'><strong>carnis</strong></span> <span class='ocrx_word' id='word_1_719' title='bbox 656 2709 879 2737; x_wconf 85' lang='lat' dir='ltr'><strong>resurrectionem</strong></span> <span class='ocrx_word' id='word_1_720' title='bbox 896 2713 958 2736; x_wconf 90' lang='lat' dir='ltr'><strong>tunc</strong></span> <span class='ocrx_word' id='word_1_721' title='bbox 970 2717 1022 2737; x_wconf 90' lang='lat' dir='ltr'><strong>non</strong></span> 
     </span>
    </p>
   </div>
   <div class='ocr_carea' id='block_1_103' title="bbox 238 2750 1023 2790">
    <p class='ocr_par' dir='ltr' id='par_1_103' title="bbox 238 2750 1023 2790">
     <span class='ocr_line' id='line_1_103' title="bbox 238 2750 1023 2790; baseline 0.01 -16"><span class='ocrx_word' id='word_1_722' title='bbox 238 2750 390 2778; x_wconf 84' lang='lat' dir='ltr'><strong>admitteret</strong></span> <span class='ocrx_word' id='word_1_723' title='bbox 417 2752 507 2788; x_wconf 86' lang='lat' dir='ltr'><strong>(quem</strong></span> <span class='ocrx_word' id='word_1_724' title='bbox 529 2757 618 2780; x_wconf 87' lang='lat' dir='ltr'><strong>tamen</strong></span> <span class='ocrx_word' id='word_1_725' title='bbox 643 2762 763 2781; x_wconf 88' lang='lat' dir='ltr'><strong>errorem</strong></span> <span class='ocrx_word' id='word_1_726' title='bbox 787 2760 878 2788; x_wconf 87' lang='lat' dir='ltr'><strong>postea</strong></span> <span class='ocrx_word' id='word_1_727' title='bbox 900 2754 1023 2790; x_wconf 78' lang='lat' dir='ltr'><strong>Gregorii</strong></span> 
     </span>
    </p>
   </div>
   <div class='ocr_carea' id='block_1_104' title="bbox 239 2797 1022 2834">
    <p class='ocr_par' dir='ltr' id='par_1_104' title="bbox 239 2797 1022 2834">
     <span class='ocr_line' id='line_1_104' title="bbox 239 2797 1022 2834; baseline 0.008 -14"><span class='ocrx_word' id='word_1_728' title='bbox 239 2802 322 2828; x_wconf 81' lang='lat' dir='ltr'><strong>papae,</strong></span> <span class='ocrx_word' id='word_1_729' title='bbox 346 2797 398 2823; x_wconf 83' lang='lat' dir='ltr'><strong>hoc</strong></span> <span class='ocrx_word' id='word_1_730' title='bbox 414 2802 531 2832; x_wconf 84' lang='lat' dir='ltr'><strong>tempore</strong></span> <span class='ocrx_word' id='word_1_731' title='bbox 553 2799 583 2826; x_wconf 82' lang='lat' dir='ltr'><strong>S.</strong></span> <span class='ocrx_word' id='word_1_732' title='bbox 599 2799 632 2826; x_wconf 76' lang='grc' dir='ltr'><strong>Β.</strong></span> <span class='ocrx_word' id='word_1_733' title='bbox 647 2800 677 2826; x_wconf 85' lang='grc' dir='ltr'><strong>Ε.</strong></span> <span class='ocrx_word' id='word_1_734' title='bbox 698 2801 804 2827; x_wconf 89' lang='lat' dir='ltr'><strong>diaconi</strong></span> <span class='ocrx_word' id='word_1_735' title='bbox 816 2805 842 2828; x_wconf 90' lang='lat' dir='ltr'><strong>et</strong></span> <span class='ocrx_word' id='word_1_736' title='bbox 855 2800 1022 2834; x_wconf 74' lang='lat' dir='ltr'><strong>apocrisiarii</strong></span> 
     </span>
    </p>
   </div>
   <div class='ocr_carea' id='block_1_105' title="bbox 239 2840 1021 2880">
    <p class='ocr_par' dir='ltr' id='par_1_105' title="bbox 239 2840 1021 2880">
     <span class='ocr_line' id='line_1_105' title="bbox 239 2840 1021 2880; baseline 0.01 -16"><span class='ocrx_word' id='word_1_737' title='bbox 239 2847 319 2865; x_wconf 79' lang='lat' dir='ltr'><strong>suasu</strong></span> <span class='ocrx_word' id='word_1_738' title='bbox 343 2840 480 2876; x_wconf 83' lang='lat' dir='ltr'><strong>ejuravit).</strong></span> <span class='ocrx_word' id='word_1_739' title='bbox 498 2844 594 2871; x_wconf 87' lang='lat' dir='ltr'><strong>merito</strong></span> <span class='ocrx_word' id='word_1_740' title='bbox 619 2845 644 2871; x_wconf 91' lang='lat' dir='ltr'><strong>in</strong></span> <span class='ocrx_word' id='word_1_741' title='bbox 664 2845 824 2880; x_wconf 78' lang='lat' dir='ltr'><strong>Origenismi</strong></span> <span class='ocrx_word' id='word_1_742' title='bbox 841 2845 1021 2880; x_wconf 89' lang='lat' dir='ltr'><strong>suspicionem</strong></span> 
     </span>
    </p>
   </div>
   <div class='ocr_carea' id='block_1_106' title="bbox 240 2885 1021 2925">
    <p class='ocr_par' dir='ltr' id='par_1_106' title="bbox 240 2885 1021 2925">
     <span class='ocr_line' id='line_1_106' title="bbox 240 2885 1021 2925; baseline 0.009 -13"><span class='ocrx_word' id='word_1_743' title='bbox 240 2885 312 2913; x_wconf 86' lang='lat' dir='ltr'><strong>venit</strong></span> <span class='ocrx_word' id='word_1_744' title='bbox 325 2894 332 2913; x_wconf 87' lang='lat'><strong>:</strong></span> <span class='ocrx_word' id='word_1_745' title='bbox 345 2885 516 2918; x_wconf 82' lang='lat' dir='ltr'><strong>Theodorum</strong></span> <span class='ocrx_word' id='word_1_746' title='bbox 532 2897 637 2925; x_wconf 87' lang='lat' dir='ltr'><strong>quoque</strong></span> <span class='ocrx_word' id='word_1_747' title='bbox 650 2890 845 2920; x_wconf 70' lang='lat' dir='ltr'><strong>Caesariensem</strong></span> <span class='ocrx_word' id='word_1_748' title='bbox 862 2891 944 2919; x_wconf 82' lang='lat' dir='ltr'><strong>totius</strong></span> <span class='ocrx_word' id='word_1_749' title='bbox 956 2898 1021 2919; x_wconf 80' lang='lat' dir='ltr'><strong>con—</strong></span> 
     </span>
    </p>
   </div>
   <div class='ocr_carea' id='block_1_107' title="bbox 1077 2292 1864 2328">
    <p class='ocr_par' dir='ltr' id='par_1_107' title="bbox 1077 2292 1864 2328">
     <span class='ocr_line' id='line_1_107' title="bbox 1077 2292 1864 2328; baseline -0.005 -4"><span class='ocrx_word' id='word_1_750' title='bbox 1077 2305 1118 2324; x_wconf 74' lang='lat' dir='ltr'><strong>me</strong></span> <span class='ocrx_word' id='word_1_751' title='bbox 1140 2295 1284 2323; x_wconf 88' lang='lat' dir='ltr'><strong>monachos</strong></span> <span class='ocrx_word' id='word_1_752' title='bbox 1308 2294 1406 2322; x_wconf 88' lang='lat' dir='ltr'><strong>virtute</strong></span> <span class='ocrx_word' id='word_1_753' title='bbox 1430 2294 1547 2327; x_wconf 88' lang='lat' dir='ltr'><strong>nobiles;</strong></span> <span class='ocrx_word' id='word_1_754' title='bbox 1571 2301 1673 2328; x_wconf 87' lang='lat' dir='ltr'><strong>eosque</strong></span> <span class='ocrx_word' id='word_1_755' title='bbox 1685 2292 1770 2320; x_wconf 90' lang='lat' dir='ltr'><strong>simul</strong></span> <span class='ocrx_word' id='word_1_756' title='bbox 1786 2298 1864 2327; x_wconf 87' lang='lat' dir='ltr'><strong>atque</strong></span> 
     </span>
    </p>
   </div>
   <div class='ocr_carea' id='block_1_108' title="bbox 1076 2337 1864 2373">
    <p class='ocr_par' dir='ltr' id='par_1_108' title="bbox 1076 2337 1864 2373">
     <span class='ocr_line' id='line_1_108' title="bbox 1076 2337 1864 2373; baseline -0.008 -4"><span class='ocrx_word' id='word_1_757' title='bbox 1076 2341 1141 2369; x_wconf 89' lang='lat' dir='ltr'><strong>illuc</strong></span> <span class='ocrx_word' id='word_1_758' title='bbox 1157 2340 1238 2368; x_wconf 91' lang='lat' dir='ltr'><strong>delati</strong></span> <span class='ocrx_word' id='word_1_759' title='bbox 1248 2344 1322 2372; x_wconf 87' lang='lat' dir='ltr'><strong>sunt,</strong></span> <span class='ocrx_word' id='word_1_760' title='bbox 1340 2339 1374 2367; x_wconf 86' lang='lat' dir='ltr'><strong>ad</strong></span> <span class='ocrx_word' id='word_1_761' title='bbox 1399 2338 1580 2367; x_wconf 86' lang='lat' dir='ltr'><strong>ventilandam</strong></span> <span class='ocrx_word' id='word_1_762' title='bbox 1596 2337 1734 2373; x_wconf 76' lang='lat' dir='ltr'><strong>Origenis,</strong></span> <span class='ocrx_word' id='word_1_763' title='bbox 1756 2337 1864 2372; x_wconf 85' lang='lat' dir='ltr'><strong>Evagrii</strong></span> 
     </span>
    </p>
   </div>
   <div class='ocr_carea' id='block_1_109' title="bbox 1072 2383 1863 2420">
    <p class='ocr_par' dir='ltr' id='par_1_109' title="bbox 1072 2383 1863 2420">
     <span class='ocr_line' id='line_1_109' title="bbox 1072 2383 1863 2420; baseline -0.004 -7"><span class='ocrx_word' id='word_1_764' title='bbox 1072 2391 1100 2413; x_wconf 92' lang='lat' dir='ltr'><strong>et</strong></span> <span class='ocrx_word' id='word_1_765' title='bbox 1126 2385 1229 2420; x_wconf 87' lang='lat' dir='ltr'><strong>Didymi</strong></span> <span class='ocrx_word' id='word_1_766' title='bbox 1248 2391 1357 2412; x_wconf 87' lang='lat' dir='ltr'><strong>causam</strong></span> <span class='ocrx_word' id='word_1_767' title='bbox 1380 2384 1526 2411; x_wconf 86' lang='lat' dir='ltr'><strong>accessisse</strong></span> <span class='ocrx_word' id='word_1_768' title='bbox 1547 2395 1553 2412; x_wconf 90' lang='lat'>:</span> <span class='ocrx_word' id='word_1_769' title='bbox 1580 2383 1810 2415; x_wconf 73' lang='lat' dir='ltr'><strong>Ascidacontra,</strong></span> <span class='ocrx_word' id='word_1_770' title='bbox 1838 2388 1863 2410; x_wconf 92' lang='lat' dir='ltr'><strong>ut</strong></span> 
     </span>
    </p>
   </div>
   <div class='ocr_carea' id='block_1_110' title="bbox 1073 2429 1863 2465">
    <p class='ocr_par' dir='ltr' id='par_1_110' title="bbox 1073 2429 1863 2465">
     <span class='ocr_line' id='line_1_110' title="bbox 1073 2429 1863 2465; baseline -0.005 -6"><span class='ocrx_word' id='word_1_771' title='bbox 1073 2432 1106 2459; x_wconf 84' lang='lat' dir='ltr'><strong>de</strong></span> <span class='ocrx_word' id='word_1_772' title='bbox 1123 2431 1264 2458; x_wconf 86' lang='lat' dir='ltr'><strong>Theodoro</strong></span> <span class='ocrx_word' id='word_1_773' title='bbox 1279 2430 1479 2465; x_wconf 89' lang='lat' dir='ltr'><strong>Mopsuesteno,</strong></span> <span class='ocrx_word' id='word_1_774' title='bbox 1499 2429 1543 2457; x_wconf 88' lang='lat' dir='ltr'><strong>lba</strong></span> <span class='ocrx_word' id='word_1_775' title='bbox 1570 2434 1595 2457; x_wconf 90' lang='lat' dir='ltr'><strong>et</strong></span> <span class='ocrx_word' id='word_1_776' title='bbox 1609 2429 1786 2456; x_wconf 87' lang='lat' dir='ltr'><strong>Theodoreto</strong></span> <span class='ocrx_word' id='word_1_777' title='bbox 1799 2437 1863 2464; x_wconf 78' lang='lat' dir='ltr'><strong>age-</strong></span> 
     </span>
    </p>
   </div>
   <div class='ocr_carea' id='block_1_111' title="bbox 1073 2475 1862 2509">
    <p class='ocr_par' dir='ltr' id='par_1_111' title="bbox 1073 2475 1862 2509">
     <span class='ocr_line' id='line_1_111' title="bbox 1073 2475 1862 2509; baseline -0.004 -6"><span class='ocrx_word' id='word_1_778' title='bbox 1073 2481 1148 2504; x_wconf 88' lang='lat' dir='ltr'><strong>retur</strong></span> <span class='ocrx_word' id='word_1_779' title='bbox 1162 2475 1320 2503; x_wconf 80' lang='lat' dir='ltr'><strong>laborante:</strong></span> <span class='ocrx_word' id='word_1_780' title='bbox 1346 2480 1409 2502; x_wconf 88' lang='lat' dir='ltr'><strong>ante</strong></span> <span class='ocrx_word' id='word_1_781' title='bbox 1421 2475 1510 2502; x_wconf 91' lang='lat' dir='ltr'><strong>omnia</strong></span> <span class='ocrx_word' id='word_1_782' title='bbox 1526 2475 1668 2509; x_wconf 69' lang='lat' dir='ltr'><strong>quaesitum</strong></span> <span class='ocrx_word' id='word_1_783' title='bbox 1684 2481 1758 2507; x_wconf 91' lang='lat' dir='ltr'><strong>esse,</strong></span> <span class='ocrx_word' id='word_1_784' title='bbox 1772 2480 1862 2501; x_wconf 90' lang='lat' dir='ltr'><strong>utrum</strong></span> 
     </span>
    </p>
   </div>
   <div class='ocr_carea' id='block_1_112' title="bbox 1073 2520 1861 2554">
    <p class='ocr_par' dir='ltr' id='par_1_112' title="bbox 1073 2520 1861 2554">
     <span class='ocr_line' id='line_1_112' title="bbox 1073 2520 1861 2554; baseline -0.004 -5"><span class='ocrx_word' id='word_1_785' title='bbox 1073 2522 1197 2549; x_wconf 89' lang='lat' dir='ltr'><strong>homines</strong></span> <span class='ocrx_word' id='word_1_786' title='bbox 1218 2522 1274 2548; x_wconf 86' lang='lat' dir='ltr'><strong>vita</strong></span> <span class='ocrx_word' id='word_1_787' title='bbox 1296 2521 1381 2548; x_wconf 88' lang='lat' dir='ltr'><strong>functi</strong></span> <span class='ocrx_word' id='word_1_788' title='bbox 1407 2521 1590 2548; x_wconf 90' lang='lat' dir='ltr'><strong>anathematis</strong></span> <span class='ocrx_word' id='word_1_789' title='bbox 1609 2520 1707 2554; x_wconf 88' lang='lat' dir='ltr'><strong>subjici</strong></span> <span class='ocrx_word' id='word_1_790' title='bbox 1733 2521 1861 2554; x_wconf 87' lang='lat' dir='ltr'><strong>possint;</strong></span> 
     </span>
    </p>
   </div>
   <div class='ocr_carea' id='block_1_113' title="bbox 1075 2568 1861 2604">
    <p class='ocr_par' dir='ltr' id='par_1_113' title="bbox 1075 2568 1861 2604">
     <span class='ocr_line' id='line_1_113' title="bbox 1075 2568 1861 2604; baseline -0.004 -8"><span class='ocrx_word' id='word_1_791' title='bbox 1075 2569 1246 2604; x_wconf 86' lang='lat' dir='ltr'><strong>Eutychium,</strong></span> <span class='ocrx_word' id='word_1_792' title='bbox 1267 2569 1312 2603; x_wconf 91' lang='lat' dir='ltr'><strong>qui</strong></span> <span class='ocrx_word' id='word_1_793' title='bbox 1328 2568 1464 2595; x_wconf 82' lang='lat' dir='ltr'><strong>Amaseno</strong></span> <span class='ocrx_word' id='word_1_794' title='bbox 1478 2568 1603 2602; x_wconf 87' lang='lat' dir='ltr'><strong>episcopo</strong></span> <span class='ocrx_word' id='word_1_795' title='bbox 1625 2572 1689 2595; x_wconf 91' lang='lat' dir='ltr'><strong>tunc</strong></span> <span class='ocrx_word' id='word_1_796' title='bbox 1710 2571 1772 2594; x_wconf 90' lang='lat' dir='ltr'><strong>erat</strong></span> <span class='ocrx_word' id='word_1_797' title='bbox 1788 2575 1803 2593; x_wconf 74' lang='grc' dir='ltr'><strong>ει</strong></span> <span class='ocrx_word' id='word_1_798' title='bbox 1822 2575 1861 2593; x_wconf 61' lang='grc' dir='ltr'><strong>τρε</strong></span> 
     </span>
    </p>
   </div>
   <div class='ocr_carea' id='block_1_114' title="bbox 1074 2609 1859 2649">
    <p class='ocr_par' dir='ltr' id='par_1_114' title="bbox 1074 2609 1859 2649">
     <span class='ocr_line' id='line_1_114' title="bbox 1074 2609 1859 2649; baseline -0.004 -7"><span class='ocrx_word' id='word_1_799' title='bbox 1074 2609 1190 2649; x_wconf 86' lang='lat' dir='ltr'><strong>sponsis,</strong></span> <span class='ocrx_word' id='word_1_800' title='bbox 1213 2615 1389 2649; x_wconf 68' lang='lat' dir='ltr'><strong>quaestionem</strong></span> <span class='ocrx_word' id='word_1_801' title='bbox 1408 2613 1520 2642; x_wconf 88' lang='lat' dir='ltr'><strong>solvisse</strong></span> <span class='ocrx_word' id='word_1_802' title='bbox 1532 2613 1657 2648; x_wconf 84' lang='lat' dir='ltr'><strong>exetttplo</strong></span> <span class='ocrx_word' id='word_1_803' title='bbox 1668 2612 1753 2640; x_wconf 66' lang='lat' dir='ltr'><strong>Josiaa</strong></span> <span class='ocrx_word' id='word_1_804' title='bbox 1780 2613 1859 2647; x_wconf 77' lang='lat' dir='ltr'><strong>regis,</strong></span> 
     </span>
    </p>
   </div>
   <div class='ocr_carea' id='block_1_115' title="bbox 1073 2658 1858 2694">
    <p class='ocr_par' dir='ltr' id='par_1_115' title="bbox 1073 2658 1858 2694">
     <span class='ocr_line' id='line_1_115' title="bbox 1073 2658 1858 2694; baseline -0.004 -7"><span class='ocrx_word' id='word_1_805' title='bbox 1073 2668 1088 2687; x_wconf 93' lang='lat' dir='ltr'><strong>a</strong></span> <span class='ocrx_word' id='word_1_806' title='bbox 1106 2668 1160 2694; x_wconf 90' lang='lat' dir='ltr'><strong>quo</strong></span> <span class='ocrx_word' id='word_1_807' title='bbox 1188 2668 1242 2688; x_wconf 91' lang='lat' dir='ltr'><strong>non</strong></span> <span class='ocrx_word' id='word_1_808' title='bbox 1268 2661 1418 2688; x_wconf 68' lang='lat' dir='ltr'><strong>daemonum</strong></span> <span class='ocrx_word' id='word_1_809' title='bbox 1440 2659 1525 2687; x_wconf 90' lang='lat' dir='ltr'><strong>solum</strong></span> <span class='ocrx_word' id='word_1_810' title='bbox 1554 2658 1712 2686; x_wconf 85' lang='lat' dir='ltr'><strong>sacerdotes</strong></span> <span class='ocrx_word' id='word_1_811' title='bbox 1741 2659 1770 2685; x_wconf 84' lang='lat' dir='ltr'><strong>in</strong></span> <span class='ocrx_word' id='word_1_812' title='bbox 1796 2659 1858 2684; x_wconf 77' lang='lat' dir='ltr'><strong>vivis</strong></span> 
     </span>
    </p>
   </div>
   <div class='ocr_carea' id='block_1_116' title="bbox 1074 2702 1858 2741">
    <p class='ocr_par' dir='ltr' id='par_1_116' title="bbox 1074 2702 1858 2741">
     <span class='ocr_line' id='line_1_116' title="bbox 1074 2702 1858 2741; baseline -0.004 -9"><span class='ocrx_word' id='word_1_813' title='bbox 1074 2710 1195 2741; x_wconf 78' lang='lat' dir='ltr'><strong>agentes,</strong></span> <span class='ocrx_word' id='word_1_814' title='bbox 1209 2705 1354 2737; x_wconf 89' lang='lat' dir='ltr'><strong>interfecti,</strong></span> <span class='ocrx_word' id='word_1_815' title='bbox 1376 2704 1424 2732; x_wconf 86' lang='lat' dir='ltr'><strong>sed</strong></span> <span class='ocrx_word' id='word_1_816' title='bbox 1439 2709 1605 2731; x_wconf 90' lang='lat' dir='ltr'><strong>utortuorum</strong></span> <span class='ocrx_word' id='word_1_817' title='bbox 1620 2702 1705 2730; x_wconf 90' lang='lat' dir='ltr'><strong>etiam</strong></span> <span class='ocrx_word' id='word_1_818' title='bbox 1724 2702 1807 2730; x_wconf 87' lang='lat' dir='ltr'><strong>loculi</strong></span> <span class='ocrx_word' id='word_1_819' title='bbox 1817 2709 1858 2729; x_wconf 83' lang='lat' dir='ltr'><strong>re-</strong></span> 
     </span>
    </p>
   </div>
   <div class='ocr_carea' id='block_1_117' title="bbox 1075 2747 1857 2782">
    <p class='ocr_par' dir='ltr' id='par_1_117' title="bbox 1075 2747 1857 2782">
     <span class='ocr_line' id='line_1_117' title="bbox 1075 2747 1857 2782; baseline -0.006 -4"><span class='ocrx_word' id='word_1_820' title='bbox 1075 2751 1137 2779; x_wconf 88' lang='lat' dir='ltr'><strong>fossi</strong></span> <span class='ocrx_word' id='word_1_821' title='bbox 1154 2756 1231 2778; x_wconf 86' lang='lat' dir='ltr'><strong>sunt:</strong></span> <span class='ocrx_word' id='word_1_822' title='bbox 1247 2751 1298 2778; x_wconf 90' lang='lat' dir='ltr'><strong>hoc</strong></span> <span class='ocrx_word' id='word_1_823' title='bbox 1308 2751 1407 2778; x_wconf 90' lang='lat' dir='ltr'><strong>dictum</strong></span> <span class='ocrx_word' id='word_1_824' title='bbox 1422 2754 1497 2778; x_wconf 89' lang='lat' dir='ltr'><strong>tanto</strong></span> <span class='ocrx_word' id='word_1_825' title='bbox 1509 2749 1640 2782; x_wconf 86' lang='lat' dir='ltr'><strong>omnium,</strong></span> <span class='ocrx_word' id='word_1_826' title='bbox 1652 2749 1701 2776; x_wconf 88' lang='lat' dir='ltr'><strong>sed</strong></span> <span class='ocrx_word' id='word_1_827' title='bbox 1712 2747 1857 2776; x_wconf 87' lang='lat' dir='ltr'><strong>Justiniani</strong></span> 
     </span>
    </p>
   </div>
   <div class='ocr_carea' id='block_1_118' title="bbox 1072 2794 1855 2832">
    <p class='ocr_par' dir='ltr' id='par_1_118' title="bbox 1072 2794 1855 2832">
     <span class='ocr_line' id='line_1_118' title="bbox 1072 2794 1855 2832; baseline -0.005 -8"><span class='ocrx_word' id='word_1_828' title='bbox 1072 2797 1220 2832; x_wconf 59' lang='lat' dir='ltr'><strong>prasertim</strong></span> <span class='ocrx_word' id='word_1_829' title='bbox 1236 2797 1363 2832; x_wconf 85' lang='lat' dir='ltr'><strong>applausu</strong></span> <span class='ocrx_word' id='word_1_830' title='bbox 1384 2796 1467 2825; x_wconf 84' lang='lat' dir='ltr'><strong>fuisse</strong></span> <span class='ocrx_word' id='word_1_831' title='bbox 1479 2800 1629 2830; x_wconf 83' lang='lat' dir='ltr'><strong>exceptum,</strong></span> <span class='ocrx_word' id='word_1_832' title='bbox 1646 2799 1675 2821; x_wconf 92' lang='lat' dir='ltr'><strong>ut</strong></span> <span class='ocrx_word' id='word_1_833' title='bbox 1687 2802 1752 2822; x_wconf 89' lang='lat' dir='ltr'><strong>eum</strong></span> <span class='ocrx_word' id='word_1_834' title='bbox 1765 2794 1855 2821; x_wconf 81' lang='lat' dir='ltr'><strong>deinde</strong></span> 
     </span>
    </p>
   </div>
   <div class='ocr_carea' id='block_1_119' title="bbox 1075 2840 1854 2879">
    <p class='ocr_par' dir='ltr' id='par_1_119' title="bbox 1075 2840 1854 2879">
     <span class='ocr_line' id='line_1_119' title="bbox 1075 2840 1854 2879; baseline -0.009 -7"><span class='ocrx_word' id='word_1_835' title='bbox 1075 2845 1106 2872; x_wconf 85' lang='lat' dir='ltr'><strong>ad</strong></span> <span class='ocrx_word' id='word_1_836' title='bbox 1115 2843 1437 2879; x_wconf 81' lang='lat' dir='ltr'><strong>Constantinopolitanum</strong></span> <span class='ocrx_word' id='word_1_837' title='bbox 1451 2843 1539 2871; x_wconf 87' lang='lat' dir='ltr'><strong>sedem</strong></span> <span class='ocrx_word' id='word_1_838' title='bbox 1553 2842 1702 2876; x_wconf 81' lang='lat' dir='ltr'><strong>imperator</strong></span> <span class='ocrx_word' id='word_1_839' title='bbox 1712 2840 1854 2868; x_wconf 77' lang='lat' dir='ltr'><strong>extulerit:</strong></span> 
     </span>
    </p>
   </div>
   <div class='ocr_carea' id='block_1_120' title="bbox 1073 2884 1855 2924">
    <p class='ocr_par' dir='ltr' id='par_1_120' title="bbox 1073 2884 1855 2924">
     <span class='ocr_line' id='line_1_120' title="bbox 1073 2884 1855 2924; baseline -0.009 -4"><span class='ocrx_word' id='word_1_840' title='bbox 1073 2892 1107 2920; x_wconf 88' lang='lat' dir='ltr'><strong>de</strong></span> <span class='ocrx_word' id='word_1_841' title='bbox 1122 2891 1264 2919; x_wconf 88' lang='lat' dir='ltr'><strong>Theodoro</strong></span> <span class='ocrx_word' id='word_1_842' title='bbox 1280 2889 1406 2924; x_wconf 87' lang='lat' dir='ltr'><strong>deinceps</strong></span> <span class='ocrx_word' id='word_1_843' title='bbox 1428 2889 1625 2924; x_wconf 78' lang='lat' dir='ltr'><strong>Mopsuesteno,</strong></span> <span class='ocrx_word' id='word_1_844' title='bbox 1640 2887 1731 2923; x_wconf 84' lang='lat' dir='ltr'><strong>deque</strong></span> <span class='ocrx_word' id='word_1_845' title='bbox 1751 2884 1855 2921; x_wconf 77' lang='lat' dir='ltr'><strong>scriptis</strong></span> 
     </span>
    </p>
   </div>
  </div>
