1927 3076
75 169 168 199 1175

515 170 798 200 οιιιςΕΝιΑΝοιιυΜ
816 169 879 198 LIB.
901 169 932 203 Il,
951 169 1025 198 CAP.
1046 169 1090 203 IV,
1108 169 1203 198 SECT.
1222 170 1254 198 li.

76 228 272 262 Theodoreti,
285 234 379 258 contra
397 229 536 257 duodecim
554 229 669 265 capitula
680 229 783 265 Cyrilii,
806 230 876 256 etde
890 231 912 260 Α
927 229 1051 257 hortatur
1074 234 1104 257 ut
1130 229 1223 257 deliria
1249 228 1392 264 ejusmodi,
1408 230 1469 263 juna
1492 238 1551 258 cum
1571 230 1698 268 Origene,

77 274 150 303 lbm
168 275 280 311 epistola
298 275 333 302 ad
358 274 444 304 Mariti
460 275 569 302 Persam
586 275 669 303 fuisse
692 276 872 310 disputatum;

77 322 194 355 quibus
208 321 343 349 damnatis
367 328 427 348 cum
453 320 581 349 adversus
610 320 731 356 Qrigeuis
751 321 877 356 dogmata,

79 366 237 402 ipsiusque
264 374 402 401 sequaces,
427 367 587 394 obtulissent
605 366 711 394 libellos
736 366 874 401 Eulogius,

77 411 202 444 Conon,
216 412 345 448 Cyriacus
363 416 391 439 et
401 411 556 441 Pancratius
570 412 704 444 monachi,
715 411 873 439 sententiam

79 459 192 494 synodi
203 465 313 493 rogasse
325 457 517 489 Justinianum,
531 457 641 492 prolatis
655 464 763 492 quoque
774 457 800 485 in
815 463 873 484 me-

78 503 171 530 dium
188 503 334 530 lucubratis
351 511 366 531 a
394 501 489 536 Vigiliu
507 502 540 529 de
565 502 599 530 iis
619 502 698 530 rebus
719 501 826 533 libellis,
846 501 873 529 in

79 548 193 582 quibus
209 546 349 582 Origenem
364 546 501 574 laborasse
522 546 690 579 ostendebat,
705 551 734 573 ut
749 545 873 581 apostoli-

80 599 136 619 ca:
155 592 285 619 doctrinm
308 591 490 619 sinceritatem
508 591 661 621 Graecorum
675 595 702 619 et
713 590 874 619 Manichaeo-

81 644 158 664 rum
171 637 273 665 deiiriis
286 641 459 672 aspergeret;
475 637 545 672 quod
559 637 586 664 in
603 644 634 664 eo
647 637 727 664 etiam
741 637 797 671 jam
812 642 874 664 ante

80 679 252 715 culpaverat
273 680 436 710 Justiniauus
461 681 488 708 in
504 680 618 715 Epistola
631 680 664 707 ad
682 679 798 714 Menam,
810 689 874 716 ope-

81 734 154 753 ram
173 734 234 753 eum
253 726 358 754 dedisse
379 726 481 759 dicens,
500 726 557 752 Ἵνα
573 726 626 752 τῶν
645 726 777 762 Ἐλλήνων
794 726 874 762 μυθο-

81 772 200 807 λογξας,
226 773 273 800 καὶ
297 773 345 808 τὴν
369 772 539 808 Μανιχαῖκὴν
568 772 649 799 αὑτοῦ
677 772 780 808 πλάνην
798 773 873 801 sica:

81 818 180 854 γάγῃ·
211 827 220 844 ι
253 818 286 846 Ut
314 818 419 846 fabulas
445 816 610 851 Graecorum,
628 822 654 845 et
678 818 874 846 Manichaicunt

81 872 172 891 suum
190 871 308 891 errorem
324 864 505 891 introduceret
518 871 524 888 :
545 873 554 889 ι
569 867 596 890 et
610 863 636 891 in
650 864 765 896 epistola
778 864 811 891 ad
826 871 873 900 sy-

925 277 1037 311 ejusque
1053 277 1223 311 sequacibus,
1250 277 1419 307 anathemate
1441 278 1575 306 obterant.
1596 279 1699 313 Quibus

925 323 1043 357 acceptis
1059 323 1165 355 litteris,
1184 322 1277 350 Patres
1291 323 1415 350 unanimi
1432 331 1566 352 consensu
1579 326 1699 360 paruisse

926 366 1033 401 subjicit
1042 368 1148 394 demum
1166 367 1310 395 Cedrenus.

961 411 1030 440 XVI.
1045 412 1085 440 Ita
1100 412 1244 448 proﬂigatis
1258 412 1468 448 Origenistarum
1484 416 1574 449 rebus,
1587 416 1700 451 quicun-

926 464 978 492 que
992 457 1116 486 factionis
1131 459 1208 493 hujus
1216 458 1309 486 alilnes
1323 464 1401 487 erant
1418 467 1434 487 e
1448 460 1525 488 Sabaa
1534 461 1629 490 Lauris
1637 466 1700 490 sunt

926 502 1017 537 ejecti,
1033 502 1060 529 in
1081 509 1183 538 easque
1205 510 1312 531 rursum
1333 505 1473 533 orthodoxi
1491 505 1585 534 Patres
1598 506 1700 542 migra-

925 552 997 575 runt.
1010 546 1079 576 Tum
1091 555 1156 575 vero
1173 547 1207 575 ab
1220 548 1365 577 haeresibus
1380 553 1408 577 et
1427 554 1575 585 temporum
1588 551 1705 580 ditiile

926 600 981 623 tate
1000 595 1140 623 Palaestina
1153 595 1304 630 respiravit,
1319 603 1380 623 cum
1399 596 1528 624 adversus
1541 598 1700 626 tecumenici

926 641 1032 669 concilii
1057 640 1246 668 auctoritatem
1269 640 1395 675 deinceps
1417 642 1515 669 mutire
1532 642 1574 669 vix
1589 643 1702 671 auderet

926 687 1078 721 quiSquam.
1095 685 1170 714 Unde
1188 685 1214 712 in
1229 690 1331 713 tantam
1347 686 1421 714 venit
1434 687 1514 715 totius
1525 687 1643 716 Orientis
1657 689 1700 716 iu-

926 731 1024 757 vidiam
1050 730 1173 765 Origenis
1190 738 1287 758 nomen
1309 739 1341 759 ac
1368 731 1502 765 doctrina,
1517 737 1548 761 ut
1570 733 1702 768 hodieque

925 776 1115 804 ecclesiasticis
1125 776 1228 810 legibus
1245 777 1313 810 apud
1330 776 1438 805 Graecos
1457 778 1570 805 vetitum
1587 786 1647 806 esse
1661 779 1701 806 fe-

927 827 997 854 rant,
1014 830 1047 850 ne
1057 823 1118 857 quis
1132 830 1211 857 opera
1223 824 1305 857 ipsius
1312 823 1462 857 describat;
1477 824 1523 859 qui
1539 832 1616 853 secus
1626 825 1701 858 faxit,

926 868 998 896 hunc
1006 873 1081 896 extra
1096 868 1220 896 Ecclesize
1236 870 1449 896 communionem
1461 877 1521 897 esse
1533 870 1631 904 juberi.
1647 870 1702 897 Ma-

80 910 194 939 nodum
205 910 237 935 de
259 909 417 944 Origenistis
437 909 549 944 loquens
563 919 571 937 ς
585 910 642 936 Ἰνα
659 909 697 946 μὴ
713 909 812 942 τέλεον,
835 910 877 936 in-
889 907 913 937 Β
926 921 1005 949 gnum
1022 919 1084 941 tunc
1100 919 1157 942 erat
1174 915 1199 942 in
1210 914 1331 942 Ecclesia
1343 914 1494 943 Cassiodori
1509 917 1702 950 nomen,cujns

79 956 162 989 quit,
172 955 215 981 διὰ
227 954 274 990 τῆς
292 954 448 990 Ἑλληνικῆς
461 955 507 982 καὶ
523 955 694 993 Μανιχαῐκῆς
705 955 811 990 ἀπάτης
826 955 874 982 αὺ-

80 1001 147 1029 τῶν
163 1001 275 1033 πολλοὺς
290 1001 466 1028 ἀπολέσωσιν.
484 1011 493 1028 ι
512 1001 546 1029 Ut
559 1010 611 1029 non
628 1002 732 1036 penitus
746 1009 792 1037 per
800 1001 874 1029 Crte.

80 1048 217 1077 canicam
244 1053 272 1076 et
298 1047 491 1077 Manichaicam
521 1055 597 1075 suam
618 1048 739 1076 fraudem
769 1047 870 1076 multos

80 1094 223 1130 perdant:
245 1103 255 1121 ι
276 1094 347 1122 unde
364 1093 509 1129 Origenem
521 1102 582 1122 cum
599 1093 745 1122 Manichzeo
758 1093 873 1129 conjun-

81 1140 129 1175 git
149 1139 290 1168 Facundus
305 1140 352 1168 lib.
379 1147 430 1174 xu,
451 1147 512 1175 cap.
535 1140 548 1168 l
565 1149 572 1167 ι
590 1149 599 1166 ι
615 1140 656 1167 Ad
672 1140 753 1171 hanc,
775 1140 872 1175 inquit,

80 1185 300 1213 obstinationem
323 1185 459 1220 pertinere
482 1185 607 1217 dicimus,
625 1185 679 1212 imo
693 1185 873 1220 principatum

81 1230 115 1257 in
129 1237 162 1257 ea
176 1234 267 1258 tenere
291 1230 431 1257 ﬁrmamus.
445 1229 503 1257 illas
528 1229 609 1257 etiam
630 1229 777 1263 doctrinas,
807 1237 873 1265 quas

82 1276 202 1310 quidam
218 1283 271 1304 non
283 1276 360 1311 quasi
375 1275 464 1303 minus
477 1275 650 1310 intelligendo
666 1274 823 1310 Scripturas
835 1275 873 1302 di-

80 1323 181 1355 vinas,
195 1323 241 1351 sed
256 1323 295 1351 eis
310 1327 403 1357 aperte
422 1321 580 1354 resistendo,
596 1321 652 1349 sola
664 1323 873 1357 praesumptione

84 1368 206 1403 spiritus
222 1368 408 1402 condiderunt,
424 1367 494 1395 sicut
508 1366 672 1396 Manichacus
686 1372 766 1402 atque
777 1366 872 1403 Orige-

84 1421 152 1442 nes.
174 1423 184 1440 ι
201 1413 282 1441 Addit
305 1414 434 1449 Evagrius
453 1418 514 1448 post
541 1414 695 1441 damnatum
717 1414 810 1449 synodi
826 1422 873 1441 vo-

83 1459 298 1489 ciferationibus
320 1459 475 1496 Origenem,
493 1459 629 1495 ipsiusque
646 1460 797 1495 partiarios.
820 1460 873 1495 pla-

84 1506 182 1534 cuisse
195 1511 224 1534 ut
235 1507 268 1534 de
279 1513 311 1534 eo
323 1507 356 1533 ad
367 1506 548 1534 Justinianum
565 1506 727 1534 referretur:
749 1511 804 1534 tum
817 1514 873 1535 ver-

83 1551 126 1581 ba
142 1553 199 1587 ipsa
219 1556 402 1587 reprznsentat,
423 1552 450 1580 in
473 1552 571 1588 quibus
592 1552 724 1588 Origenes
744 1559 870 1589 tanquam

83 1599 343 1626 furanathematum
357 1598 462 1634 laqueis
478 1599 647 1633 constrictus,
659 1603 686 1627 et
702 1604 779 1627 extra
794 1607 873 1627 sacra

83 1643 191 1671 moenia
208 1643 327 1678 deiectus
340 1651 400 1672 esse
410 1644 526 1677 dicitur;
544 1649 625 1679 atque
636 1645 677 1673 his
693 1645 796 1680 adjecta
812 1652 872 1673 esse

82 1689 127 1717 ait
137 1689 262 1716 damnata
276 1688 487 1724 Origenistarum
510 1690 637 1724 capitula,
655 1691 725 1718 unde
739 1690 817 1718 facile
832 1690 872 1718 in-

83 1740 216 1764 notescat
227 1735 253 1763 in
269 1735 366 1769 quibus
378 1735 415 1763 illi
431 1735 564 1763 simulrei
581 1736 752 1763 consentiant
765 1737 805 1765 vel
816 1737 871 1764 dis-

84 1781 227 1813 sentiant;
242 1782 364 1817 quintum
381 1788 415 1809 ex
430 1781 463 1809 iis
475 1781 602 1816 capitulis
618 1782 757 1810 continere
774 1783 871 1818 dogma

83 1836 102 1855 τι
125 1827 265 1855 monachis
289 1828 446 1862 quibusdam
468 1827 547 1855 Nova:
568 1827 673 1860 Lauraa,
686 1833 714 1856 et
729 1828 870 1856 Theodoro

82 1874 189 1902 Ascida
204 1879 347 1905 assertum,
369 1874 440 1908 quod
455 1873 564 1902 Christo
589 1874 705 1909 aequales
719 1874 822 1902 futuros
842 1874 868 1902 in

84 1919 264 1948 restitutione
275 1920 422 1954 apostolos,
444 1925 470 1947 et
485 1926 618 1955 martyres
631 1928 663 1947 ex
681 1920 817 1948 miraculis
835 1922 869 1949 ab

84 1965 156 2001 ipsis
168 1966 247 1993 editis
260 1966 410 1999 concludit;
431 1966 604 2001 nefariasque
620 1966 736 2002 Didymi,
762 1966 869 2002 Evagrii

83 2016 116 2040 et
125 2011 261 2040 Theodori
274 2012 422 2040 sententias
438 2012 555 2047 reliquas
567 2012 708 2047 diligenter
720 2013 802 2041 fuisse
814 2013 869 2041 col-

85 2057 286 2085 lectas-liabet
302 2058 361 2086 haec
373 2058 466 2085 eadem
483 2057 661 2093 Nicephorus,
678 2060 724 2086 sed
742 2060 868 2088 nonnulla

82 2109 219 2139 praeterea
234 2105 267 2132 de
282 2112 332 2132 suo
349 2104 477 2136 adnectit,
498 2104 585 2137 velut,
595 2104 693 2139 agitata
705 2106 761 2132 haec
774 2113 868 2132 secun-

83 2150 121 2177 da
135 2150 254 2178 sessione
267 2149 366 2183 fuisse;
381 2150 500 2178 adnectit
511 2154 539 2178 et
558 2151 630 2185 ipsos
644 2151 739 2185 synodi
757 2152 869 2178 anathe—

83 2195 238 2230 matismos,
257 2202 326 2230 quos
341 2196 375 2224 ad
392 2196 503 2223 verbum
530 2195 683 2223 describere
700 2203 729 2223 se
741 2195 867 2228 aflirmat,

923 959 956 987 de
972 959 1086 995 Origene
1104 961 1277 993 sententiam,
1289 965 1349 996 post
1361 961 1429 989 latos
1445 968 1463 989 a
1476 960 1701 997 Constantinopo-

923 1003 1003 1032 litana
1035 1006 1137 1040 synodo
1165 1006 1192 1033 in
1218 1014 1279 1033 eum
1306 1007 1545 1034 anathematismos
1566 1006 1700 1034 sciscitari

923 1057 1012 1085 opera:
1026 1051 1140 1086 pretium
1165 1056 1214 1078 est.
1238 1052 1264 1078 lu
1280 1051 1347 1079 libro
1366 1052 1457 1087 itaque
1472 1051 1509 1079 De
1536 1052 1701 1079 institutione

923 1096 1071 1124 diuinarum
1087 1095 1282 1131 Scripturarum
1297 1097 1361 1125 talia
1375 1098 1411 1126 de
1422 1105 1455 1126 eo
1474 1097 1586 1131 scribit,
1600 1098 1699 1125 multo-

923 1150 983 1170 rum
1001 1143 1085 1176 ipsqu
1100 1143 1208 1171 Patrum
1224 1145 1360 1171 senteutia.
1375 1145 1531 1172 haereticum
1554 1143 1698 1176 declarari,

922 1193 950 1216 et
962 1196 977 1214 a
994 1187 1089 1223 Vigilio
1099 1196 1167 1224 papa
1182 1189 1268 1216 denuo
1280 1196 1340 1216 esse
1353 1190 1511 1217 damnatum
1523 1197 1530 1221 ;
1547 1196 1643 1223 nempe
1652 1196 1701 1223 per

925 1224 1114 1267 Camiitutimt,
1131 1238 1160 1261 nt
1169 1234 1301 1268 suspicari
1316 1235 1387 1267 licet,
1405 1235 1430 1262 in
1441 1243 1501 1262 eun)
1519 1242 1575 1262 rem
1595 1235 1699 1269 specia-

923 1278 969 1304 tim
984 1279 1163 1313 publicatum;
1176 1279 1350 1314 Theophilum
1361 1280 1471 1314 triginta
1486 1280 1604 1314 quinque
1616 1280 1700 1314 ipsius

922 1329 1030 1350 errores
1043 1323 1227 1358 redargnisse;
1248 1331 1346 1358 magno
1360 1325 1386 1351 in
1402 1332 1463 1352 eum
1480 1325 1572 1352 dolore
1583 1324 1700 1358 Epipha-

922 1369 996 1397 nitun
1010 1369 1216 1403 succensuisse;
1234 1370 1351 1398 maxime
1372 1370 1399 1398 in
1412 1378 1447 1406 eo
1458 1370 1572 1406 legendo
1585 1371 1701 1405 probam

922 1415 983 1443 dam
1010 1416 1140 1450 regulam,
1165 1423 1225 1450 qua:
1238 1416 1273 1443 ab
1298 1416 1461 1452 Hieronymo
1482 1417 1508 1444 in
1532 1415 1652 1451 Epistola
1666 1417 1702 1444 ad

923 1459 1135 1496 Tranquillinum
1150 1461 1285 1496 proposita
1308 1464 1359 1489 est.
1383 1461 1528 1489 Florebant
1542 1462 1614 1489 circa
1631 1462 1702 1488 hanc

923 1512 1108 1543 tempestatem
1124 1508 1283 1537 Anastasius
1303 1508 1406 1535 Sinaita
1432 1514 1459 1536 et
1474 1507 1593 1536 Joannes
1616 1507 1700 1535 Scho—

922 1553 1045 1586 lasticus,
1059 1554 1101 1582 cui
1110 1561 1144 1581 ex
1159 1553 1235 1581 titulo
1247 1553 1319 1586 libri,
1329 1552 1408 1581 Scala
1421 1553 1555 1588 paradisi,
1565 1552 1698 1587 inscripti,

922 1600 1033 1628 Climaci
1057 1605 1264 1634 cognomentum
1295 1598 1440 1626 fecerunt:
1463 1599 1559 1626 horum
1586 1604 1698 1633 uterque

921 1653 984 1681 erga
999 1644 1142 1681 Origenem'
1170 1644 1349 1680 Origenisque
1363 1645 1481 1673 asseclas
1499 1645 1569 1672 male
1585 1643 1700 1672 alfectus

920 1692 981 1718 fuit.
1000 1691 1136 1718 Fuitillud
1145 1691 1226 1718 etiam
1242 1691 1275 1718 ad
1296 1690 1509 1725 Origenistarum
1527 1690 1699 1717 minuendam

920 1737 1145 1764 existimationem
1163 1735 1373 1770 perappositum,
1397 1736 1468 1770 quod
1489 1736 1515 1762 in
1529 1742 1625 1762 novam
1643 1736 1699 1762 lue-

920 1782 1001 1810 resim
1027 1782 1100 1815 lapso
1115 1781 1265 1809 .lustiniano
1279 1782 1384 1809 assensi
1405 1786 1468 1809 sunt
1482 1790 1490 1809 :
1506 1780 1641 1808 hatreseos
1651 1788 1698 1807 au-

921 1833 974 1856 tem
990 1828 1062 1856 illius
1086 1828 1201 1863 capitale
1226 1829 1278 1856 hoc
1291 1832 1349 1856 erat
1365 1828 1470 1862 dogma,
1486 1834 1584 1862 corpus
1597 1826 1698 1853 Christi

920 1874 982 1901 dum
993 1874 1106 1909 agitaret
1117 1874 1212 1906 vitam,
1224 1873 1304 1901 nullis
1313 1873 1465 1905 ali'ectibus,
1477 1872 1542 1900 nulli
1551 1871 1698 1900 obnoxium

919 1920 1084 1954 corruptioni
1096 1919 1180 1946 fuisse
1199 1929 1206 1947 :
1220 1920 1291 1954 quod
1307 1926 1368 1947 cum
1381 1919 1484 1948 calculo
1493 1927 1543 1947 suo
1553 1920 1699 1955 probarent

918 1965 1087 2000 Origenislte,
1098 1965 1163 1992 nulli
1172 1972 1225 1992 non
1238 1965 1411 1994 manifestum
1426 1965 1487 1998 fuit,
1508 1974 1589 2001 quam
1607 1973 1698 2003 prom-

918 2016 994 2047 ptum
1006 2011 1040 2039 iis
1052 2015 1124 2039 esset
1133 2019 1147 2038 a
1159 2011 1270 2046 probata
1287 2012 1413 2040 Ecclesiae
1425 2011 1548 2040 doctrina
1562 2013 1698 2041 recedere.

918 2057 983 2086 Post
999 2058 1104 2093 aliquot
1119 2065 1205 2085 annos
1224 2057 1344 2092 pontifex
1366 2057 1504 2086 Romanus
1523 2063 1631 2086 creatur
1649 2058 1699 2086 Pe—

918 2103 1004 2140 lagius
1014 2103 1157 2136 secundus,
1173 2104 1249 2139 cujus
1268 2105 1301 2131 de
1309 2103 1424 2139 Origene
1437 2104 1614 2140 Origenisque
1624 2111 1699 2132 secta

918 2148 1072 2183 opinionem
1089 2148 1217 2183 patefacit
1235 2148 1343 2175 nomine
1355 2149 1438 2183 ipsius
1450 2149 1553 2183 scripta
1570 2157 1585 2176 a
1596 2149 1698 2184 Grego-

918 2193 960 2220 rio
976 2193 1098 2221 Romano
1111 2194 1198 2222 adhuc
1212 2193 1325 2221 diacono
1335 2212 1344 2227 ,
1364 2195 1532 2228 postmodum
1551 2202 1616 2222 vero
1632 2202 1696 2229 pon-

83 2241 188 2277 quique
206 2241 224 2269 ii
242 2242 294 2276 ipsi
316 2246 389 2275 sunt,
414 2249 482 2276 quos
498 2240 619 2276 epistolae
645 2249 699 2268 sua:
713 2241 747 2268 ad
763 2241 867 2268 Menam
883 2239 906 2268 ο
921 2237 1002 2272 lifice,
1017 2239 1142 2274 epistola.
1167 2239 1212 2266 Sic
1236 2238 1281 2266 ille
1297 2246 1360 2273 ergo
1386 2238 1473 2267 Eliam
1496 2239 1696 2273 Aquileiensem

83 2289 142 2323 iam
156 2292 218 2316 ante
239 2287 408 2316 Justinianus
428 2288 611 2315 subtexnerat.
628 2286 727 2315 ilorum
754 2287 818 2314 fides
833 2287 867 2314 sit

83 2341 170 2370 penes
182 2333 372 2369 Nicephorum,
387 2333 562 2366 levissimum,
576 2337 604 2360 nt
616 2332 670 2367 jam
688 2338 750 2360 ante
765 2333 868 2360 monui-

82 2387 160 2412 mus,
172 2384 200 2407 et
216 2379 318 2408 futilem
330 2379 494 2407 Graeculum.
511 2378 647 2406 Cedrenus
659 2382 748 2405 autem
764 2378 866 2406 litteras

83 2426 196 2453 exhibet
213 2433 271 2460 quae
297 2433 312 2453 a
331 2425 483 2453 Iustiniano
506 2424 538 2451 ad
554 2424 683 2460 synodum
697 2428 791 2452 contra
805 2423 866 2451 Ori-

82 2478 182 2506 gencm
194 2471 282 2498 missae
293 2475 371 2503 sunt,
382 2479 495 2506 quarum
505 2471 639 2499 sententia
655 2470 711 2498 haec
725 2475 766 2498 est
777 2479 783 2497 :
797 2479 865 2498 com-

83 2520 193 2550 pertum
209 2515 307 2542 habere
322 2523 352 2543 se
373 2517 518 2544 monachos
533 2523 592 2544 esse
607 2514 791 2550 Jerosolymis,
820 2516 864 2550 qui

83 2560 259 2596 Pythagorae,
275 2559 392 2588 Platonis
411 2566 439 2588 et
463 2561 585 2596 Origenis
600 2568 707 2588 errores
727 2565 864 2594 tueantur,

84 2614 140 2641 qua
166 2606 199 2634 de
226 2614 256 2634 re
279 2607 452 2640 quaerendum
471 2607 633 2634 decrevisse.
657 2606 724 2633 Tutn
743 2609 867 2642 dogmata

85 2651 206 2686 ipsorum
226 2650 329 2685 aliquot
354 2656 492 2684 recenset,
514 2652 579 2678 illud
602 2652 770 2686 potissimum
793 2652 864 2686 quod

86 2695 147 2724 istis
162 2696 277 2723 maxime
288 2695 453 2729 temporibus
467 2697 623 2724 ventilatum
636 2697 823 2724 adnotavimus
833 2697 866 2724 de

86 2742 237 2769 animarum
250 2739 430 2777 προῦπάρξει,
446 2741 514 2769 inter
524 2750 590 2777 quas
601 2743 689 2769 anima
701 2742 760 2770 sola
767 2742 865 2770 Christi

88 2794 166 2814 suum
175 2786 294 2814 ordinem
309 2786 418 2813 immota
431 2785 561 2818 tenuerit;
571 2787 641 2820 quod
653 2794 685 2813 ex
698 2786 856 2821 Pythagorae

89 2837 116 2858 ct
129 2831 239 2864 Plotini,
252 2840 282 2859 ac
298 2832 431 2867 praecipue
454 2831 570 2859 Platonis
586 2833 809 2859 somniationibus
833 2832 867 2858 ni)

76 2877 204 2925 ⁵(ὶιὶεθιιςι
217 2878 374 2907 translatum
387 2877 552 2907 demonstrat
567 2885 573 2904 τ
590 2878 760 2909 quamobrem
773 2877 866 2906 Patres

917 2283 1087 2319 episcopum,
1100 2285 1222 2320 aliosque
1239 2285 1424 2313 schismaticos
1439 2284 1524 2313 istriis
1541 2285 1698 2320 episcopos,

916 2333 944 2356 et
970 2329 1020 2356 tria
1044 2335 1245 2365 propugnantes
1269 2330 1386 2365 capitula
1408 2330 1575 2366 alloquitur:
1596 2340 1606 2358 ι
1625 2331 1694 2364 Quid

916 2382 1032 2410 namque
1048 2375 1074 2402 in
1090 2376 1278 2404 haeresiarchis
1296 2375 1414 2411 Origene
1427 2377 1557 2410 deterius,
1580 2382 1610 2405 et
1631 2378 1697 2412 quid

917 2420 944 2448 in
959 2420 1182 2456 historiographis
1193 2422 1306 2449 inveniri
1319 2421 1436 2451 Eusebio
1450 2423 1635 2451 honorabilius
1649 2431 1698 2458 po-

918 2465 989 2493 test?
1005 2465 1038 2493 Et
1048 2466 1108 2501 quis
1122 2471 1243 2494 nostrum
1258 2469 1362 2497 nesciat
1382 2469 1410 2496 in
1426 2468 1502 2496 iihris
1513 2469 1570 2496 suis
1586 2469 1697 2504 quantis

919 2511 1060 2547 Origenem
1084 2512 1215 2540 Eusebius
1244 2514 1386 2547 praeconiis
1409 2514 1530 2542 attollat?
1558 2514 1610 2542 Sed
1634 2513 1696 2549 quia

919 2562 1010 2585 sancta
1026 2557 1145 2585 Ecclesia
1172 2564 1280 2584 suorqu
1298 2557 1415 2585 fidelium
1440 2559 1520 2586 corda
1545 2558 1696 2593 benignius,

918 2611 998 2637 quam
1015 2602 1095 2631 verba
1111 2602 1263 2631 diStrictius
1284 2608 1390 2638 pensat,
1405 2609 1433 2631 et
1451 2605 1512 2639 plus
1523 2605 1548 2632 in
1565 2604 1696 2632 haereticis

917 2656 1026 2676 sensum
1041 2648 1190 2684 proprium,
1202 2655 1282 2683 quam
1307 2649 1414 2676 testatio
1428 2649 1534 2677 Eusebii
1555 2650 1695 2678 absolvere

918 2694 1018 2730 potuit;
1032 2701 1082 2722 nec
1092 2701 1199 2721 rursum
1213 2693 1357 2721 Eusebium
1372 2694 1473 2722 laudati
1485 2696 1609 2730 Origenis
1620 2696 1699 2731 culpa

917 2741 1064 2770 damnavit.
1078 2741 1174 2769 Annon
1190 2743 1218 2767 et
1238 2739 1491 2776 Gregorius-Nyssa:
1506 2741 1579 2769 urbis
1590 2742 1696 2777 episco‘

919 2795 978 2822 pus,
998 2793 1060 2815 cum
1087 2787 1228 2815 Canticum
1252 2786 1420 2814 canticorum
1444 2786 1563 2819 exponit,
1592 2787 1696 2821 magnis

919 2829 1060 2864 Origenem
1075 2831 1197 2859 laudibus
1212 2830 1341 2866 praefert?
1358 2830 1452 2856 Annon
1478 2834 1505 2856 et
1518 2828 1706 2865 Hieronymus.

920 2882 1017 2906 nostra:
1027 2877 1155 2908 Ecclesiae
1169 2878 1319 2915 presbyter,
1331 2875 1507 2913 etisinuularis
1518 2874 1624 2904 [februa
1635 2883 1691 2904 seu,

1632 172 1701 201 “7‘
1746 212 1748 216 π
