1927 3076
235 149 315 178 ’1175

871 155 901 183 Ρ.
921 156 1077 186 DANIELIS
1093 159 1209 188 llUETll

1790 164 1853 196 “76

236 189 332 226 ‘tnonts
349 197 481 231 interpres
500 201 572 224 tanto
582 204 646 233 erga
661 197 804 234 Origenem
821 201 913 230 favore
928 203 1018 231 inteu-
1034 206 1058 234 Α
1071 204 1214 243 Salerni/ti
1228 215 1317 243 casunt
1329 207 1397 242 Περὶ
1413 201 1513 243 atpo
1525 209 1595 236 dicta
1608 209 1749 237 dederunt.

243 244 325 276 ditur,
340 247 368 270 ut
383 250 450 277 pene
472 243 617 278 discipulus
644 245 701 280 ejus
725 253 784 275 csse
807 248 948 276 videnlur?
967 250 1020 278 Sed

243 288 304 322 quia
315 288 373 322 plus
384 295 463 315 causa
479 296 558 323 quam
570 290 648 318 verba
665 292 798 326 pensanda
812 298 886 326 sunt,
903 302 952 322 nec
963 295 1021 324 istis

242 341 289 360 sua
307 333 457 368 benignitas
476 334 577 368 nocuit,
593 343 642 363 nec
654 336 725 364 illum
742 346 755 364 a
774 343 848 366 reatu
862 341 969 375 proprio
980 342 1020 369 fa-

241 385 290 405 vor
305 377 399 406 aliena;
416 379 596 408 attestationis
609 376 761 410 excusavit.
777 394 786 410 ι
808 384 888 413 Certe
906 387 949 414 hic
964 388 1021 423 ipse

239 422 397 458 Gregorius,
414 432 474 452 cum
492 432 570 454 antea
582 429 750 462 apocrisiarii
765 437 877 459 munere
886 432 1019 461 Constan-

240 469 350 505 tinopoli
374 471 542 506 fungeretur,
568 475 709 502 adversum
736 477 936 505 sanctissimum
956 487 1020 514 prae-

238 514 323 542 sulem
349 514 523 552 Eutychium.
541 517 665 554 Origenis
688 521 837 549 doctrinam
857 523 890 550 de
904 531 1021 552 resurre-

237 560 329 588 ctione
345 565 464 589 tuentem
480 563 568 591 fuerat
584 565 707 593 velitatus
725 575 732 595 :
750 568 876 595 docuerat
890 570 960 596 cnim
973 570 1020 597 bo-

237 612 288 632 nus
306 605 352 633 ille
371 607 426 640 vir,
439 611 673 644 corpusEnostrum
684 611 711 638 in
727 614 922 640 resurrectione
932 615 1019 642 mani-

236 650 288 678 bus
296 653 366 688 tangi
380 661 432 680 non
445 662 534 689 posse,
546 656 685 691 ventisque
699 662 726 684 et
741 666 804 686 aere
816 667 876 687 esse
886 660 1018 690 subtilius.

237 696 432 725 Renascentem
450 707 581 733 errorem,
595 702 641 728 sed
652 701 698 729 ’vix
712 703 760 730 ulli
776 709 864 732 tamen
879 705 955 734 hisin
965 707 1020 735 oris

236 742 377 776 probatum
388 743 534 778 Gregorius
545 747 674 780 coercuit,
685 755 799 784 eumque
813 750 930 778 moriens
938 751 1020 788 Euty-

237 786 314 814 chius
334 789 479 820 revocavit,
496 797 556 817 cum
582 790 679 819 librum
695 792 778 828 ipsius
799 794 922 824 Tiberius
935 786 1015 831 impu-

237 836 312 858 rator
325 831 440 860 ﬂammis
455 833 565 868 dignum
582 834 737 869 judicasset.
751 837 806 866 Hac
817 847 923 875 quoque
937 842 1019 869 circi-

1107 240 1157 268 Ηίσ
1169 250 1209 268 me
1223 242 1338 269 collectis
1349 240 1440 276 uipera
1451 240 1508 270 tela
1520 249 1649 278 premunt.

1105 286 1182 314 Anno
1195 287 1255 319 649,
1271 288 1381 322 pritnam
1397 289 1527 324 synodum
1539 289 1753 317 Lateranensem
1769 291 1852 325 coegit

1070 330 1199 359 Martinus
1214 332 1333 367 pontifex
1348 333 1381 360 ad
1397 333 1566 361 Constantini
1585 334 1757 368 imperatoris
1765 335 1855 369 explo.

1070 377 1185 404 dendum
1213 383 1315 414 typum,
1329 383 1356 405 et
1380 380 1455 407 novis
1471 387 1502 407 ac
1526 380 1647 414 repetitis
1675 381 1854 410 anathematis

1070 424 1245 457 proterendos
1266 423 1399 459 Sergium,
1422 425 1552 461 Pyrrhum
1570 433 1602 453 ac
1626 425 1738 453 Paulum
1759 426 1854 455 Mono-

1070 468 1186 496 thelitas.
1198 468 1327 503 Origenes
1339 470 1364 498 in
1376 478 1407 498 ea
1421 479 1482 498 cum
1497 473 1552 498 suis
1561 471 1722 506 sequacibus
1743 472 1854 507 Didyme

1069 518 1096 540 et
1111 514 1225 550 Evagrio
1238 514 1272 542 ab
1291 515 1410 544 Ecclesia
1427 517 1614 550 proscribitur.
1634 517 1746 544 Favisse
1773 525 1855 545 econ-

1070 559 1152 587 trario
1171 560 1277 587 videtur
1297 561 1403 597 Origeni
1415 561 1566 596 Stephanus
1575 561 1698 590 Gobarus
1710 562 1854 595 Tritheita,

1070 607 1098 630 ut
1115 611 1148 631 ex
1163 605 1248 632 t’hctii
1258 606 1349 633 codice
1359 613 1473 639 :cxxxu,
1490 607 1623 641 conjicere
1633 613 1786 643 promptum
1799 614 1853 639 est;

1068 649 1196 685 pleraque
1208 651 1338 686 siquidem
1351 653 1434 687 ipsius
1447 653 1568 688 dogmata
1582 654 1701 680 maxime
1710 654 1852 688 reprobata

1069 695 1095 722 in
1121 701 1262 731 utramque
1287 697 1433 731 disputavit
1464 703 1584 733 partem,
1611 700 1774 727 sententiam
1800 700 1855 734 ipse

1069 748 1143 768 suam
1170 741 1284 770 fortasse
1311 744 1363 771 hac
1382 749 1440 771 arte
1466 744 1620 777 occultans;
1649 745 1855 779 praecipuosque

1068 784 1190 821 Origcnis
1215 786 1371 817 ilaudatores
1410 789 1639 816 commemoravit.
1675 788 1751 815 Vixit
1785 790 1855 816 circa

1069 838 1169 859 annum
1196 832 1258 866 720,
1276 833 1426 861 Germanus
1442 834 1594 869 patriarcha
1608 834 1857 870 Constantinopoli-

236 879 278 902 ter
294 880 454 912 tempestate
469 877 597 907 Leontius
611 879 764 916 Byzantius,
778 891 792 910 a
808 884 921 913 Leontio
934 886 1014 915 altero

1069 881 1156 911 tanus,
1168 879 1213 913 qui
1230 884 1327 913 praeter
1342 878 1392 906 alia
1409 880 1537 914 opuscula
1550 881 1778 913 ἀνταποδοτικόν,
1801 883 1855 910 sive

235 921 395 956 Byzantino,
410 924 478 956 sive,
497 925 572 959 juxta
585 925 662 959 alios,
677 927 815 963 Byzaceno
827 932 957 960 monacho
971 941 1017 961 su-

235 974 284 1001 pra
299 974 509 997 conunemorato
529 971 660 1006 diversus,
674 972 817 1010 Origenetu
831 978 939 1012 scriptis
951 986 1017 1006 acu.-

235 1013 312 1039 teatis
329 1012 466 1042 laceravit.

270 1077 352 1107 XVII.
368 1080 405 1110 Ex
419 1088 451 1109 eo
464 1081 627 1117 Origenismi
641 1085 741 1113 invidia
754 1087 860 1121 paulum
873 1089 1014 1124 obsolevit,

240 1131 290 1152 nec
306 1126 403 1154 multos
418 1135 533 1162 sequens
547 1135 612 1158 aetas
633 1131 682 1166 ipsi
699 1132 820 1162 infensos
834 1135 902 1162 tulit.
926 1136 1013 1170 Anno,

234 1176 376 1207 postquam
388 1174 505 1208 synodus
519 1175 611 1209 quinta
621 1177 756 1206 celebrata
767 1183 819 1212 est,
835 1182 1012 1215 octogesimo,

234 1215 402 1250 Sophronius
430 1218 672 1254 Jerosolymitanus
705 1224 801 1256 praesul
827 1225 860 1252 ad
892 1225 1013 1260 Sergium

233 1262 562 1299 Constantinopolitanum
577 1268 758 1301 patriarcham
776 1271 930 1305 synodicam
946 1274 1015 1301 scri-

233 1308 301 1337 bens
311 1310 463 1344 epistolam,
476 1319 535 1347 quae
555 1318 596 1340 est
613 1314 693 1341 veluti
711 1315 842 1350 professio
858 1317 929 1352 ﬁdei,
945 1319 1014 1348 inter

233 1354 303 1382 alios
315 1355 502 1385 haereticorum
525 1367 631 1387 errores
642 1362 775 1397 pra-cipue
791 1370 932 1392 enumerat
953 1366 1013 1394 Ori-

232 1401 310 1436 genis
327 1402 453 1437 dogmata
477 1403 538 1431 ﬁdei
561 1405 723 1435 Christiana:
748 1410 893 1442 contraria,
910 1416 936 1438 et
950 1420 1012 1447 gra-

233 1445 351 1475 vissimis
372 1448 461 1475 verbis
487 1450 617 1483 confutat,
642 1453 818 1488 eumdemque
843 1455 870 1482 in
899 1445 1012 1484 concilio

231 1493 326 1528 quinto
340 1495 494 1523 damnatum
511 1496 594 1524 fuisse
607 1504 758 1532 asseverat;
773 1501 922 1535 tumipsum
935 1503 1007 1529 dein-

231 1539 265 1566 de
289 1547 350 1567 cum
371 1541 561 1575 perditissimis
575 1543 709 1572 haereticis
731 1546 854 1574 collocat.
867 1547 958 1575 Relata
973 1552 1047 1580 estC

231 1586 290 1613 haec
306 1587 417 1621 epistola
437 1588 507 1615 inter
538 1589 606 1617 Acta
631 1591 724 1626 synodi
750 1597 832 1620 sexta:
856 1595 954 1622 action.
970 1596 1012 1623 ll.

231 1631 335 1659 Deinde
348 1633 454 1661 actione
466 1634 500 1662 17
518 1640 545 1662 et
563 1635 607 1668 18,
630 1636 746 1664 iteratur
762 1639 868 1666 concilii
883 1639 1012 1673 definitio,

231 1676 326 1711 inqua
346 1679 495 1713 probantur
511 1685 538 1708 et
563 1681 759 1710 confirmantur
782 1684 890 1712 decreta
914 1687 1015 1720 quinta:

230 1723 340 1757 synodi,
351 1731 411 1759 quae
426 1726 544 1761 synodus
564 1727 617 1754 illic
634 1727 733 1756 dieitur
747 1730 876 1758 adversus
892 1731 1015 1760 Theodo-

231 1775 292 1795 rum
308 1768 536 1804 Mopsuestenum,
549 1772 704 1807 Origenem,
722 1775 861 1810 Didymum
890 1783 917 1805 et
944 1778 1014 1806 Eva-

229 1812 318 1847 grium
342 1813 426 1843 fuisse
441 1823 614 1852 congregata.
630 1818 658 1845 ln
673 1821 768 1848 eadem
786 1824 893 1851 actione
908 1824 951 1857 18,
967 1826 1014 1853 ha-

229 1859 309 1886 betur
321 1859 438 1888 edictum
450 1861 620 1891 Constantini
631 1864 813 1900 imperatoris,
829 1869 855 1896 in
866 1877 918 1904 qua
928 1872 1016 1899 susci-

228 1911 293 1938 pere
303 1913 333 1932 se
345 1906 494 1941 denuntiat,
507 1903 565 1945 quae
580 1911 671 1945 quinta
689 1914 806 1948 synodus
820 1903 909 1943 sanxit
923 1923 1013 1944 contra

229 1950 278 1978 Dei
290 1951 483 1987 impugnatura
496 1955 645 1990 Origemtm,
664 1959 801 1994 Didymum
817 1966 840 1987 et
860 1961 1010 1997 Eragrium.

230 1997 349 2033 Denique
364 1998 461 2028 Leonis
481 2001 502 2028 ll
523 2010 597 2037 papa:
612 2004 751 2038 epistolam
762 2007 794 2032 ad
809 2006 1011 2036 Constantinum

229 2044 347 2076 exhibet,
369 2046 462 2081 inqua
477 2053 534 2074 rata
559 2056 619 2076 esse
641 2051 739 2083 iubens
755 2059 815 2086 quae
838 2055 1013 2082 mcurnenica:

183 2124 185 2127 η
229 2090 324 2124 synodi
338 2097 385 2117 sex
398 2096 557 2126 statuerant,
568 2094 637 2121 inter
652 2095 719 2122 alios
736 2095 886 2129 haereticos,
902 2106 968 2132 quos
980 2107 1012 2126 ea

228 2134 343 2161 concilia
359 2136 541 2164 anathematis
564 2139 753 2172 contuderunt,
768 2140 909 2175 Origenem
939 2143 1013 2171 Ada-

229 2180 371 2213 mantittm,
385 2181 525 2217 Didymum
544 2188 571 2211 et
588 2183 731 2219 Evagrium
750 2187 834 2221 ponit.
846 2187 900 2214 Nec
917 2189 1012 2217 melius

227 2224 336 2253 habitus
352 2226 533 2261 estOrigenes
546 2230 579 2256 ab
591 2229 694 2257 Isidoro
709 2231 870 2266 llispalcnsi,
884 2234 929 2268 qui
946 2235 1009 2263 Ori-
1026 2221 1048 2248 Β

227 2271 282 2305 gin.
305 2271 351 2300 lib.
371 2281 430 2307 Vlll,
456 2282 516 2309 cap.
540 2275 566 2307 5,
586 2276 723 2304 haereseon
748 2278 818 2306 inter
839 2280 1012 2309 Christianos

227 2323 382 2345 exortarum
397 2320 494 2347 seriem
521 2326 675 2356 pertexens,
696 2324 874 2360 Origenianos
888 2334 1010 2354 comme-

225 2367 327 2397 morat,
357 2364 529 2400 ipsorumque
552 2368 709 2402 reprobatas
733 2371 873 2405 opiniones
885 2372 1009 2407 :exptmil.

228 2407 322 2435 ltefert
341 2416 373 2435 ex
390 2417 422 2437 eo
439 2410 608 2445 Epigramma
627 2413 698 2441 istud
709 2414 795 2443 Guido
809 2416 965 2449 Carmelita,
984 2417 1010 2444 in

229 2462 283 2489 quo
299 2454 413 2490 loquens
427 2456 562 2485 inducitur
578 2458 708 2494 Origenes
722 2469 731 2487 :

227 2534 412 2574 IlleKOArigeim
428 2545 473 2572 ego
483 2538 574 2565 doctor
584 2540 639 2574 (55)
652 2541 798 2568 verissimus
812 2543 874 2570 olim

263 2571 313 2610 Qui
329 2571 448 2606 primunt
459 2574 520 2606 ﬁdei
536 2571 683 2608 graiuniuta
698 2577 753 2610 (54)
768 2578 839 2604 clara
855 2578 917 2604 dedi
930 2586 939 2604 .'

226 2603 316 2647 Cel‘stts
329 2603 407 2633 erant
423 2603 576 2647 ηιέῄιὶιξει
596 2611 683 2637 clarus
699 2603 804 2639 ‘muitere
824 2613 919 2647 fandi;

262 2639 418 2676 Prwreptus-
429 2644 513 2669 subito
527 2653 585 2671 voce
600 2651 704 2672 nocente
719 2647 770 2672 rui.

188 2703 191 2706 ,
225 2673 358 2716 (laudere...
368 2678 390 2702 si
401 2679 494 2710 credis,
512 2680 599 2706 studui
612 2684 648 2716 tot
666 2682 748 2708 millia
763 2681 853 2716 libros,

262 2709 328 2746 Quot
343 2711 408 2745 leg:o
429 2715 521 2739 missos
537 2715 608 2740 ducit
622 2715 648 2741 iu
665 2724 738 2743 arma
753 2719 831 2746 viros.

226 2741 313 2788 Nulla.
323 2741 392 2788 meos
404 2755 516 2782 unquam
530 2749 612 2783 tetigit
624 2741 782 2788 (Ilum/ternm
793 2741 882 2780 scimus
891 2774 898 2788 ,

261 2778 313 2805 Sed
325 2781 396 2814 vigil,
408 2787 431 2808 et
445 2778 561 2816 prudens
575 2778 645 2811 latus
659 2778 691 2811 ai)
702 2786 772 2812 hoste
782 2789 831 2820 fui.

262 2833 425 2864 ""‘Anast.
444 2839 470 2865 in
486 2839 554 2867 Hist.
571 2842 605 2867 ad
618 2851 681 2870 ann.
701 2844 762 2871 Chr.
784 2846 833 2873 l8?)
850 2852 875 2873 et
891 2847 954 2875 264.

262 2881 317 2916 (55)
333 2881 396 2916 ch.
413 2883 480 2912 forte
498 2885 565 2912 :Ille
579 2895 624 2922 ego
641 2889 836 2929 sumptigcues
850 2893 949 2919 doctor.

1069 923 1210 951 ἀνόθευτον
1225 924 1343 959 scripsit.
1355 925 1427 952 Libri
1442 926 1520 960 hujus
1529 934 1632 954 summa
1647 927 1756 963 fastigia
1766 928 1854 962 legens

1066 967 1177 997 Photius
1191 970 1250 997 cod.
1268 977 1397 1004 ccxxxtu,
1414 972 1440 999 in
1451 980 1483 999 eo
1494 973 1626 1007 prmcipue
1642 974 1695 1002 hoc
1707 975 1752 1009 agi
1765 974 1856 1009 refert,

1072 1018 1102 1041 ut
1121 1014 1244 1050 Gregorii
1268 1015 1379 1051 Nysseni
1398 1017 1497 1053 scripta
1513 1019 1547 1046 ab
1563 1019 1607 1047 illo
1623 1019 1752 1055 Origenis
1768 1027 1857 1048 errore

1066 1057 1194 1088 immunia
1211 1068 1271 1088 esse
1297 1062 1455 1096 probentur,
1471 1071 1524 1098 quo
1542 1065 1678 1093 dzemones
1688 1073 1722 1093 ac
1736 1066 1858 1094 homines

1066 1105 1178 1133 infernis
1203 1107 1310 1140 ignibus
1329 1107 1471 1136 damnatos
1492 1109 1634 1137 liberatum
1651 1111 1803 1146 aliquando
1826 1112 1856 1139 iri

1065 1151 1227 1185 afﬁrmatur;
1250 1154 1283 1180 ab
1301 1153 1461 1189 Origenistis
1478 1161 1544 1189 ergo
1556 1155 1680 1192 Gregorii
1697 1157 1788 1185 libros
1801 1166 1859 1192 par-

1065 1197 1110 1223 tim
1132 1198 1231 1232 spuriis
1257 1199 1457 1233 additamentis,
1471 1201 1569 1236 partim
1583 1202 1758 1236 etiammale
1778 1204 1858 1231 inter-

1064 1245 1176 1277 pretatis
1185 1245 1274 1272 verbis
1285 1244 1368 1273 fuisse
1379 1248 1484 1275 vitiatos
1496 1247 1659 1275 Germanum
1669 1251 1856 1284 pertendisse,

1064 1296 1150 1324 eoque
1171 1298 1253 1325 opere
1269 1291 1401 1326 insignem
1420 1293 1453 1320 de
1470 1292 1629 1328 Origenislis
1645 1299 1743 1329 aperte
1767 1296 1857 1323 convi-

1063 1335 1114 1363 ctis
1135 1336 1299 1371 triumphum
1316 1339 1415 1373 egisse.
1443 1339 1555 1367 Coaavus
1584 1341 1787 1375 propemodum
1808 1342 1857 1368 fuit

1063 1381 1198 1409 Germano
1213 1382 1275 1410 huic
1297 1382 1415 1412 Joannes
1430 1385 1622 1420 Damascenus,
1647 1387 1694 1421 qui
1712 1394 1797 1414 suum
1814 1388 1857 1414 ad-

1062 1435 1156 1454 versus
1167 1428 1331 1463 Origenistas
1344 1430 1433 1457 odium
1445 1430 1605 1459 clarissimis
1619 1432 1792 1460 testimoniis
1812 1433 1856 1460 de-

1063 1472 1188 1506 claravit;
1210 1474 1235 1500 in
1261 1474 1329 1502 libro
1355 1477 1503 1510 prmsertim
1526 1476 1564 1503 De
1588 1477 1747 1510 hminibus,
1760 1478 1787 1505 in
1808 1487 1857 1514 quo

1064 1515 1209 1544 teterrimis
1218 1516 1351 1545 hmreticis
1360 1519 1535 1554 Origenianos
1546 1526 1680 1553 accenset,
1693 1529 1799 1558 eosque
1806 1524 1857 1550 Au-

1065 1561 1200 1595 gustinum
1215 1567 1241 1589 et
1260 1562 1437 1598 Epiphanium
1463 1570 1613 1593 assectatus
1631 1567 1759 1602 duplices
1776 1569 1856 1595 fuisse

1065 1607 1110 1632 ait.
1126 1606 1194 1633 Idem
1217 1607 1243 1634 in
1268 1607 1382 1643 Eclogis,
1396 1617 1456 1645 quae
1482 1612 1674 1646 manuscriptae
1697 1619 1812 1640 exstant
1830 1614 1853 1640 in

1065 1650 1231 1680 Bibliotheca
1240 1652 1444 1682 Claromontana
1455 1655 1597 1684 Societatis
1609 1656 1685 1690 Jesu,
1703 1657 1853 1694 fragmenta

1064 1699 1184 1732 qumdam
1217 1698 1295 1726 atlert
1318 1700 1452 1734 Antipatri
1481 1702 1636 1730 Bostrorum
1666 1704 1802 1739 episcopi.
1826 1706 1854 1731 ἐκ

1063 1743 1113 1778 τῆς
1123 1743 1193 1771 κατὰ
1205 1745 1259 1772 τῶν
1271 1745 1448 1782 βλασφημιῶν
1459 1747 1506 1775 τοῦ
1517 1749 1675 1785 δυσωνύμου
1702 1751 1853 1786 Ὠριγέναυς

1064 1791 1265 1825 πραγματείας.
1282 1791 1332 1825 Qui
1346 1793 1482 1827 quomodo
1499 1794 1581 1822 fuerit
1593 1795 1618 1822 in
1634 1795 1785 1831 Origenem
1797 1797 1854 1824 aui-

1064 1840 1150 1863 matus
1172 1844 1205 1863 ex
1225 1837 1276 1864 hoc
1299 1838 1553 1875 titulointclligitur.
1566 1840 1605 1868 De
1621 1841 1702 1875 hujus
1717 1843 1853 1877 Antipatri

1063 1884 1141 1908 aetate
1158 1882 1202 1908 diu
1212 1889 1244 1910 ac
1255 1883 1365 1910 multum
1383 1885 1448 1912 mihi
1470 1886 1593 1920 quaesita,
1612 1887 1637 1914 id
1651 1887 1743 1915 solum
1764 1889 1855 1917 hacte-

1064 1933 1116 1952 nus
1135 1927 1209 1960 potui
1224 1927 1438 1962 deprehendere,
1450 1930 1565 1958 Eusebio
1579 1939 1658 1966 quem
1671 1934 1802 1968 suggillat
1815 1942 1854 1961 re-

1063 1972 1209 1999 centiorem
1227 1973 1311 2001 fuisse
1324 1995 1331 2006 ,
1345 1974 1447 2003 Joanne
1470 1976 1635 2005 Damasceno
1650 1986 1665 2005 a
1688 1987 1744 2013 quo
1763 1980 1854 2007 lauda-

1064 2022 1118 2050 tur,
1147 2019 1331 2047 vetustiorem.
1365 2019 1532 2057 lncomperta
1558 2031 1664 2058 quoque
1691 2025 1759 2052 mihi
1789 2031 1853 2054 .etas

1063 2060 1176 2090 Joannis
1191 2062 1360 2097 Mabropodae
1374 2066 1571 2100 metropolitani
1589 2067 1720 2095 Ecclesiae
1735 2069 1851 2096 Euclmi-

1064 2112 1162 2141 tarum,
1194 2110 1239 2144 qui
1267 2110 1376 2144 scripsit
1401 2111 1561 2138 solutionem
1588 2113 1613 2139 in
1643 2114 1852 2148 explicationem

1064 2152 1187 2189 Origenis
1201 2155 1226 2181 in
1239 2155 1409 2185 Psalterium.
1425 2156 1593 2185 Recensetur
1606 2159 1729 2187 illeliber
1743 2161 1769 2186 in
1780 2166 1852 2188 cata-

1065 2199 1126 2234 logo
1149 2200 1323 2229 Bibliotheca:
1349 2202 1654 2239 Constantinopolitanae
1674 2205 1850 2234 illustrissimi

1064 2246 1192 2280 principis
1204 2247 1383 2282 Marmoreae,
1398 2250 1442 2283 qui
1458 2251 1595 2277 subnexus
1607 2256 1650 2278 est
1663 2251 1852 2286 supplemento

1064 2289 1236 2318 Bibliotheca:
1260 2291 1436 2321 Gesnerianae
1461 2295 1570 2322 Antonii
1592 2294 1727 2322 Verderii.
1743 2297 1853 2331 Anony-

1065 2344 1137 2363 mum
1152 2344 1260 2372 quoque
1274 2338 1397 2373 Origenis
1407 2339 1575 2367 Scholiasten
1588 2346 1788 2368 commemorat
1802 2342 1853 2368 An-

1066 2383 1155 2411 tonius
1180 2383 1340 2412 Possevinus
1359 2385 1386 2412 in
1415 2386 1551 2421 Apparatu
1569 2395 1660 2419 sacro,
1679 2388 1770 2414 artatis
1795 2396 1852 2422 per-

1066 2436 1141 2462 :uque
1166 2429 1274 2464 ignotae.
1301 2430 1391 2458 Nihilo
1413 2433 1497 2466 magis
1517 2433 1652 2466 conjicere
1674 2441 1788 2467 possum
1802 2442 1853 2468 quo

1065 2479 1185 2510 tempore
1201 2477 1339 2504 lucubrata
1353 2477 1433 2504 fuerit
1441 2478 1628 2513 Ὠριγενιστῶν
1639 2478 1778 2514 ἐρώτησις
1788 2480 1853 2515 πρὸς

1063 2521 1167 2554 πιστόν,
1190 2529 1249 2556 quae
1276 2523 1383 2556 ponitur
1397 2523 1422 2550 in
1445 2523 1578 2550 Allatiano
1600 2523 1740 2552 Vaticana:
1755 2526 1852 2552 Biblio-

1063 2567 1146 2594 theca:
1155 2575 1246 2594 censu.
1259 2567 1311 2594 Par
1317 2568 1475 2596 Damasceni
1489 2569 1655 2597 Venerabilis
1663 2569 1737 2597 Beda
1747 2579 1850 2606 aequum

1063 2611 1170 2647 Origeni
1184 2621 1213 2640 se
1225 2614 1354 2647 praebuit;
1367 2622 1427 2641 nam
1443 2621 1469 2641 et
1480 2615 1620 2650 prmclaras
1637 2616 1696 2650 ejus
1710 2617 1789 2644 dotes
1803 2624 1849 2644 ex-

1064 2657 1124 2684 tulit
1136 2660 1277 2692 praeconiis
1303 2668 1328 2686 In
1347 2659 1519 2688 Cullertaneis
1539 2666 1565 2688 et
1584 2660 1721 2694 Floribus,
1739 2670 1799 2696 cap.
1815 2662 1850 2688 De

1063 2701 1215 2730 luminarib.
1247 2703 1365 2736 Eccles.,
1383 2713 1431 2732 nec
1458 2706 1520 2732 vitia
1542 2711 1629 2733 tamen
1656 2707 1846 2733 dissimulavit.

1064 2747 1180 2781 Iniquior
1205 2749 1365 2776 Anastasius
1386 2749 1603 2780 llihliotheearius
1624 2751 1684 2766 ³⁹·³³
1698 2751 1848 2786 suppressis

1063 2793 1204 2821 Adamanti
1227 2795 1350 2823 laudibus
1362 2796 1422 2831 ejus
1436 2801 1537 2824 tantum
1549 2804 1655 2824 errores
1668 2805 1764 2825 amare
1781 2798 1846 2824 ultus

1086 2894 1140 2926 (54)
1170 2895 1232 2928 ch.
1248 2895 1265 2923 Γ.
1281 2897 1410 2929 duqmala.
