1927 3076
70 145 135 172 ΙΙΠ

501 147 786 177 UHIGENIANORUM
804 149 867 178 LIB.
885 149 917 184 II,
937 151 1012 183 CAP.
1034 153 1077 186 IV,
1098 153 1193 182 SECT.
1214 154 1246 182 II.

1619 160 1686 188 H78

66 210 119 240 est,
136 205 334 241 Eusebiumque
346 207 431 241 ipsum
448 208 523 236 nimii
542 218 603 245 erga
622 210 763 245 Origenem
776 219 852 240 amo-
866 214 890 242 Α
904 217 1009 247 natent,
1025 214 1113 249 ipsum
1126 214 1199 242 haud
1214 222 1294 243 secus
1312 223 1344 243 ac
1358 221 1497 252 parentem
1522 217 1684 254 Arianorum

65 251 104 278 I'is
122 251 223 278 acriter
234 253 367 287 coarguit.
378 253 482 289 Smculo
492 260 631 290 sequente,
647 256 717 290 quod
727 264 740 283 a
749 256 850 284 Christi

65 302 127 324 ortu
153 305 252 325 nonum
278 304 447 333 numeratur,
475 299 566 327 ﬂoruit
593 294 695 337 Haymo
713 301 852 329 Albersta-

63 343 162 370 sensis.
177 343 286 378 Apertis
298 345 341 372 ille
353 345 441 373 verbis
454 345 595 380 Origenem
607 347 720 374 crimine
736 352 850 375 conatus

63 393 108 415 est
123 389 274 422 absolvere.
298 397 409 418 errores
418 391 458 419 vel
484 392 532 426 ipsi
548 393 582 419 ab
602 392 737 421 haereticis
749 392 850 421 alIictos

67 434 108 461 vel
124 435 158 462 ab
170 436 228 469 ipso
243 444 296 467 non
316 443 348 463 ex
368 437 511 470 sententia,
527 437 573 465 sed
595 446 627 465 ex
644 439 769 472 opinione
778 447 857 479 μην-ι

67 480 170 514 positos
187 489 355 510 asseverans.
376 482 477 510 Contra
489 490 554 510 vero
570 483 681 511 Photius
696 483 851 518 Constanti-

67 527 242 560 nopolitanus
261 528 415 562 patriarcha
428 529 511 565 ipsius
527 531 638 568 atqualis
660 530 850 559 Adamantium

62 572 215 603 saevissime
234 573 372 606 proscidit.

101 616 195 646 XVIII.
221 602 340 654 Longum
372 625 444 649 esset
475 621 639 657 singulorum
661 602 802 658 explorare
824 608 856 651 et

65 662 171 691 referre
183 666 345 693 sententiam
357 686 364 698 ,
383 667 428 701 qui
443 667 531 695 obiter
543 675 579 696 ac-
591 668 665 695 aliud
682 674 794 703 agentes
806 662 853 697 Vde

65 708 185 743 Origene
199 710 380 746 Origenisque
406 713 529 745 doctrina
546 713 611 748 quid
636 714 687 741 sibi
714 715 853 742 videretur

65 753 182 781 strictim
198 755 350 785 ediderunt.
360 757 429 790 Quid
440 758 512 785 enim
529 758 676 793 Georgium
687 759 852 796 Syncellum,

65 804 93 826 et
111 798 323 836 Theophanem,
355 803 418 837 quid
444 802 589 839 Georgium
613 805 775 838 Cedrenum,
790 806 854 840 quid

65 844 319 880 Theopbylactum,
351 848 416 882 quid
443 847 575 876 Joannem
605 849 739 877 Zonaram
757 871 765 883 ,
789 851 853 885 quid

902 258 1108 287 incessentem?
1129 261 1195 295 quid
1219 261 1364 289 Robertum
1381 261 1530 290 Cursonnm
1549 263 1662 299 Angiunt
1677 285 1692 296 ,.

899 311 977 338 quem
991 305 1129 340 scripsisse
1151 305 1247 333 librum
1266 306 1303 333 De
1324 307 1466 335 saluatione
1493 308 1612 343 Origem’s
1643 318 1685 337 re-

899 347 952 378 fert
969 348 1070 378 Balaens
1081 350 1191 378 Centur.
1212 352 1229 378 5
1252 351 1416 385 Scriptorum
1431 353 1600 383 Britannia?
1623 356 1684 389 quid

900 395 1070 432 Vincentium
1084 396 1312 431 Bellovacensem,
1335 398 1381 432 qui
1400 398 1505 431 Speculi
1531 401 1685 428 doctrinam

904 440 951 472 lib,
965 449 1042 474 xvnt,
1058 449 1117 477 cap.
1135 442 1179 476 45,
1197 449 1300 469 summa
1316 444 1441 477 aequitate
1451 445 1484 471 dc
1497 444 1611 481 Origene
1628 454 1689 480 pro,

899 487 1025 514 nuntiat?
1035 487 1097 522 quid
1110 488 1269 515 Wcrnerum
1279 488 1472 523 Westphalum,
1484 490 1529 526 qui
1544 497 1685 526 postquam

901 532 993 571 laudes
1017 534 1044 560 in
1069 533 1210 569 Origenem
1229 534 1387 567 congessit,
1412 536 1558 563 conciliare
1580 544 1609 564 se
1632 545 1687 566 non

901 571 989 612 posse“
1007 579 1072 606 dicit
1089 584 1270 618 repugnantes
1284 584 1311 607 et
1326 580 1465 614 oppositas
1481 582 1514 608 de
1529 583 1632 610 meritis
1654 590 1687 622 at:

901 623 1046 652 virtutibus
1063 625 1185 660 Origenis
1200 625 1370 658 sententias?
1387 626 1456 659 Quid
1473 627 1562 655 varios
1575 633 1688 663 praeter:

901 675 932 696 ea
952 668 1087 697 inferioris
1108 670 1180 698 illius
1201 670 1250 697 :evi
1277 670 1417 699 hzereticos
1434 679 1589 700 recenseam
1603 693 1611 706 ,
1641 675 1687 708 qui

903 714 1030 749 pleraque
1047 715 1131 750 ipsius
1148 717 1247 754 placita
1264 722 1430 744 renovarunt
1444 726 1450 744 :
1463 718 1535 745 velut
1557 719 1574 745 ii
1591 719 1690 754 quibus

904 767 1000 787 nomen
1017 760 1067 787 fuit
1082 762 1115 787 de
1132 760 1229 789 Barulo
1240 782 1247 793 ,
1266 756 1480 796 quos‘historici
1502 769 1615 791 narrant
1630 765 1690 791 ani-

905 812 1008 831 martnn
1021 805 1192 841 προῦπαρξιν
1208 806 1369 844 defendisse,
1385 812 1412 834 et
1431 807 1540 845 beatam
1553 800 1690 846 Virginem

905 857 954 888 pro
969 850 1062 885 angelo
1087 852 1233 886 habuisse;
1264 851 1336 879 velut
1356 851 1516 885 Valdenses,
1535 854 1582 888 qui
1596 862 1688 881 sacer-

66 890 230 919 Michaelem
244 892 367 928 Glycam,
380 894 444 928 quid
460 893 640 929 Nicephorum
654 895 758 924 Callisti
775 904 851 924 com-
867 888 889 921 Β
904 895 980 934 dotes
996 897 1113 930 quandiu
1129 897 1290 925 criminibus
1305 901 1331 926 et
1348 898 1560 934 noxisimpliciti
1572 899 1687 933 bmrent,

65 946 238 973 memorent,
261 948 275 967 a
296 941 413 976 quibus,
429 947 457 969 ut
483 950 498 970 a
513 947 573 970 tota.
585 943 640 971 fere
667 943 854 978 Graeculorum.

65 986 177 1014 natione
190 987 307 1024 pessime
322 993 451 1024 exceptus
469 989 530 1017 est?
545 990 609 1024 quid
624 990 712 1017 Nilum
726 991 750 1007 "
767 991 853 1019 Thes-

66 1031 277 1067 salonicensem,
293 1034 339 1069 qui
356 1034 425 1063 nihil
445 1035 484 1062 ait
498 1034 621 1071 Origeni,
632 1036 851 1064 Christianorum

64 1076 130 1105 licet
148 1079 349 1113 sapientissimo
364 1084 393 1108 et
409 1080 560 1121 Scriptura.
579 1081 744 1121 peritissimo
757 1101 765 1114 ,
789 1089 862 1116 pro-4~

65 1123 151 1151 fuisse
167 1124 341 1159 sapientiam,
355 1132 409 1160 quo
426 1126 516 1154 minus
530 1134 544 1153 a
558 1127 788 1162 ﬁdei-integritate
805 1127 854 1155 dea

63 1169 197 1198 scisceret
211 1170 222 1197 ?
237 1170 335 1198 Suidas
347 1171 558 1208 lexicographus
572 1180 621 1206 pro
638 1180 713 1201 more
727 1181 776 1201 suo
785 1173 852 1201 alio-

65 1224 126 1244 rum
139 1216 210 1244 dicta
223 1217 369 1252 compilans
381 1217 480 1252 duplici
496 1217 642 1254 Origenem
660 1220 770 1253 donavit
794 1219 854 1248 elo-.-

61 1262 117 1298 gio,
134 1269 247 1298 quorum
266 1263 339 1298 prius
356 1270 389 1291 ex
403 1263 508 1295 Eusebii
523 1264 646 1292 IibroDe
670 1265 760 1300 script.
786 1265 848 1293 ccci.

65 1308 123 1335 fere
141 1308 308 1343 decerptum.
322 1309 371 1338 sed
394 1308 507 1337 confuso
521 1313 548 1337 et
570 1311 729 1345 perturbato
743 1311 851 1343 ordine.

59 1354 164 1390 partim
179 1355 261 1382 etiam
286 1361 319 1382 ex
339 1354 432 1384 Graeca
455 1355 676 1390 interpretatione
690 1357 775 1392 Elogii
796 1364 851 1392 quo

60 1402 152 1435 ipsum
166 1400 276 1428 donavit
290 1402 480 1437 Hieronymus,
495 1402 609 1430 mirifice
623 1403 714 1438 ipsum.
726 1403 847 1437 extollit;

59 1445 180 1475 alterum
194 1454 258 1474 vero
273 1447 458 1483 depromptum
471 1447 609 1481 αὐτολεξεὶ
620 1457 652 1476 ex
664 1449 784 1477 Cedreno
796 1450 850 1477 has-

65 1499 157 1520 reseos
171 1493 258 1528 ipsum
270 1494 385 1521 crimine
403 1494 560 1529 compellat.
578 1495 849 1523 Animadversionem

67 1546 133 1566 vero
147 1544 266 1566 nostram
284 1540 401 1574 postulat
415 1560 423 1573 ,
442 1541 514 1576 quod
533 1549 588 1577 pro
610 1541 726 1577 Origene
742 1541 850 1570 Nicetas

62 1584 177 1620 scripsit
193 1585 309 1621 elogium
324 1595 332 1614 :
348 1596 358 1612 ‹
378 1586 434 1614 Hoc
451 1592 553 1620 autem,
573 1588 661 1623 inquit
678 1609 686 1622 ,
701 1589 728 1615 in
743 1595 850 1617 summa

65 1631 210 1660 dicendum
226 1637 277 1666 est,
303 1632 450 1668 Origenem
469 1634 495 1660 in
520 1634 637 1669 physicis
664 1634 850 1666 theorematis,

65 1684 214 1712 eorutnque
231 1677 368 1710 allegoriis
381 1696 389 1710 ,
410 1685 514 1705 necnon
532 1678 559 1705 in
588 1683 644 1707 tota
659 1680 755 1707 morali
769 1679 851 1707 disci-

65 1722 139 1757 plina
154 1722 294 1750 doctorum
309 1723 434 1751 omnibus
445 1723 681 1758 acceptissimum,
695 1732 851 1753 accommo-

64 1768 289 1804 datissimumque
303 1769 399 1804 fuisse,
413 1775 495 1806 atque
509 1772 578 1799 adeo
593 1778 654 1798 eum
667 1790 676 1804 ,
699 1772 743 1806 qui
762 1771 850 1799 virtu-

65 1819 122 1842 tem
136 1815 289 1843 actionibus
306 1823 336 1843 se
355 1817 474 1844 maxime
488 1818 609 1845 omnium
625 1821 776 1846 exerceret.
796 1816 852 1844 Hu-

63 1860 109 1894 ius
123 1861 196 1888 enim
220 1862 342 1890 exercitii
356 1863 446 1891 studio
460 1863 543 1890 vitam
559 1870 645 1899 usque
664 1863 732 1891 adeo
746 1863 852 1890 excole~

64 1907 267 1942 bat,utpectus
282 1907 351 1943 ejus,
369 1909 595 1943 quemadmodum
609 1909 758 1944 aiunt,prae
769 1909 851 1936 nimia

65 1953 106 1981 rei
124 1952 310 1988 cujuscunque
329 1954 455 1982 animata:
466 1955 634 1983 continentia
645 1960 673 1983 et
687 1955 852 1991 abstinentia

65 1999 209 2027 exciderit.
226 1999 262 2027 At
286 2000 313 2028 in
329 2008 393 2028 vera
418 2000 481 2032 iide.
499 2001 586 2036 iisque
611 2001 777 2036 disciplinis,
793 2008 853 2036 quae.

65 2044 199 2078 majorem
216 2045 484 2080 contemplationem,
502 2051 586 2081 atque
597 2047 624 2074 in
637 2047 732 2081 primis
747 2046 852 2074 theolo-

65 2091 155 2126 gicam
172 2092 325 2126 requirunt,
340 2092 461 2119 omnium
474 2097 606 2128 quotquot
619 2092 693 2120 illum
709 2100 854 2128 praacesse-

65 2141 141 2170 runt,
151 2142 178 2165 et
190 2137 276 2165 secuti
291 2142 363 2171 sunt,
379 2139 604 2167 absurdissimum
613 2146 642 2166 se
651 2140 826 2174 praestiterit:
841 2149 850 2166 ι

65 2190 127 2218 quae
141 2190 175 2209 ex
199 2182 350 2218 Epiphanio
363 2183 428 2211 haer.
444 2191 507 2211 utv
517 2202 525 2216 ,
541 2191 602 2218 cap.
615 2183 641 2217 5,
655 2184 712 2212 fere
727 2185 853 2219 decerpta

65 2233 140 2256 sunt.
171 2228 287 2256 Rursum
309 2237 374 2257 vero
401 2229 465 2264 quid
485 2229 626 2257 Sidonium
650 2230 851 2265 Apollinarem,

65 2274 132 2309 quid
148 2273 257 2307 Bedam,
273 2275 338 2310 quid
355 2275 535 2309 I-‘reculphum
559 2275 751 2303 Lexoviensem
763 2296 771 2308 ,
786 2277 850 2310 quid

65 2320 233 2356 ﬂeginonem
245 2340 253 2352 ,
280 2321 344 2356 quid
362 2320 545 2348 Hermannum
568 2320 743 2349 Contractum
757 2341 765 2354 ,
787 2322 851 2356 quid

65 2367 216 2394 Marianum
235 2367 345 2394 Scotum
356 2387 364 2402 ,
381 2367 445 2402 quid
462 2366 610 2395 Honorium
621 2367 851 2403 Augustodunen,

63 2420 136 2445 sem,
151 2412 217 2447 quid
233 2412 396 2440 Gulielmum
409 2412 588 2440 Parisiensem
608 2412 751 2448 appellem,
763 2412 808 2447 qui
823 2413 851 2440 in

66 2466 128 2487 sum
147 2466 206 2486 sese
233 2459 367 2494 aequiores
393 2459 595 2494 praebuerunt?
617 2458 681 2493 quid
707 2457 850 2486 Martinum

65 2504 198 2532 I'olonum
214 2505 259 2538 qui
285 2505 390 2540 magnis
413 2512 474 2534 eum
497 2505 594 2532 extulit
619 2504 764 2532 laudibus?
789 2504 852 2539 quid

65 2550 241 2578 Anastasium
268 2550 508 2578 Bibliothecarium
536 2551 582 2586 qui
607 2550 632 2578 in
651 2550 788 2578 contraria
803 2549 854 2578 fuit

65 2596 213 2628 sententia,
228 2600 255 2623 et
270 2596 430 2630 asperrimis
442 2596 529 2630 ipsum
545 2595 675 2623 conviciis
686 2595 826 2630 perfricuit
840 2595 851 2622 ‘I

66 2643 131 2677 quid
148 2642 315 2669 Bernardum
328 2661 336 2675 ,
351 2642 396 2677 qui
416 2642 443 2669 in
459 2650 582 2670 sermone
599 2642 631 2669 de
650 2642 741 2669 verbis
755 2640 850 2677 Orige-

67 2690 108 2716 nis
122 2709 130 2720 .
152 2689 224 2716 hunc
250 2690 446 2722 circumspecte
470 2688 612 2722 legendum
641 2696 702 2716 esse
731 2694 823 2716 monet
838 2707 847 2720 ,

67 2733 137 2768 quod
158 2733 242 2760 multa
268 2733 343 2760 illum
366 2737 460 2760 contra
479 2733 557 2760 iidem
578 2733 720 2767 scripsisse
743 2738 850 2760 sancto-

67 2788 127 2807 rum
145 2779 256 2806 Patrum
274 2779 362 2806 tradat
375 2778 540 2806 auctoritas?
552 2779 615 2812 quid
630 2778 850 2812 ThomamAqui-

902 932 1004 978 ordinis
1015 942 1055 968 sui
1069 947 1204 983 potestate
1219 943 1258 981 uti
1279 951 1446 983 nonposse,
1461 932 1490 972 et
1510 945 1570 980 pios
1591 932 1687 974 omnes

903 987 1060 1016 sacerdotes
1085 996 1146 1016 esse
1159 981 1352 1019 asserebant?
1373 988 1459 1017 Unum
1489 990 1552 1028 illud
1572 991 1689 1018 monitos

902 1032 1019 1061 lectores
1043 1033 1144 1073 velim,
1163 1034 1285 1073 asperius
1304 1035 1363 1071 fere
1382 1042 1397 1062 a
1420 1035 1523 1063 Grzecis
1544 1034 1688 1073 Origenem

901 1085 981 1114 quam
1004 1086 1018 1105 a
1033 1078 1290 1113 Latinisadhiberi,
1313 1082 1390 1114 cujus
1400 1081 1437 1108 rei
1453 1088 1562 1109 causam
1590 1081 1623 1108 ad
1644 1089 1689 1116 sy-

902 1116 1001 1155 nodum
1011 1122 1141 1160 'quintam
1156 1126 1309 1160 referimus,
1329 1134 1389 1162 quae
1402 1135 1462 1155 cum
1477 1127 1620 1163 Origenem
1636 1136 1688 1155 una

902 1177 962 1197 cum
980 1169 1066 1197 tribus
1091 1170 1556 1210 capitulis.damn,a$set,.tria.vero
1571 1172 1688 1207 capitula

901 1215 1052 1249 complures
1063 1215 1216 1254 occidentis
1234 1217 1354 1253 episcopi
1376 1218 1505 1245 adversus
1531 1218 1624 1253 synodi
1641 1226 1688 1244 au-

900 1255 1056 1289 ctoritatem»
1078 1263 1146 1290 tueri
1163 1263 1354 1296 instituissent,
1376 1265 1437 1291 hinc
1463 1265 1554 1292 tuendi
1582 1272 1688 1299 quoque

900 1307 1023 1344 Origenis
1044 1308 1165 1344 proiecta
1192 1310 1264 1345 apud
1288 1310 1362 1345 ipsos
1381 1310 1485 1338 videtur
1499 1318 1560 1338 esse
1575 1318 1690 1339 consue-

902 1355 976 1382 tudo.
1472 1390 1474 1394 _

934 1400 1007 1437 XIX.
1028 1401 1104 1429 Piam
1130 1402 1254 1430 I'eminatn
1270 1401 1441 1439 Mechtildem
1452 1402 1687 1437 decimum-quan-

901 1451 956 1474 lutn
973 1447 1098 1483 saeculum
1121 1448 1193 1485 tulit.
1210 1446 1293 1484 Hujus
1306 1452 1367 1485 ante
1378 1455 1466 1475 annos
1490 1448 1592 1483 aliquot
1606 1448 1631 1475 in
1643 1449 1686 1474 lu-

900 1500 959 1520 cem
980 1493 1078 1520 emissa
1094 1493 1153 1521 Vita
1172 1498 1213 1521 est
1227 1509 1235 1526 ,
1251 1493 1277 1520 iu
1304 1501 1355 1529 qua
1379 1493 1481 1521 editum
1499 1494 1548 1529 ipsi
1562 1493 1689 1522 divinitus

901 1539 1042 1571 oraculum
1059 1540 1192 1577 quoddam
1208 1545 1298 1567 nostra
1314 1539 1502 1575 observatione
1514 1541 1623 1576 dignum
1643 1549 1687 1568 re-

902 1583 998 1611 fertur.
1016 1584 1128 1612 Ccelitus
1143 1585 1242 1620 quippe
1259 1585 1341 1621 Deum
1361 1585 1418 1620 ipsi
1444 1579 1582 1613 nuntiasse
1598 1591 1690 1614 narrat

905 1629 974 1658 Vita;
991 1631 1072 1666 hujus
1089 1631 1216 1669 scriptor,
1233 1631 1367 1669 [quidquid
1387 1631 1511 1659 Samsoni
1526 1651 1533 1665 ,
1551 1631 1688 1660 Salomoni

902 1681 929 1704 et
947 1676 1055 1711 Origeni
1068 1678 1248 1711 condonatum
1263 1671 1332 1704 a'se
1352 1682 1379 1705 et
1408 1677 1539 1704 indultum
1556 1681 1608 1710 est,
1622 1685 1688 1705 con-

901 1723 972 1751 sulto
985 1724 1108 1752 homines
1123 1724 1235 1758 celasse,
1250 1729 1277 1751 ut
1295 1724 1334 1751 rei
1348 1723 1430 1759 hujus
1443 1725 1612 1759 ignoratione
1625 1733 1688 1759 per-

901 1771 1036 1799 terrefacti
1058 1772 1226 1804 doctissimi,
1249 1772 1451 1806 prudentissimi
1486 1776 1516 1798 et
1546 1771 1687 1799 fortissimi

902 1817 1013 1851 quique.
1034 1823 1179 1852 perparum
1193 1817 1226 1844 de
1241 1824 1281 1847 se.
1296 1816 1386 1844 omnia
1401 1824 1465 1844 vero
1479 1817 1512 1845 de
1528 1816 1582 1844 Deo
1596 1824 1689 1851 spera-

903 1870 931 1889 re
944 1862 1058 1889 discant.
1072 1861 1267 1894 Celebrabatur
1278 1863 1329 1890 hoc
1345 1863 1403 1899 ipso
1425 1867 1546 1897 tempore
1570 1863 1688 1890 Bernar-

902 1909 952 1936 dus
965 1908 1062 1943 Guido,
1080 1917 1093 1935 a
1112 1916 1165 1943 quo
1184 1914 1362 1938 recensentur
1387 1909 1542 1945 Origeniani
1568 1917 1686 1942 errores,

902 1954 966 1981 etin
991 1955 1094 1990 synodo
1109 1955 1201 1990 quinta
1218 1963 1270 1982 una
1285 1963 1346 1983 cum
1364 1961 1474 1983 auctore
1493 1955 1611 1985 damnati
1627 1963 1688 1984 esse

903 2004 1097 2031 memorantur.
1126 1999 1265 2028 Posterior
1292 2000 1344 2030 ,illo
1370 2000 1560 2029 Bartolomaeus
1585 2001 1687 2028 Platina

902 2046 1031 2080 praeclare
1042 2046 1097 2081 egit
1111 2053 1174 2073 cum
1185 2046 1311 2081 Origene,
1330 2051 1357 2074 et
1371 2047 1475 2082 magnis
1491 2054 1551 2074 eum
1564 2045 1687 2073 laudibus

902 2093 1054 2120 exornavit.
1069 2092 1188 2122 Maxima
1198 2100 1263 2120 vero
1275 2092 1326 2120 fuit
1339 2093 1463 2128 sequenti
1478 2097 1557 2119 aetate
1576 2091 1687 2120 Joannis

902 2137 959 2165 Pici
991 2137 1169 2165 Ilirandulani
1184 2138 1307 2170 comitis,
1326 2139 1354 2166 in
1376 2145 1407 2165 re
1432 2137 1563 2165 litterario
1579 2138 1637 2165 laus
1660 2142 1688 2164 et

903 2183 1056 2216 celebritas,
1072 2189 1101 2211 ut
1116 2192 1204 2219 neque
1228 2184 1389 2212 nobiliorem
1404 2204 1412 2218 ,
1437 2191 1528 2217 neque.
1540 2183 1686 2211 doctiorem

867 2232 889 2259 D
905 2234 1046 2264 patronum
1068 2229 1118 2257 sibi
1131 2230 1260 2264 Origenes
1273 2234 1367 2264 optare
1378 2229 1505 2264 potuerit.
1527 2228 1598 2256 Inter
1622 2236 1687 2255 non-

904 2280 1000 2309 gentas
1011 2282 1074 2310 ergo
1092 2275 1291 2306 conclusiones,
1305 2281 1372 2309 quas
1387 2274 1514 2301 universo
1527 2273 1585 2300 orbi
1598 2273 1688 2307 dispu—

905 2321 1001 2347 tandas
1022 2321 1182 2355 proposuit,
1201 2321 1316 2356 insignis
1333 2321 1390 2348 haec
1409 2324 1488 2348 erat:
1505 2329 1514 2345 ι
1531 2319 1688 2347 Rationabi-

904 2365 955 2393 lius
969 2371 1012 2393 est
1025 2367 1134 2395 credere
1157 2367 1298 2402 Origenem
1314 2373 1375 2394 esse
1388 2365 1492 2393 salvum
1505 2385 1513 2397 .
1534 2372 1614 2399 quam
1630 2372 1688 2392 ere.

904 2411 969 2439 dere
981 2412 1144 2447 ipsumesse
1161 2413 1327 2440 damnatum.
1358 2421 1368 2438 ι
1395 2411 1434 2439 Ex
1455 2411 1558 2446 ingenti
1575 2410 1619 2437 illa
1638 2417 1687 2442 po-

904 2458 1032 2485 sitionum
1051 2463 1125 2486 strue
1149 2458 1276 2486 tredecim
1298 2457 1437 2486 asteriscis
1458 2456 1593 2492 signatas.
1609 2455 1685 2489 quasi

903 2503 964 2530 ﬁdei
982 2503 1152 2531 Christianae
1174 2504 1338 2537 contrarias,
1355 2504 1411 2532 Pici
1439 2502 1527 2531 :emuli
1542 2501 1686 2528 damnave-

902 2553 985 2582 runt,
1000 2550 1027 2577 in
1052 2549 1151 2585 quibus
1176 2556 1208 2577 ea
1228 2554 1286 2576 erat
1309 2557 1369 2584 quae
1386 2549 1420 2577 ad
1437 2549 1548 2578 salutem
1564 2546 1685 2581 Origenis

903 2596 1029 2631 pertinet.
1043 2595 1200 2631 Apologiam
1214 2603 1263 2630 pro
1279 2603 1308 2623 se
1323 2603 1426 2630 suaque
1443 2595 1565 2622 doctrina
1578 2592 1685 2627 scripsit

903 2642 1071 2670 clarissimus
1091 2643 1214 2677 princeps
1228 2661 1236 2674 ,
1252 2646 1279 2669 et
1293 2641 1406 2669 tutando
1428 2639 1685 2674 Adamantio.pecu-

903 2688 971 2716 liare
992 2694 1075 2724 caput.
1090 2689 1198 2716 dicavit.
1218 2687 1327 2723 Septem
1344 2687 1408 2714 illud
1422 2692 1529 2715 constat
1551 2685 1685 2718 articulis,

903 2742 972 2769 quos
986 2735 1089 2762 referre
1103 2735 1169 2762 utile
1181 2739 1242 2761 est:
1262 2743 1272 2759 ι
1289 2734 1315 2761 In
1335 2733 1422 2768 primo
1438 2733 1554 2764 videtur,
1578 2739 1611 2759 an
1626 2731 1684 2759 Ori-

905 2788 988 2815 genes
1004 2787 1121 2815 unquam
1145 2780 1299 2809 bzereticam
1313 2779 1346 2807 de
1358 2779 1438 2806 rebus
1452 2777 1514 2805 ﬁdei
1531 2777 1684 2812 opinionem
