1927 3076
247 150 315 177 1179

875 149 905 177 Ρ.
926 149 1083 178 DANIELIS
1102 150 1219 179 HUETI!
1232 192 1236 197 ἡ

1791 148 1848 179 1180

246 207 386 242 scripserit
403 211 429 234 et
442 207 602 241 crediderit;
616 207 641 234 in
659 208 787 240 secundo,
804 207 867 235 dato
880 209 950 243 quod
962 210 1029 236 scri-
1042 212 1068 242 Α
1081 210 1115 238 ab
1139 208 1259 237 Ecclesia
1281 208 1398 243 legitime
1415 213 1590 243 congregrata
1615 207 1786 239 damnatum,
1806 215 1848 236 nec

247 254 341 288 puer-it,
356 261 389 279 an
410 252 571 288 dogmalice.
586 253 628 280 vel
644 254 795 287 adhaesive,
819 255 860 282 vel
876 254 1029 289 inquisitive

246 303 347 327 tantum
369 298 524 332 scripserit;
550 298 577 326 in
597 299 689 329 tertio.
714 300 776 327 dato
798 300 869 334 quod
885 300 1027 334 adhresive,

204 339 205 344 ¹
245 353 279 372 an
293 345 381 371 taliter
397 345 546 378 adha'sive,
563 345 633 379 quod
651 345 694 372 ille
709 346 852 373 scribendo
878 346 1029 374 mortaliter

244 391 414 426 peccaverit.
443 395 470 417 et
489 391 633 418 hzeretieus
662 391 713 418 dici
740 392 844 426 possit;
870 392 897 419 in
913 397 1028 427 quarto,

245 436 308 464 dato
319 437 389 471 quod
405 437 557 471 scripserit,
570 441 598 465 et
612 437 701 464 taliter
713 437 862 472 scripserit,
879 438 949 473 quod
961 438 1029 465 scri-

244 482 333 510 bendo
343 483 486 515 erraverit,
503 490 536 510 an
550 491 598 518 pro
615 483 712 510 talibus
723 491 840 518 unquam
851 484 1026 518 paenituerit;

245 529 272 555 in
294 529 406 563 quinto,
424 529 486 556 dato
500 530 570 564 quod
586 529 619 557 de
632 529 691 564 ejus
714 537 764 557 nec
787 530 955 564 pterdtontia,
979 537 1028 558 nec

245 575 444 609 irnpmuitentia
463 579 587 608 constet,
610 583 644 602 an
669 575 705 603 sit
730 575 918 603 rationabilius
941 576 1026 610 ipsum

245 621 358 648 credere
370 627 428 647 esse
442 619 611 652 damnatum,
630 627 663 646 an
675 620 797 653 salvum;
813 621 839 647 in
859 625 946 652 sexto,
964 620 1028 656 quid

246 673 278 693 ex
295 666 375 692 dictis
391 666 560 692 decretorum
582 666 752 700 iudicandum
767 665 803 693 sit
814 666 961 693 Ecclesiam
982 667 1029 694 de-

246 712 405 739 terminasse
419 712 451 738 de
464 712 592 746 Origene;
608 712 634 738 in
661 712 774 746 septimo
786 731 794 744 ,
812 716 942 744 quantum
957 713 1028 739 obli-

246 760 290 791 get
313 756 339 783 in
366 757 415 783 ista
431 758 542 784 materia
557 758 745 785 credulitatem
763 763 883 785 nostram
900 759 1028 786 determi-

246 802 320 829 natio
340 802 476 830 Ecclesize.
497 813 508 830 ›
522 803 632 831 Diversa
649 804 725 832 fuere
741 805 774 831 de
792 805 834 832 his
848 804 1028 832 conclusioni-

245 847 313 879 bus,
333 851 360 874 et
375 847 544 883 apologetico
567 849 705 876 hominum
722 849 822 883 judicia
833 870 840 882 ,
855 849 921 877 adeo
944 854 972 876 ut
987 849 1027 876 vi-

246 894 332 920 tanda:
345 882 488 921 multorum
502 893 654 927 olIensioni,
681 882 739 922 nea
753 902 888 930 quoquam
903 894 1024 930 legeren-
1041 882 1062 910 Β

245 943 290 965 tur
304 939 361 966 istae
373 940 560 967 conclusiones
585 940 695 967 decreto
712 941 832 968 sanxerit
856 940 1027 969 Innocentius

244 983 300 1010 Vlll
317 985 435 1018 pontifex
452 985 603 1019 maximus;
620 985 722 1013 salvam
738 990 827 1013 tamen
848 994 881 1014 ac
895 986 1026 1022 integram

243 1029 300 1057 Pici
315 1030 544 1058 existimationem
567 1037 628 1058 esse
649 1030 774 1059 voluerit.
790 1031 874 1065 Hujus
888 1038 1027 1059 successor

243 1075 396 1102 Alexander
413 1075 455 1108 Vl,
472 1083 542 1103 anno
569 1076 638 1103 M93
652 1096 660 1108 ,
675 1076 707 1103 18
720 1075 792 1103 Junii
807 1078 886 1105 breve
901 1077 1027 1112 apostoli-

243 1127 304 1147 cum
319 1121 351 1148 ad
364 1121 455 1148 Picum
471 1121 555 1155 dedit,
580 1123 651 1156 quod
669 1127 710 1149 est
727 1123 878 1156 hujusmodi
892 1144 900 1156 ,
927 1128 956 1150 ut
978 1130 1027 1158 pro

243 1166 364 1201 apologia
380 1167 466 1202 ipsum
482 1167 571 1194 valere
586 1167 690 1202 possit,
709 1168 776 1195 adeo
802 1175 895 1196 severa
911 1173 937 1196 et
950 1169 1045 1208 gravL

243 1213 365 1240 oratione
377 1212 448 1239 omni
461 1211 553 1239 Picum
569 1213 703 1240 hareseos
719 1218 746 1241 et
759 1214 861 1241 erroris
875 1215 1027 1249 suspicione

243 1257 346 1284 liberat.
365 1259 432 1284 Aliis
447 1263 511 1292 puto
534 1259 589 1286 Pici
615 1261 787 1294 exemplum,
814 1266 843 1287 ut
858 1262 946 1288 simile
975 1269 1024 1296 pro

243 1303 360 1338 Origene
379 1304 520 1335 auderent,
540 1305 650 1332 stimulo
670 1305 728 1332 fuit.
748 1306 927 1338 Quamobrem
945 1306 1027 1334 Joan-

244 1356 292 1375 nes
315 1349 462 1377 Nauclcrus
483 1350 661 1385 'l‘ubingensis
675 1352 836 1387 praepositus
864 1352 977 1386 insignia
998 1353 1025 1380 in

243 1393 373 1422 Chronico
395 1395 505 1430 Origeni
536 1397 621 1431 elogia
648 1397 820 1432 conscripsit.
848 1397 938 1424 Multis
965 1405 1026 1424 eum

243 1447 349 1474 quoque
363 1441 561 1468 concelebravit
586 1442 710 1469 laudibus
736 1441 853 1470 Joannes
869 1441 1026 1470 Triltemius

243 1485 326 1512 abbas
337 1484 548 1518 Spanhemensis
561 1507 568 1520 ,
584 1487 610 1513 in
627 1487 674 1514 lib.
693 1487 730 1514 De
745 1489 835 1522 script.
851 1488 955 1521 ποίει,
977 1496 1027 1516 nec

239 1537 350 1558 errores
366 1535 452 1558 tamen
467 1531 551 1566 ipsius
567 1532 756 1567 dissimulavit,
773 1535 807 1561 ab
824 1534 911 1569 iisque
926 1535 949 1562 si
961 1534 1027 1562 alie-

244 1583 308 1602 num
319 1583 378 1603 esse
393 1576 460 1604 vcllc
474 1577 611 1612 professus
624 1583 675 1606 est.

280 1620 339 1648 XX.
361 1620 439 1649 Initio
453 1623 600 1657 superioris
619 1624 709 1651 saeculi
724 1632 833 1659 sparsas
846 1625 871 1652 in
884 1625 1027 1654 Bibliothe

244 1665 284 1693 eis
297 1665 521 1701 Origenianarum
536 1669 713 1702 scriptionum
734 1669 864 1704 reliquias
890 1670 1025 1706 colligere,

243 1711 307 1738 etin
322 1711 457 1746 publicam
476 1712 561 1740 lucem
579 1714 644 1741 dare
659 1714 762 1749 primus
775 1715 895 1743 instituit
909 1715 1025 1744 Jacobus

243 1755 371 1784 Merlinus
397 1756 594 1785 Victurniensis
607 1778 614 1791 ,
631 1759 767 1794 theologus
781 1782 789 1794 ,
823 1762 971 1789 canonicus
1000 1766 1027 1789 et

243 1802 459 1837 prcnitentiarius
476 1802 646 1832 Parisiensis.
668 1804 747 1839 Operi
776 1806 928 1841 Apologiam
951 1807 1027 1834 addi-

243 1847 284 1874 dit
299 1855 346 1882 pro
370 1847 492 1882 Origene,
514 1849 540 1876 in
558 1856 611 1884 qua
628 1851 660 1877 de
676 1850 782 1878 Gelasio
794 1872 803 1885 ,
828 1856 855 1879 et
875 1852 926 1879 lata
949 1853 982 1880 ab
995 1859 1026 1880 eo

244 1891 272 1919 in
289 1892 404 1920 concilio
418 1892 542 1922 Romano
559 1895 704 1929 sententia,
731 1900 786 1923 tum
801 1901 828 1925 et
843 1898 875 1925 de
894 1897 1026 1933 Hierony-

243 1945 289 1966 mo
306 1945 358 1966 non
373 1939 438 1967 satis
453 1941 599 1974 prudenter
612 1941 718 1971 locutus
729 1947 782 1976 est,
801 1950 851 1971 nec
866 1948 894 1970 ut
905 1944 1026 1972 Catholi-

242 1991 305 2012 eum
319 1991 352 2011 ac
366 1985 438 2019 pium
454 1985 553 2018 virum,
566 1986 665 2014 nedum
683 1987 835 2023 theologum
853 1989 1026 2022 decuit,alia-

242 2036 296 2064 que
312 2030 409 2065 adjecit
423 2030 518 2063 multa,
532 2039 592 2066 quae
606 2032 708 2061 Μηδεωί
724 2033 929 2062 Cameracensis
942 2035 1023 2062 scho-

243 2075 276 2103 la:
289 2080 343 2103 tum
356 2076 469 2104 rectoris
481 2096 488 2109 ,
507 2081 533 2104 et
556 2077 658 2106 Natalis
674 2079 750 2106 Beda:
769 2079 903 2107 facultatis
925 2080 1027 2109 theolo-

243 2122 310 2156 gicae
323 2121 429 2156 syndici
444 2123 706 2155 expostulationibus
728 2128 848 2159 patuere.
871 2124 939 2152 Cum
963 2125 1024 2153 Ori-

243 2167 319 2202 gcnis
338 2174 403 2201 ergo
418 2167 468 2201 ipsi
485 2167 677 2203 aﬂingerentur
693 2177 812 2202 errores,
828 2171 919 2198 multis
932 2170 964 2199 ae
980 2171 1024 2199 diu

1040 1556 1061 1585 α

1079 261 1121 284 est
1134 256 1301 288 hreretieum,
1319 262 1404 288 neque
1417 255 1443 282 in
1463 255 1514 281 ﬁde
1538 259 1706 289 suspectum.
1734 263 1744 280 ι
1768 253 1847 280 Tertia

1078 305 1121 329 est
1133 300 1288 336 hujusmodi
1301 309 1307 327 :
1322 309 1332 326 ε
1355 300 1534 328 Probabiliter
1555 300 1691 328 aﬂlrmans
1715 301 1847 335 Origenem

1078 347 1268 374 Adamantium
1295 345 1421 373 Leonidis
1439 346 1564 381 martyris
1589 346 1672 373 lilium
1698 353 1751 373 non
1777 346 1849 373 fuisse

1078 398 1216 421 auctorem
1234 392 1354 420 omnium
1382 392 1487 419 illorum
1514 393 1692 426 pessimorum
1707 397 1850 419 erratorum

1079 445 1138 474 qua:
1153 439 1204 466 sibi
1228 438 1424 473 imponuntur,
1453 445 1504 464 non
1529 437 1639 472 derogat
1664 437 1851 464 ecclesiasticis

1078 485 1272 517 sanctionibus,
1282 490 1368 518 neque
1380 486 1551 510 summorum
1560 482 1716 517 pontiﬁcum
1730 482 1849 515 decretis,

1078 537 1165 565 neque
1189 535 1345 557 sanctorum
1376 529 1484 556 Patrum
1508 529 1689 563 dogmatibus.
1720 537 1731 553 ι
1759 527 1852 561 Quarta

1078 574 1120 602 his
1136 575 1226 601 verbis
1249 578 1378 608 concepta
1400 578 1441 600 est
1466 582 1472 599 :
1499 582 1509 598 ι
1527 572 1657 599 Asserere
1682 572 1853 607 probabiliter

1078 620 1188 647 alteram
1205 620 1317 646 istarum
1330 619 1541 654 propositionum
1559 627 1566 644 :
1584 617 1713 652 Origenes
1723 618 1852 645 Adaman-

1079 665 1131 692 tius
1142 663 1267 691 Leonidis
1284 664 1410 698 martyris
1427 663 1496 690 filius
1513 670 1564 689 non
1581 667 1632 693 est,
1650 669 1700 689 nec
1729 662 1780 689 fuit
1804 663 1852 689 b2-

1078 710 1178 736 reticus
1198 718 1203 736 :
1227 709 1355 743 Origenes
1387 708 1562 735 Adamantius
1584 707 1710 734 Leonidis
1731 708 1853 742 martyris

1079 755 1149 782 ﬁlius
1166 760 1208 782 est
1229 754 1271 781 vel
1294 754 1345 781 fuit
1374 754 1517 781 haereticus
1532 773 1539 786 ,
1566 761 1618 780 non
1635 758 1677 779 est
1692 753 1852 783 haereticum.

1079 800 1206 828 hreresim
1232 799 1339 833 sapiens
1351 819 1359 831 ,
1376 806 1425 826 nec
1447 805 1604 831 erroneum,
1619 806 1634 824 a
1649 797 1702 825 ﬁde
1730 802 1778 824 aut
1799 799 1853 825 ﬁdei

1077 846 1178 881 pietate
1191 845 1317 872 alienum.
1331 853 1341 870 ›
1354 843 1452 877 Quinta
1467 843 1528 870 talis
1541 847 1600 870 est:
1616 851 1625 868 ι
1644 842 1780 870 Asserens
1792 843 1859 870 hanc

1079 891 1120 919 vel
1140 891 1212 919 illam
1228 895 1328 925 partem
1347 889 1532 925 probabiliter,
1555 896 1687 924 seponere
1700 889 1783 916 debet
1801 896 1855 916 om-

1078 945 1138 965 nem
1155 936 1345 972 pertinaciam,
1359 940 1388 963 et
1411 935 1460 963 sub
1486 928 1641 963 conditione
1663 942 1795 970 expressa
1819 933 1856 962 vd

1077 983 1156 1011 tacita
1183 981 1316 1009 afﬁrmare
1334 980 1445 1008 alteram
1464 987 1471 1006 :
1498 979 1616 1015 aliaquin
1642 981 1800 1015 periculoso
1819 981 1857 1008 di-

1076 1028 1196 1056 scrimini
1207 1035 1267 1055 sese
1283 1027 1475 1054 committeret.
1494 1036 1503 1052 »
1517 1026 1600 1054 Sexta
1610 1027 1646 1054 ita
1657 1034 1791 1062 expressa
1800 1031 1858 1054 est:

1079 1083 1089 1101 ‹
1109 1074 1237 1108 Quamvis
1261 1073 1395 1108 praedictae
1411 1073 1607 1108 propositiones
1632 1081 1686 1099 non
1706 1073 1813 1106 possint
1828 1073 1858 1099 si-

1077 1120 1132 1148 mul
1148 1123 1220 1147 stare
1235 1119 1262 1146 in
1279 1119 1402 1150 veritate,
1417 1123 1444 1146 et
1468 1126 1580 1147 necesse
1607 1118 1642 1146 sit
1668 1119 1788 1146 alterum
1805 1126 1860 1146 esse

1077 1173 1182 1199 veram;
1196 1170 1249 1193 stat
1265 1170 1353 1192 tamen
1364 1165 1481 1200 aliquem
1497 1169 1599 1200 partem
1615 1173 1708 1192 veram
1727 1165 1860 1192 alﬁrmarr

1077 1216 1130 1239 tem
1143 1220 1196 1239 non
1210 1218 1270 1239 esse
1291 1211 1494 1239 schismaticum
1505 1231 1513 1243 ,
1532 1218 1581 1238 nec
1595 1211 1630 1238 de
1652 1211 1807 1238 schismate
1822 1219 1861 1238 su-

1077 1263 1208 1293 spectum.
1230 1267 1240 1284 ι
1258 1257 1379 1293 Septima
1393 1257 1501 1285 demum
1514 1257 1557 1284 his
1578 1257 1670 1284 verbis
1685 1257 1840 1284 absolvitur
1855 1268 1860 1284 :

1079 1314 1088 1330 ε
1106 1303 1266 1331 Christianae
1281 1303 1372 1339 pietati
1397 1303 1592 1331 conducibilius
1604 1307 1646 1330 est
1660 1323 1668 1335 ,
1683 1308 1781 1331 stante
1807 1303 1859 1334 tali,

1079 1354 1206 1385 [anlOter
1223 1349 1316 1382 dubio,
1332 1357 1392 1376 cum
1408 1349 1509 1377 veritas
1530 1349 1556 1376 in
1574 1353 1651 1384 parte
1663 1348 1776 1376 occulta
1792 1352 1861 1375 estet

1077 1403 1176 1430 anceps
1190 1415 1197 1428 ,
1215 1403 1263 1423 nec
1279 1402 1326 1430 per
1350 1395 1498 1423 Ecclesiam
1527 1399 1573 1422 aut
1596 1394 1759 1430 pontiﬁcem
1776 1400 1863 1429 aperte

1077 1440 1204 1474 deﬁnita,
1221 1441 1254 1468 de
1275 1440 1398 1476 Origenis
1419 1441 1541 1469 doctrina
1557 1445 1583 1468 et
1605 1445 1722 1468 auctore
1746 1441 1863 1476 ejusdem

1077 1486 1103 1513 in
1118 1486 1237 1514 favorem
1252 1487 1322 1514 bene
1344 1494 1439 1522 sapere
1454 1491 1481 1514 et
1498 1487 1693 1522 dogmatizare,
1713 1493 1800 1520 quam
1809 1494 1862 1520 per-

1078 1539 1183 1568 peram;
1195 1537 1222 1560 et
1235 1533 1261 1559 in
1277 1532 1490 1560 commendando
1508 1533 1650 1565 excedere,
1663 1539 1748 1567 quam
1771 1531 1862 1558 deﬁce-

1078 1584 1107 1604 re
1127 1584 1142 1603 a
1167 1577 1245 1605 laude
1267 1578 1319 1605 sibi
1343 1578 1430 1606 debita
1448 1587 1454 1605 :
1471 1579 1620 1613 praesertim
1648 1579 1670 1605 si
1691 1578 1720 1604 in
1750 1578 1862 1605 alterum

1076 1623 1169 1650 venire
1182 1628 1315 1658 oporteat.
1333 1632 1343 1650 ι
1359 1624 1501 1651 Secundus
1523 1624 1591 1651 liher
1615 1631 1715 1651 novem
1743 1624 1863 1658 proposi-

1078 1669 1164 1695 tiones
1189 1675 1224 1696 ex
1251 1668 1378 1704 Apologia
1403 1668 1507 1696 Merlini
1532 1670 1565 1696 ab
1594 1669 1680 1703 ipsius
1700 1669 1864 1696 adversariis

1077 1718 1220 1750 excerptas
1233 1718 1261 1742 et
1276 1715 1454 1750 reprehensas
1471 1715 1601 1743 defendit.
1620 1715 1733 1743 Tertius
1742 1715 1864 1750 Origenis

1077 1760 1164 1788 Vitam
1181 1765 1208 1788 et
1220 1760 1312 1796 Elegia
1328 1769 1361 1789 ex
1376 1761 1500 1793 Eusebio,
1518 1761 1693 1796 Hieronymo,
1734 1761 1865 1789 Nauclem

1075 1811 1102 1834 et
1118 1806 1261 1835 Trittemio
1274 1807 1428 1842 depromit:
1443 1808 1541 1842 quibus
1560 1807 1681 1843 subjecta
1695 1813 1740 1835 est
1757 1815 1865 1843 respou-

1076 1853 1116 1879 sio
1132 1852 1166 1879 ad
1192 1852 1315 1888 Dialogos
1339 1852 1455 1885 Massezi,
1471 1858 1498 1880 et
1520 1853 1707 1881 Αᾱάὶιαιὶωιεε
1730 1853 1824 1882 Bedae.
1842 1855 1865 1880 lu

1076 1898 1117 1926 his
1131 1897 1260 1926 Merlinus
1275 1906 1327 1926 non
1341 1904 1396 1926 tam
1411 1906 1443 1926 ex
1462 1899 1512 1926 ﬁde
1523 1899 1642 1926 historiae
1661 1904 1689 1926 et
1702 1900 1865 1927 testimoniis

1078 1945 1263 1979 antiquorum,
1279 1952 1360 1980 quam
1377 1945 1510 1973 contortis
1520 1945 1698 1980 sophismatis
1711 1951 1741 1974 et
1754 1946 1865 1980 argutiis

1077 1990 1110 2018 de
1120 1990 1212 2017 schola
1229 1991 1366 2018 velitatur.

1109 2035 1180 2063 XXI.
1199 2036 1331 2064 Praeclare
1348 2037 1429 2064 etiam
1447 2037 1499 2064 hac
1516 2041 1595 2065 aetate
1620 2039 1653 2066 de
1667 2038 1793 2070 Origene
1810 2046 1864 2065 me-

1075 2081 1143 2108 ritus
1168 2086 1209 2109 est
1225 2082 1379 2110 Desiderius
1395 2082 1541 2115 Erasmus,
1557 2090 1619 2110 nam
1645 2089 1671 2110 et
1694 2083 1863 2111 Commenta-

1076 2128 1174 2154 riarum
1187 2128 1246 2162 ejus
1271 2129 1298 2155 in
1315 2128 1471 2156 Matthwum
1497 2135 1600 2164 partem
1616 2129 1739 2165 aliquam
1768 2129 1864 2157 Latino

1075 2179 1198 2202 sermone
1213 2174 1315 2208 retulit,
1330 2179 1357 2201 et
1376 2174 1464 2202 Vitam
1482 2175 1566 2209 ipsius
1583 2176 1705 2211 scripsit,
1729 2184 1762 2203 ac
1777 2177 1865 2203 laudes

243 2219 288 2239 res
302 2211 330 2238 in
344 2219 468 2247 supremo
486 2218 593 2246 senatu,
609 2218 635 2242 et
648 2214 720 2242 inter
734 2215 871 2244 Parisinos
887 2217 1025 2253 theologos
1041 2222 1063 2250 ι)
1077 2224 1234 2253 prosecutus
1249 2224 1310 2253 est,
1323 2225 1351 2248 et
1363 2221 1396 2248 de
1409 2220 1648 2254 lucubrationibus,
1665 2223 1756 2257 deque
1777 2223 1865 2250 erudi-

244 2262 416 2285 controversa
432 2266 463 2286 ac
471 2259 607 2294 disputata
620 2264 671 2288 est.
687 2261 766 2288 Certe
776 2269 846 2289 anno
861 2263 940 2294 1522,
957 2263 1025 2298 Apo-

243 2301 321 2336 logiaa
343 2309 398 2329 sua;
424 2303 575 2337 apologiam
597 2309 741 2340 pertexere
764 2313 907 2334 necessum
934 2307 1027 2335 habuit

243 2347 382 2375 Merlinus.
397 2348 476 2376 Manu
499 2351 600 2385 scripta
616 2351 659 2378 illa
683 2357 806 2379 servatur
823 2353 853 2379 in-
867 2353 1024 2388 theologica:

243 2393 379 2420 facultatis
397 2394 573 2428 Bibliotheca,
591 2396 701 2432 ejusque
717 2398 781 2425 mihi
793 2406 873 2425 usura
897 2407 1024 2427 concessa

243 2443 294 2467 cst.
309 2439 393 2472 Quam
410 2448 460 2467 cur
478 2441 505 2468 in
520 2441 606 2469 lucem
621 2451 673 2470 non
690 2444 812 2472 emiserit
831 2450 935 2478 auctor,
950 2446 1025 2480 equi—

241 2484 302 2512 dem
319 2487 419 2513 nescio.
441 2486 539 2515 Tribus
552 2488 595 2515 illa
610 2488 686 2516 libris
699 2490 864 2517 continetur.
881 2490 958 2518 Prior
977 2499 1024 2525 pro

241 2530 358 2567 Origene
387 2532 563 2568 Origenisque
588 2535 710 2561 doctrina
743 2527 863 2570 pugnat,
879 2541 908 2562 et
922 2542 1022 2571 septem

243 2577 463 2606 conclusionibus
474 2579 631 2612 absolvitur,
648 2587 763 2614 quarum
779 2580 866 2615 prima
883 2581 940 2608 haec
960 2586 1001 2608 est
1015 2591 1021 2609 :

245 2632 256 2650 ‹
273 2623 331 2651 Non
340 2629 381 2652 est
389 2630 492 2652 certum
505 2629 533 2652 et
547 2626 668 2657 evidens,
684 2633 734 2653 nec
747 2626 936 2659 indubitatum,
951 2634 1023 2654 con-

213 2662 224 2670 ί
243 2668 334 2696 cilium
360 2669 468 2705 aliquod
495 2671 638 2698 damnasse
662 2671 805 2706 Origencm
833 2672 1022 2700 Adamantium

243 2713 367 2742 Leonidis
387 2716 515 2751 martyris
529 2716 624 2749 ﬁlium,
640 2720 768 2752 tanquam
791 2717 946 2745 hzereticum
972 2725 1020 2745 no-

244 2760 342 2786 torium
360 2766 387 2788 et
400 2761 549 2795 publicum.
571 2772 580 2788 I
596 2763 686 2790 Altera
708 2763 746 2791 ita
762 2770 790 2791 sc
806 2763 887 2791 habet
913 2774 919 2791 :
943 2773 953 2790 ‹
971 2764 1022 2791 Do-

245 2805 391 2837 gmatizarc
406 2806 744 2841 OrigenemAdamantium
757 2809 881 2838 Leonidis
894 2810 1020 2845 martyris

245 2847 330 2876 ﬁlium
345 2857 404 2885 non
419 2850 502 2880 fuisse
515 2853 650 2883 notorium
664 2860 691 2883 et
707 2855 843 2887 publicum
865 2856 1020 2886 htcrcticum

1077 2266 1160 2297 tione,
1176 2273 1207 2293 ac
1218 2266 1331 2293 docendi
1350 2266 1455 2294 ratione
1468 2266 1610 2293 arbitrium
1623 2267 1683 2294 tulit
1695 2276 1704 2300 ;
1718 2276 1732 2294 a
1752 2269 1864 2303 dogma-

1077 2311 1111 2338 tis
1120 2316 1208 2338 autem
1223 2319 1319 2340 manus
1329 2312 1470 2344 abstinuit,
1485 2317 1581 2344 morte,
1596 2313 1623 2340 ni
1636 2313 1730 2345 fallor,
1743 2322 1865 2349 ιιι-πιπρα-

1077 2361 1131 2389 tus,
1151 2365 1211 2391 quae
1225 2359 1370 2392 quominus
1388 2363 1539 2393 susceptam
1555 2366 1663 2393 quoque
1679 2358 1865 2394 Origeniano-

1075 2410 1133 2430 rum
1153 2410 1265 2438 operum
1283 2404 1428 2431 editionem
1445 2408 1471 2431 et
1493 2411 1635 2431 censuram
1652 2404 1825 2435 absolveret,
1841 2410 1866 2432 et

1074 2448 1199 2482 Origenis
1221 2449 1392 2477 adversarios
1419 2449 1570 2482 refelleret,
1588 2450 1791 2484 impedimento
1805 2451 1864 2477 fuit.

1074 2491 1102 2519 ln
1115 2500 1147 2520 ea
1170 2500 1261 2527 porro,
1283 2502 1342 2528 quae
1358 2498 1457 2528 exstat,
1481 2502 1602 2522 censum
1622 2500 1700 2529 parte
1718 2496 1863 2530 antiquum

1074 2537 1203 2566 Erasmus
1217 2539 1345 2573 obtinuit,
1359 2547 1404 2567 res
1420 2547 1473 2568 non
1485 2541 1552 2568 satis
1563 2545 1689 2568 accurate
1702 2546 1865 2575 perspectas

1073 2582 1204 2616 prazcipiti
1229 2582 1333 2616 judicio
1357 2584 1529 2618 diseeptans,
1553 2589 1579 2611 et
1595 2585 1778 2619 disceptando
1794 2593 1863 2612 non-

1073 2635 1210 2662 nunquam
1225 2628 1383 2663 impingens.
1403 2629 1579 2666 Summopere
1591 2630 1701 2658 interim
1713 2630 1863 2666 Origenem

1073 2673 1246 2701 aversabatur
1262 2674 1392 2702 Martinus
1408 2675 1551 2708 Lutherus,
1566 2676 1651 2710 [cujus
1665 2683 1698 2702 ea
1714 2683 1769 2703 vox
1790 2676 1860 2703 fuit:

1075 2727 1084 2744 ι
1102 2717 1246 2754 Origeuem
1263 2718 1420 2753 jamdudum
1434 2721 1501 2748 diris
1515 2720 1619 2748 devovi.
1647 2730 1656 2747 ι
1672 2720 1724 2748 Cui
1744 2721 1861 2749 subinde

1073 2764 1234 2799 astipulatus
1252 2769 1294 2792 est
1309 2765 1466 2793 Theodorus
1477 2766 1557 2800 Beza,
1569 2773 1630 2793 cum
1641 2769 1785 2796 sexcentis
1795 2767 1860 2795 locis

1072 2810 1274 2837 adnotationum
1291 2811 1421 2846 majorum
1441 2812 1466 2838 in
1493 2811 1640 2846 Epistolam
1655 2814 1690 2839 ad
1712 2813 1858 2843 Romanas,

1072 2860 1128 2884 tum
1145 2857 1261 2885 maxime
1277 2857 1329 2886 sub
1350 2858 1437 2893 ipsum
1453 2858 1558 2886 initium
1571 2877 1578 2884 .
1606 2858 1762 2888 fmdissima
1789 2859 1861 2888 Δάι-
