1927 3076
77 163 142 191 1181

519 163 804 194 ORIGENIANORUM
823 164 888 195 LIB.
908 165 941 199 ll,
961 165 1035 194 CAP.
1057 167 1100 200 IV,
1120 167 1215 196 SECT.

1618 172 1689 200 “8%

74 223 179 251 manlio
195 223 322 259 stigmata
347 223 457 251 inurens
471 233 476 251 :
493 233 503 250 ι
523 223 616 259 Neque
639 217 702 254 vero
716 245 725 260 ,
748 225 834 260 inquit
847 247 855 259 ,
871 227 895 256 Α
908 233 992 254 ausos
1003 234 1062 254 esse
1077 235 1126 262 pro
1141 229 1233 256 eodem
1243 235 1326 256 novas
1340 228 1420 258 edere
1439 229 1585 266 apologias,
1601 235 1628 259 et
1638 239 1686 260 au-

74 278 134 298 cum
153 270 210 298 haec
235 270 312 304 dico,
333 271 479 306 quidquam
496 271 555 299 volo
571 270 680 299 Patrum
700 272 854 300 auctoritati

73 316 219 344 detrahere
235 325 242 343 :
260 317 308 344 scd
319 323 384 344 sane
404 317 474 352 quod
489 318 523 344 ad
534 325 576 344 me
593 318 700 351 attinet,
712 318 855 354 Origenetn

73 369 127 388 non
144 369 255 396 possum
270 362 339 389 bona
354 362 519 390 conscientia
544 363 615 391 inter
628 371 675 391 eos
693 363 788 392 Patres
801 365 856 392 θοις

72 406 174 439 locare,
192 413 259 441 quos
283 406 360 434 velim
373 407 484 435 imitari.
513 407 605 443 itaque
629 416 681 436 non
700 409 809 444 pudebit
823 408 855 436 il-

72 453 125 481 lius
152 457 242 480 errata
269 453 369 487 passim
397 453 519 481 refellere
534 473 542 486 ,
567 453 641 482 nullo
664 453 713 490 (ita
730 461 773 482 me
787 454 855 482 bene

72 499 144 527 Deus
155 499 237 533 amet)
255 498 423 526 obtrectandi
440 499 527 526 studio
541 508 548 526 :
569 499 616 528 sed
632 500 701 534 quod
718 500 853 535 impurum

71 544 232 579 scriptorem
246 549 372 578 exoptem
399 548 446 571 aut
465 550 498 571 ex
522 544 652 572 lectorum
668 545 792 573 manibus
806 553 854 573 ex-

71 590 141 622 cuti,
153 593 199 616 aut
215 597 321 617 summo
334 597 394 617 cum
406 589 509 624 judicio
524 597 538 617 a
559 590 686 618 studiosis
698 591 818 619 tractari.
840 600 850 618 ι

70 635 237 663 Moderatius
251 635 285 663 de
296 634 414 670 Origene
435 638 463 663 et
476 635 579 671 aequius
594 640 735 664 senserunt
749 641 776 664 et
786 637 854 664 scri-

71 684 187 715 pserunt
203 680 448 715 Magdcburgenses
458 699 467 712 ,
481 687 531 715 pro
544 680 619 708 vitiis
632 688 694 709 eum
712 681 754 709 vel
765 681 854 709 virtu-

70 726 145 753 tibus
156 730 283 754 ornantes
297 736 304 753 :
321 733 474 761 quanquam
491 725 681 761 minimeipsos
694 726 854 759 ferasJAda-

70 772 167 803 mantii
181 772 332 801 orthodoxa
347 772 486 804 nonnulla.
498 772 545 800 sed
560 777 640 800 sectae
652 780 706 800 suae
721 772 852 807 dogmatis

69 820 218 851 contraria,
237 819 265 846 in
280 819 381 846 crimen
398 818 552 851 trahentes;
571 818 659 853 aliqua
680 826 744 846 vero
756 825 852 853 perpe-

69 873 128 892 ram
143 865 195 899 ipsi
213 864 380 899 aﬂingentes.
396 864 547 891 Adamantii
569 865 598 892 in
621 864 750 891 Joannem
773 863 852 892 Com-

908 272 1032 300 ctoritate
1049 273 1190 301 catholicas
1212 274 1338 302 ECclesize
1354 274 1486 308 iudicatas
1497 276 1596 311 saepius
1619 285 1685 304 con-

909 323 1046 347 troversas
1063 320 1151 347 dcnuo
1165 324 1266 348 temere
1279 321 1381 355 agitare
1392 341 1400 354 ,
1413 322 1484 356 quod
1498 322 1571 350 visus
1582 328 1623 350 est
1645 323 1686 351 te-

907 363 976 391 cisse
988 368 1033 392 aut
1045 365 1150 399 pridem
1168 365 1261 393 Sixtus
1274 365 1411 394 Senensis.
1431 376 1440 392 l
1454 366 1510 394 Non
1530 367 1621 395 mitius
1629 368 1686 395 Ori-

912 416 1006 442 genem
1031 410 1112 438 habet
1136 410 1269 438 Robertus
1282 410 1458 440 Bcllarminus
1486 413 1628 441 cardinalis
1650 414 1686 447 “,

904 453 1082 490 Origenisque
1107 455 1174 484 adeo
1193 456 1335 490 partiarios
1357 464 1451 485 omnes
1474 462 1500 485 et
1517 457 1685 487 defensores.

941 500 1052 528 Summa
1071 508 1137 528 sane
1147 502 1276 536 equitate
1286 509 1347 529 cum
1362 502 1524 530 Adamantio
1539 503 1593 538 egit
1603 502 1683 530 Clau-

905 545 965 573 dius
987 546 1149 582 Espencaeus
1175 547 1202 574 in
1221 547 1420 574 Commentariis
1442 548 1469 575 in
1485 547 1630 582 Epistulam
1649 549 1683 576 ad

907 590 1013 624 Titum;
1029 599 1091 619 nam
1118 599 1205 627 neque
1220 592 1316 620 insano
1330 592 1483 621 obcaecatus
1500 601 1591 621 amore
1607 594 1685 628 quid-

904 644 985 672 quam
996 637 1029 665 de
1047 637 1100 666 ﬁde
1114 638 1236 666 historiae
1259 639 1408 674 decerpsit,
1426 647 1475 666 nec
1492 639 1630 668 erroribus
1643 639 1685 668 of-

902 681 996 710 fensus
1010 682 1105 711 laudes
1118 683 1201 719 ipsius
1219 684 1383 712 obscuravit.
1405 683 1552 712 Plurimum
1568 684 1618 719 ipsi
1642 684 1684 712 fa-

907 727 980 756 visse
993 728 1079 756 fertur
1103 736 1134 757 ac
1158 729 1241 757 multa
1257 731 1424 758 condonasse
1437 730 1555 758 Vicelius
1577 731 1603 757 in
1618 730 1685 759 ltro

902 772 942 800 De
970 776 1138 809 scriptoribus
1174 775 1375 809 ecclesiasticis;
1403 777 1474 811 quod
1512 777 1620 811 quidem
1649 784 1684 804 ex

904 819 991 847 aliena
1007 820 1059 848 ﬁde
1079 817 1177 855 refero,
1203 829 1265 848 nam
1283 822 1380 849 librum
1396 821 1514 856 reperire
1529 829 1582 849 non
1599 823 1683 857 potui.

905 863 1080 899 Reliquorum
1098 872 1162 893 vero
1191 865 1218 893 in
1245 867 1368 894 ornando
1386 866 1502 901 Origene
1525 866 1684 894 industriam

69 897 201 938 menta—ria
215 910 242 937 in
253 897 357 937 veneta
370 908 399 937 S.
418 908 500 936 Marci
519 909 683 937 Bibliotheca
698 909 791 937 Grrece
803 917 850 937 na.
864 897 889 927 Β
904 897 984 944 longo
1003 906 1145 939 intervallo
1177 912 1313 947 superavit
1336 897 1474 940 Gilbert'us
1496 911 1684 940 Genebrardus

68 961 130 984 ctus
141 956 299 984 Ambrosius
312 956 454 984 Ferrarius
469 956 687 989 Mediolanensis,
704 956 853 984 monachus

68 1001 208 1034 Cassinas,
229 1001 332 1036 primus
350 1000 445 1029 Latine
459 1001 591 1029 convertit
611 1007 640 1028 et
655 1001 724 1036 typis
740 1001 853 1029 commi—

67 1049 104 1074 sit
121 1057 128 1075 :
144 1046 312 1083 Origenianae
326 1055 391 1076 vero
415 1048 492 1075 fama:
518 1056 603 1083 usque
627 1048 693 1075 adeo
716 1049 852 1077 studiosus

67 1093 131 1127 fuit,
149 1098 180 1120 ut
203 1094 265 1120 dum
282 1093 320 1120 illi
339 1093 526 1128 patrocinatus
539 1099 595 1126 est,
610 1101 706 1128 parum
718 1095 775 1129 ipse
796 1103 852 1122 suae

67 1139 236 1168 consuluerit
251 1146 258 1165 :
272 1141 396 1174 quamvis
414 1139 486 1167 enim
515 1147 618 1168 summa
636 1148 666 1168 se
678 1141 704 1167 in
719 1141 769 1168 hoc
784 1141 852 1168 libro

67 1185 198 1213 vertendo
210 1193 288 1213 usum
306 1185 356 1213 [ide
379 1186 414 1213 sit
434 1186 595 1219 obtestatus,
612 1186 739 1214 nonnulla
762 1191 850 1214 tamen

67 1231 192 1258 consulto
211 1235 315 1258 resecta
342 1230 548 1266 deprehendas,
574 1232 600 1259 in
626 1233 723 1267 quibus
738 1239 753 1259 a
777 1237 850 1260 recto

67 1273 231 1301 Christianae
247 1275 375 1302 doctrinae
389 1275 456 1302 calle
470 1274 601 1310 Origenes
618 1277 798 1304 aberraverat.
821 1276 849 1304 In

67 1320 264 1354 nuncupatoria
285 1325 417 1355 praeterea
435 1321 468 1348 ad
491 1319 591 1348 Iulium
605 1320 726 1348 Tertium
742 1321 850 1357 pontii]-

67 1371 128 1392 cem
155 1367 300 1392 maximum
329 1365 463 1401 epistola,
489 1366 595 1401 magnis
618 1374 677 1395 sese
700 1367 850 1402 sumptibus

67 1409 209 1437 adeundas
226 1417 335 1438 curasse
347 1415 440 1438 narrat
458 1411 660 1443 celeberrimas,
675 1419 735 1447 quae
752 1412 850 1447 ubique

67 1454 191 1490 gentium
203 1459 277 1488 sunt,
294 1455 480 1488 bibliothecas,
499 1456 588 1484 missis
601 1456 682 1484 etiam
704 1456 749 1491 qui
766 1461 848 1484 totam

66 1501 267 1536 perlustrarent
292 1501 422 1529 Graciam
436 1521 444 1534 ,
462 1507 489 1529 et
507 1502 530 1530 si
546 1509 607 1537 quae
630 1503 850 1530 nanciscerentur

66 1546 169 1580 scripta
186 1545 311 1581 Origenis
324 1567 331 1579 ,
349 1553 381 1573 ea
399 1547 430 1573 ad
445 1554 475 1574 se
495 1551 678 1582 asportarent.
698 1547 766 1575 llinc
783 1548 849 1575 adeo

66 1592 264 1627 locupletatus,
288 1591 371 1619 multa
397 1593 481 1627 ipsius
502 1598 530 1621 et
551 1595 648 1630 γνήσια
670 1600 751 1628 opera
774 1593 849 1628 prelo

65 1638 191 1674 parabat.
211 1637 277 1671 Quae
291 1645 340 1665 cur
353 1637 380 1664 in
396 1637 481 1665 lucem
496 1646 550 1667 non
574 1640 718 1674 venerint,
739 1640 849 1675 ignora-

67 1692 140 1712 mus.
153 1683 276 1711 Tutando
285 1683 409 1719 Origenis
422 1685 522 1712 nomini
535 1685 626 1714 utilem
643 1685 779 1718 aliquanto
789 1692 851 1721 post

65 1737 178 1766 operam
206 1730 318 1757 contulit
339 1729 431 1756 Sixtus
450 1729 577 1758 Senensis
599 1738 615 1758 e
640 1732 849 1761 Prasdicatorum

65 1776 170 1803 familia
185 1785 192 1803 :
206 1776 345 1811 egregium
357 1777 455 1812 quippe
467 1777 503 1804 illi
517 1778 544 1804 in
566 1777 739 1806 Bibliotheca:
749 1783 850 1807 sancite

65 1822 137 1850 libro
148 1826 246 1856 quarto
261 1822 377 1857 elogium
403 1824 581 1857 consecravit,
595 1823 623 1851 in
636 1832 689 1859 quo
706 1832 758 1852 non
776 1825 849 1853 illum

65 1868 154 1896 solum
167 1868 274 1896 extollit
286 1869 437 1904 praeconiis,
453 1869 501 1897 sed
525 1869 654 1897 librorum
668 1870 748 1898 etiam
764 1871 850 1905 ipsius

67 1921 213 1942 numerum
240 1919 385 1948 recenset,
407 1919 434 1943 et
457 1916 574 1950 genuina
591 1924 606 1943 a
623 1917 721 1952 spuriis
745 1917 850 1946 erudite

67 1961 197 1989 secernit.
208 1961 321 1989 Errores
335 1968 399 1989 vero
418 1961 445 1989 in
462 1962 671 1990 Adnotationum
685 1962 762 1990 libris
775 1967 850 1991 notat

65 2011 93 2035 et
104 2006 220 2034 excutit.
234 2006 332 2034 Parum
348 2007 431 2042 ipsius
446 2007 513 2035 ratio
527 2007 624 2035 Czcsari
634 2008 782 2036 Baronio"
790 2016 851 2036 car-

64 2051 151 2080 dinali
166 2051 277 2086 probata
291 2056 350 2084 est;
366 2052 411 2087 qui
426 2059 487 2079 cum
513 2053 679 2081 alienissimo
700 2059 772 2081 esset
803 2054 850 2082 ad-

63 2105 161 2126 versus
173 2097 316 2133 Origenem
330 2098 422 2125 animo
435 2119 442 2132 ,
458 2105 645 2134 summamque
664 2099 690 2126 in
709 2106 770 2127 eum
787 2099 850 2134 styli

64 2143 242 2178 asperitatem
264 2147 292 2170 et
315 2142 515 2170 inclementiam
532 2143 557 2170 in
573 2145 722 2172 Annalibus
739 2152 851 2172 exerce—

63 2193 119 2222 ret,
135 2188 237 2223 carpsit
249 2188 330 2216 etiam
346 2193 374 2216 et
385 2188 484 2216 obiter'
496 2189 583 2224 tetigit
602 2190 728 2224 reliquos,
741 2191 850 2226 quicun-

905 956 1045 991 theologus
1074 955 1255 990 Parisiensis.
1291 962 1317 985 et
1344 957 1562 992 archiepiscopus
1588 958 1685 985 deinde

902 1002 1056 1036 Aquensis:
1074 1010 1134 1029 nam
1154 1002 1258 1037 priores
1278 1002 1409 1030 editiones
1432 1003 1576 1035 recensuit,
1599 1008 1626 1030 et
1648 1003 1682 1030 ad

903 1054 995 1074 vetera
1012 1055 1072 1074 cum
1089 1047 1183 1074 Graeca
1205 1051 1260 1073 tum
1280 1045 1374 1073 Latina
1390 1046 1561 1074 Bibliotheca:
1583 1046 1683 1081 Regina,

902 1091 1066 1126 exemplaria
1082 1091 1196 1119 contulit
1218 1095 1245 1119 et
1265 1091 1433 1125 emendavit;
1446 1099 1541 1119 novam
1556 1092 1676 1119 omnium

902 1146 1014 1173 operum
1036 1137 1180 1165 editionem
1197 1137 1306 1165 molitus
1315 1143 1366 1171 est,
1384 1138 1410 1165 in
1424 1145 1510 1173 eaque
1524 1138 1606 1166 multa
1617 1145 1684 1165 non-

902 1185 965 1212 dum
979 1184 1051 1212 edita
1069 1183 1225 1219 publicavit,
1244 1183 1423 1211 Philocaliam
1442 1184 1469 1212 in
1483 1185 1607 1212 Latinum
1623 1192 1684 1212 ser-

902 1238 1010 1258 monem
1043 1230 1195 1263 transtulit;
1215 1230 1378 1258 collectanea
1399 1230 1511 1258 editioni
1537 1238 1592 1259 suae.
1616 1239 1685 1265 prte-

902 1276 971 1309 tixit,
988 1275 1013 1302 in
1029 1275 1127 1310 quibus
1142 1275 1211 1302 nihil
1234 1275 1291 1303 fere
1310 1275 1521 1310 praetermissum
1537 1280 1589 1309 est,
1612 1276 1682 1311 quod

901 1320 934 1347 ad
958 1320 1126 1355 purgandum
1147 1318 1313 1355 Origenem,
1342 1323 1370 1347 et
1391 1320 1464 1348 omni
1491 1320 1683 1348 absolvendum

901 1365 1014 1392 crimine
1023 1365 1182 1399 pertineret.
1194 1364 1294 1393 Ultimo
1300 1366 1449 1400 praesertim
1459 1365 1683 1393 collectaneorum

903 1410 992 1444 capite
1020 1409 1118 1437 selecta
1155 1410 1279 1445 quaedam
1308 1410 1433 1445 Origenis
1459 1416 1617 1446 prosecutus
1643 1415 1685 1439 est

898 1456 1042 1490 dogmata,
1059 1455 1092 1483 ab
1109 1456 1293 1483 ecclesiastica
1318 1464 1414 1484 norma
1437 1456 1637 1491 discrepantia;
1657 1457 1683 1483 in

901 1502 988 1536 iisque
1001 1502 1120 1529 tutandis
1137 1502 1179 1528 vel
1190 1502 1352 1530 excusandis
1367 1502 1480 1530 nimium
1501 1510 1550 1530 suo
1570 1503 1597 1530 in
1611 1502 1684 1537 ,Οι-ῑ-

862 1565 883 1595 C
901 1557 998 1586 senem
1017 1550 1103 1577 amori
1116 1550 1260 1578 obsecutus
1273 1554 1325 1578 est.
1339 1549 1484 1584 .Equiores
1509 1557 1538 1578 se
1561 1550 1587 1577 in
1604 1550 1685 1577 rebus

902 1597 985 1632 ipsius
1001 1596 1150 1624 tractandis
1169 1597 1342 1630 praebuerunt
1361 1595 1492 1624 Antonius
1521 1596 1684 1623 Possevinus

902 1642 929 1669 in
943 1641 1044 1677 Appar.
1070 1649 1140 1669 επεν.
1161 1641 1275 1669 Jacobus
1293 1641 1436 1668 Gretserus
1448 1641 1487 1668 De
1496 1641 1558 1675 jure
1569 1645 1593 1668 et
1613 1649 1685 1668 more

903 1686 1055 1721 prohibendi
1070 1687 1150 1714 libros
1161 1686 1254 1720 mulos,
1268 1687 1315 1714 lib.
1343 1694 1372 1719 x,
1389 1693 1448 1721 cap.
1460 1686 1488 1713 ll
1504 1690 1552 1718 ;et
1568 1686 1684 1721 Stepha-

903 1739 954 1759 nus
971 1731 1082 1759 Binetus
1097 1731 1124 1758 in
1138 1730 1229 1758 libello
1243 1730 1277 1757 de
1298 1730 1385 1758 salute
1396 1729 1530 1764 Origenis,
1543 1729 1683 1757 veritatem

901 1780 1054 1810 spectantes
1075 1782 1167 1808 unam,
1181 1774 1244 1802 odio
1268 1774 1310 1802 vel
1335 1775 1421 1801 amori
1445 1774 1512 1802 nihil
1539 1775 1683 1802 admodum

901 1821 1065 1849 tribuentes.
1085 1821 1193 1848 Incerta
1207 1827 1273 1847 vero
1295 1820 1444 1847 Abrahami
1468 1819 1580 1848 Sculteti
1602 1821 1682 1854 ratio,

900 1867 946 1902 qui
963 1871 1107 1902 postquam
1121 1867 1154 1893 de
1168 1865 1284 1901 Origene
1307 1873 1336 1894 se
1358 1866 1451 1901 paucis
1466 1870 1588 1894 acturum
1604 1866 1682 1899 dixit,

901 1913 964 1949 quia
979 1913 1049 1940 inter
1059 1912 1204 1940 haereticos
1215 1913 1272 1940 fere
1287 1913 1386 1948 potius,
1407 1919 1488 1947 quam
1504 1913 1575 1940 inter
1590 1912 1684 1940 Patres

900 1963 1071 1992 numeratur,
1084 1966 1146 1986 mox
1161 1959 1206 1986 ubi
1225 1959 1260 1986 ad
1277 1959 1336 1993 ejus
1353 1959 1504 1986 doctrinam
1519 1962 1628 1986 ventum
1642 1963 1685 1986 est

900 2009 928 2033 et
943 2011 1059 2037 errores,
1077 2004 1146 2031 vela
1160 2004 1292 2032 librorum
1314 2003 1537 2039 depravatoribus
1549 2003 1684 2039 profectos

905 2051 978 2085 ipsos
986 2057 1047 2078 esse
1061 2055 1163 2083 censet,
1176 2050 1218 2078 vel
1230 2050 1257 2077 in
1276 2050 1310 2078 iis
1326 2050 1469 2078 ﬂuctuasse
1483 2049 1624 2085 Origenem
1637 2050 1684 2077 de-

903 2101 1036 2125 monstrat
1051 2097 1078 2124 in
1094 2096 1212 2124 Medulla
1225 2096 1315 2124 Theol.
1335 2096 1424 2130 Patr.,
1446 2096 1493 2124 lib.
1511 2104 1548 2130 vi,
1562 2104 1612 2131 cap
1631 2097 1642 2124 l
1657 2099 1684 2123 et

903 2143 930 2171 6.
946 2143 1091 2171 Dissimilis
1105 2143 1212 2170 illorum
1227 2142 1327 2170 Petrus
1342 2142 1482 2170 Halloxius
1505 2142 1661 2170 Leodiensis
1673 2161 1682 2174 ,

903 2189 1075 2224 nuperrimus
1087 2189 1132 2217 ille
1147 2189 1269 2224 Origenis
1283 2189 1395 2223 vindex,
1425 2188 1509 2223 ipsius
1521 2188 1615 2221 vitam,
1630 2188 1684 2215 vir-

62 2241 120 2270 que
145 2234 172 2261 in
197 2240 258 2261 eum
276 2233 467 2268 propensiores
488 2239 578 2262 essent
594 2242 601 2263 :
621 2244 631 2261 ί
652 2234 764 2263 Miratus
789 2242 850 2262 sum
866 2240 888 2268 ι)
908 2240 992 2269 tutes,
1008 2240 1034 2262 et
1051 2235 1211 2263 documenta
1239 2235 1315 2262 libris
1328 2239 1444 2269 quatuor
1462 2234 1598 2262 fusissime
1611 2241 1685 2262 com-

61 2282 252 2312 vehementer,
279 2280 386 2315 inquit,
411 2285 472 2315 post
494 2281 700 2308 damnationem
729 2281 787 2314 ejus
815 2282 849 2310 ab

61 2326 212 2355 Anastasio
224 2333 291 2361 papa
305 2326 441 2360 pontiﬁcia
453 2327 614 2354 auctoritate
635 2327 772 2360 inﬂiclam,
788 2332 850 2362 post

61 2375 188 2410 ejusdem
204 2373 418 2407 reprobationem
433 2374 460 2402 in
473 2378 548 2401 sexta
566 2373 669 2408 synodo
690 2374 850 2409 pronuntia—

62 2427 135 2453 tam,
157 2425 219 2455 post
236 2424 274 2448 tot
290 2421 461 2456 antiquorum
475 2420 583 2447 Patrum
598 2420 624 2447 in
644 2420 758 2455 idipsum
782 2427 848 2448 con-

61 2467 202 2504 spirantes
230 2467 393 2501 sententias,
418 2466 505 2495 adhuc
530 2466 695 2494 recentiores
716 2466 847 2501 quosdam

98 2568 124 2586 ⁸³
139 2567 236 2597 Baron.
252 2568 283 2596 ad
297 2575 359 2596 ann.
380 2568 444 2603 256,
459 2576 516 2604 cap.
533 2569 575 2596 Η.

904 2281 998 2316 plexus
1015 2289 1023 2309 :
1043 2282 1076 2308 ad
1093 2281 1119 2309 id
1142 2285 1263 2309 attentus
1283 2287 1376 2313 unum,
1403 2284 1431 2307 ut
1453 2279 1496 2306 vel
1509 2280 1640 2315 integram
1657 2283 1684 2307 et

902 2327 1093 2360 orthodoxam,
1111 2334 1143 2355 ac
1155 2327 1224 2355 labis
1237 2327 1384 2354 immunem
1398 2326 1521 2362 Origenis
1535 2326 1684 2354 doctrinam

901 2372 984 2400 fuisse
996 2372 1176 2406 demonstret;
1188 2373 1231 2400 vel
1244 2372 1266 2400 si
1280 2373 1344 2408 quid
1353 2373 1465 2400 veritate
1476 2373 1561 2400 victus
1571 2372 1632 2400 huic
1643 2372 1684 2399 itt-

901 2418 1013 2446 htcsisse
1020 2418 1077 2445 vitii
1085 2417 1161 2445 fateri
1176 2418 1289 2453 cogitur,
1304 2419 1330 2447 id
1341 2423 1370 2447 nt
1380 2419 1499 2454 quaesitis
1509 2418 1685 2453 undecunque

904 2465 1126 2494 excusationibus
1140 2465 1234 2494 diluat.

619 2569 641 2585 '°
656 2568 781 2597 Bellarm.
796 2569 822 2596 in
839 2568 884 2596 lib.
897 2568 935 2596 De
946 2569 1037 2604 script.
1053 2569 1115 2597 eccl.
