1927 3076
82 105 157 134 MSS

611 101 897 133 ORlGENiANORUII
913 104 977 132 LIB.
992 102 1042 137 ’.ll,
1061 99 1137 132 CAP.
1155 98 1178 132 Ι.

1632 106 1700 134 H86

84 164 285 202 sxaipientibus
302 172 334 193 ex
345 171 392 193 ore
405 164 463 200 ejus
474 168 577 200 septem
595 165 721 197 notariis,
740 165 867 192 toti'dem-
880 168 905 197 Α
919 171 978 199 cap.
998 163 1026 195 ὅ.
1053 163 1078 191 in
1104 163 1178 191 omni
1202 162 1343 198 Scriptura
1367 169 1497 199 perpetuo
1512 168 1619 193 errasse
1636 166 1700 194 dicit

84 216 138 245 que
150 208 328 237 velocissimis
347 209 374 236 in
391 208 534 236 scribendo
551 208 655 243 puellis,
669 209 782 243 aliisque
802 208 870 237 scri-

84 255 219 290 ptoribus,
236 255 282 290 qui
299 252 347 282 eas
367 254 535 290 (conciOnes)
551 254 584 282 ad
605 259 807 282 monumentum
821 262 869 289 po-

84 301 216 329 steritatis
230 301 411 328 tradiderunt.
428 309 438 326 ι
455 299 547 335 Neque
568 307 635 328 sane
654 300 680 328 id
703 300 773 328 dixit
787 300 868 327 Pam-

83 347 188 382 philus,
215 354 296 382 quem
323 350 418 374 testem
444 346 527 379 citat,
554 346 601 373 sed
622 345 687 373 illud
716 347 867 373 duntaxat:

84 402 95 419 ι
108 393 243 428 praecipue
255 399 321 420 vero
334 399 381 428 per
395 399 441 419 eos
453 397 582 419 tractatus
592 398 659 426 quos
672 399 740 426 pene
750 391 869 426 quotidie

85 439 115 466 in
136 438 254 466 Ecclesia
280 438 397 466 habebat
420 445 454 465 ex
478 442 617 473 tempore,
632 445 701 473 quos
722 443 749 465 et
768 438 869 466 descri-

82 483 181 511 bentes
198 483 347 511 notarii-ad
365 483 560 511 monimentum
586 484 756 519 posteritatis
781 483 869 511 trade-

81 528 160 557 bant.
177 533 187 555 I

119 573 164 601 lll.
185 574 249 602 inde
271 581 351 609 porro
372 575 532 610 scriptiones
551 575 677 611 Origenis‘
687 578 747 604 esse
762 576 869 605 vitiatas

82 619 167 655 supra
183 620 344 648 notavimus.
362 621 396 648 At
411 622 548 649 ferendum
566 622 630 649 illud
647 626 714 654 erat,
728 622 750 650 si
771 630 824 650 non
837 630 870 650 eo

82 666 169 693 etiam
189 667 348 694 accessisset
369 667 500 694 malorum
528 668 666 695 hominum
682 668 809 703 nequitia.
824 676 868 696 er-

82 719 162 740 rores
173 719 236 740 suos
259 712 336 740 malls
356 713 460 741 artibus
481 714 715 749 propugnantium,
735 719 762 742 et
776 715 870 742 alienis

83 757 212 791 operibus
245 757 382 785 adulteras
417 765 513 785 manus
541 757 724 785 inferentium.
751 758 779 785 ld
813 759 870 794 ipso

83 802 232 829 etiamnum
245 802 307 829 vivo
321 805 488 829 attentamnt‘
499 802 629 831 nonnulli.
643 803 708 830 Ausi
724 807 786 830 sunt
800 803 869 830 idem

83 847 254 882 postmodum
269 847 371 879 Ariani,
388 848 538 882 horumque
562 848 668 876 demum
683 852 868 882 corruptorum

83 887 226 919 audaciam
249 891 362 920 Ruﬁnus
375 893 421 920 lib.
435 892 472 920 De
485 893 625 920 adulterat.
638 893 763 920 librorum
778 893 870 929 Orige-

83 938 126 966 m's
138 938 273 974 coarguit.
290 938 389 967 Verum
405 947 456 967 non
479 940 560 967 alium
586 947 746 974 quemquam
760 939 869 975 Origeni

83 988 192 1012 tantum
214 984 326 1019 perﬁdia
351 992 399 1013 sua
424 990 452 1013 et
471 986 622 1014 temeritate
643 987 767 1014 nocuisse
787 994 869 1022 quam

85 1029 212 1057 Ruﬁnum
224 1030 323 1066 ipsum,
342 1031 437 1059 merito
454 1030 586 1059 aliinnare
600 1034 718 1067 possum.
734 1031 800 1060 Nam
812 1035 869 1067 eius

86 1076 189 1109 scripta
203 1076 395 1111 interpretans,
413 1077 451 1104 ita
466 1077 655 1105 additamentis
676 1082 703 1105 et
722 1078 868 1106 detractio—

87 1122 169 1149 nibus
185 1122 293 1150 vexavit
314 1127 342 1150 et
357 1123 489 1157 corrupit,
502 1127 531 1150 ut
553 1123 696 1158 Origenem
712 1124 739 1151 in
753 1119 869 1159 Origene

86 1169 232 1197 desideres.
254 1169 401 1205 Acceptum
420 1171 482 1198 huic
496 1169 604 1205 quidem
631 1171 712 1199 refert
732 1172 868 1200 Adaman-

86 1214 151 1248 tius,
167 1215 238 1250 quod
253 1220 340 1250 opera
357 1215 442 1250 ipsius
463 1222 478 1243 a
497 1215 601 1243 Latinis
622 1216 775 1244 hominibus
790 1217 868 1244 imelt-

86 1260 173 1289 lectus
186 1264 214 1289 et
233 1266 379 1296 usurpatas
393 1265 451 1294 est;
465 1266 491 1288 et
510 1262 580 1296 quod
593 1263 760 1296 consumptis
776 1269 868 1289 exem-

88 1306 211 1341 plaribus
220 1305 321 1334 Graecis
331 1306 359 1334 in
378 1306 505 1334 Romanis
523 1307 789 1341 interpretationibus
803 1315 869 1342 ι]υο-

90 1352 238 1380 dammodo
250 1353 356 1380 revixit.
366 1351 465 1380 Verum
481 1352 576 1380 iisdem
584 1352 794 1387 expositionibus
807 1360 869 1380 cum

87 1398 174 1433 ignari
193 1397 295 1426 Graecae
318 1398 414 1432 lingua:
437 1397 560 1425 homines
583 1398 802 1432 acquiescerent,
822 1406 870 1426 ne-

86 1443 174 1478 glecti
187 1443 245 1472 fere
261 1443 369 1471 codices
390 1443 476 1471 Graeci
490 1443 639 1478 perierunt,
660 1443 727 1471 adeo
749 1447 778 1470 ut
800 1443 869 1470 bona

87 1489 183 1518 (ἔπειτα
206 1490 330 1525 pessimis
346 1489 448 1517 Latinis
463 1493 625 1517 commutata
640 1489 703 1516 sint.
714 1489 771 1524 (55)
787 1489 869 1522 Quot-
881 1502 904 1532 α

85 1541 152 1572 quot
165 1536 230 1571 e‘rg'o
241 1535 324 1563 libros
337 1534 462 1570 Origenis
475 1534 508 1562 ad
522 1542 571 1562 nos
588 1534 695 1562 fortuna
709 1536 869 1569 transmisit,

83 1583 204 1610 violatos
222 1588 282 1610 esse
299 1581 445 1609 verisimile
458 1585 509 1614 est,
526 1585 554 1608 at
574 1588 620 1608 eos
636 1581 804 1616 potissimum
824 1581 870 1616 qui

82 1633 185 1664 praeter
197 1627 361 1655 notariorum
377 1627 534 1663 σφάλματα,
547 1631 575 1654 et
591 1627 779 1654 haereticorum
795 1628 870 1655 adul-

84 1673 250 1706 terationes,
279 1667 456 1708 interpretum
484 1673 566 1700 etiam
594 1672 817 1701 ballucinationes
844 1677 871 1701 et

84 1717 229 1752 perﬁdiam
242 1721 396 1744 senserunt.

123 1762 169 1790 IV.
190 1761 247 1790 Non
260 1770 309 1797 par
320 1769 383 1797 ergo
401 1762 534 1790 eteadem
547 1765 588 1790 est
604 1761 733 1790 librorum
749 1761 869 1789 omnium

83 1809 246 1841 auctoritas.
261 1809 416 1844 quicunque
439 1816 473 1836 ex
498 1807 624 1844 Origenis
644 1809 740 1837 incude
758 1808 870 1843 profecti

82 1860 162 1883 sunt.
175 1854 406 1888 Quemadmodum
422 1854 493 1881 enim
511 1853 631 1888 suspecti
649 1857 728 1880 erant
740 1853 758 1880 ii
774 1853 870 1887 praeci-

82 1909 148 1938 pue,
162 1906 190 1929 et
203 1900 416 1928 damnosissimis
431 1904 535 1927 scatere
551 1899 700 1930 erroribus,
722 1902 751 1925 et
768 1898 802 1925 ab
821 1897 871 1925 Ec-

83 1949 177 1976 clesiae
187 1947 326 1982 disciplina
343 1946 469 1973 recedere
477 1945 650 1978 dicebantur,
667 1951 735 1979 quos
750 1944 809 1978 ipse
823 1950 871 1978 per

82 1994 172 2022 otium
194 1994 299 2020 secreto
319 1991 501 2022 lucubrasset,
516 1996 548 2017 ac
572 1989 633 2016 libri
655 1988 788 2023 pratcipue
801 1987 870 2022 Περὶ

83 2038 199 2074 ἀρχῶν,
213 2038 240 2065 in
257 2037 354 2072 quibus
370 2036 522 2070 dogmatum
538 2042 649 2063 suorum
665 2033 796 2062 olﬁcinam
812 2039 871 2062 sta-

84 2088 187 2117 tuerat,
206 2087 236 2110 ut
261 2086 353 2110 narrat
372 2081 528 2116 Pamphilus
557 2082 585 2108 in
616 2080 766 2116 Apologia:
782 2081 818 2108 ita
837 2081 870 2107 ad

83 2131 147 2166 ejus
173 2136 270 2157 sensus
292 2128 400 2163 penitus
430 2127 667 2162 introspiciendos,
696 2134 727 2153 ac
753 2126 870 2153 eruenda

921 208 1076 244 Origenem,
1097 214 1211 242 eamque
1230 208 1332 243 ingenti
1355 208 1485 236 librorum
1516 209 1587 237 mole
1610 209 1701 243 expla-

920 262 997 282 nasse
1011 263 1018 281 :
1032 259 1086 281 tum
1096 253 1250 281 subnectit:
1264 253 1311 285 Εἰς
1325 254 1442 289 ἑκάστην
1456 255 1564 290 γραφὴν
1580 255 1611 281 οὗ
1623 262 1700 291 παρ-

919 301 1038 336 ῃτήσατο
1060 300 1146 325 εἰπεῖν
1162 298 1179 326 ἃ.
1193 298 1266 334 αὑτῷ
1282 298 1369 332 ἔδοξε·
1391 300 1437 326 καὶ
1450 299 1502 326 ὅσα
1515 300 1562 334 μὲν
1573 300 1604 329 ἑν
1615 308 1701 336 προσ-

918 345 1046 381 ομιλιαις,
1063 346 1110 372 καὶ
1124 344 1168 372 διὰ
1182 343 1236 372 τῶν
1257 345 1405 380 προοιμίων
1428 345 1468 377 εἰς
1481 345 1533 380 ἢθη
1546 351 1576 371 τε
1590 346 1638 374 καὶ
1661 345 1701 377 εἰς

919 391 1013 426 φύσεις
1027 390 1105 423 ζώων
1121 399 1150 417 τε
1176 390 1223 417 καὶ
1243 390 1298 417 τῶν
1318 390 1404 417 ἄλλων
1425 391 1541 426 εῐρηται,
1560 390 1641 426 μέσος
1655 400 1702 426 φε-

920 437 1031 473 ρόμενος
1052 437 1181 468 πολλάκις
1203 436 1332 472 χαρίεντα
1352 436 1516 472 διηγήσατοε
1535 437 1586 464 ὅσα
1607 437 1636 463 δὲ
1661 438 1701 469 εἰς

918 483 1038 519 δόγματα
1050 483 1220 518 ἐδογμάτισε,
1235 483 1356 518 καὶπερὶ
1378 483 1505 514 πίστεως.
1520 483 1568 510 καὶ
1581 483 1701 518 μείζονος

919 529 1044 565 θεωρίας,
1063 528 1117 556 τῶν
1142 529 1251 556 πάντων
1269 527 1430 555 ἀτοπώτατα
1453 528 1506 555 τῶν
1524 528 1577 564 πρὸ
1605 527 1700 561 αὑτοῦ,

919 575 966 601 καὶ
979 575 1036 610 μετ’
1049 573 1130 601 αὐτὸν
1144 574 1312 610 εὑρίσκεται,
1329 574 1399 610 πλὴν
1409 573 1463 601 τῶν
1481 575 1509 600 ὲν
1523 575 1582 606 ταῖς
1596 575 1701 610 αἱρέσε-
1731 601 1735 606 ,

920 629 962 647 σιν
983 621 1191 656 αἰσχρουργιῶν.
1222 619 1275 647 rl'n
1300 619 1421 655 singulos
1450 619 1596 654 Scriptura:
1619 620 1701 648 libros

920 673 972 692 non
992 666 1124 692 dubitavit
1146 666 1237 693 dicere
1249 673 1309 700 qua:
1328 665 1380 692 sibi
1393 664 1453 691 visa
1480 669 1552 692 sunt.
1571 664 1700 697 Quaecun-

919 717 971 745 que
985 716 1074 738 autem
1094 712 1120 737 in
1141 710 1269 743 homiliis,
1281 714 1309 737 et
1328 711 1354 737 in
1370 710 1510 745 prooemiis
1533 709 1703 739 demoribul

920 760 946 783 et
960 761 1062 783 natura
1078 756 1247 787 animalium,
1265 756 1435 790 aliorumque
1457 756 1528 784 dicta
1548 760 1622 787 sunt,
1644 762 1702 782 me-

921 802 979 828 dius
993 801 1119 829 incedens
1130 809 1204 836 saepe
1220 802 1357 837 eleganter
1370 802 1499 829 disseruit
1513 811 1520 829 :
1534 806 1702 837 quaecunque

885 834 907 864 Β
922 854 986 875 vero
1001 847 1033 874 de
1049 834 1219 881 dogmatibus
1232 834 1429 882 pronuntiavit,
1441 853 1469 875 et
1492 847 1526 875 de
1542 834 1607 880 dde,
1626 834 1702 875 aliis-

919 900 972 928 que
998 893 1109 928 majoris
1133 894 1381 928 contemplationis,
1404 893 1530 921 omnibus
1557 893 1701 928 protulisse

919 939 1087 973 absurdiora,
1104 943 1132 967 et
1151 940 1197 974 qui
1220 944 1418 975 praecesserunt
1443 940 1540 973 ipsum,
1554 944 1581 966 et
1597 939 1641 974 qui
1657 947 1702 967 se-

919 986 973 1013 cuti
994 987 1238 1022 sunt,'reperitur;
1263 987 1385 1022 exceptis
1407 984 1540 1014 duntaxat
1563 987 1701 1014 haereseon

918 1030 1097 1059 fmrlitatibus.
1112 1041 1122 1058 ι
1145 1031 1296 1067 Utrumque
1311 1037 1401 1060 autem
1426 1032 1603 1066 scriptionum
1624 1031 1700 1059 Cra:-

919 1083 1010 1105 earum
1032 1086 1128 1113 genus,
1152 1079 1278 1106 homilias
1297 1079 1369 1111 dico,
1390 1083 1418 1105 et
1438 1078 1522 1106 libros
1549 1079 1699 1114 per'otium

918 1127 1071 1156 accuratus,
1087 1128 1114 1150 et
1129 1123 1258 1158 quidquid
1276 1119 1393 1158 denique
1408 1122 1502 1150 Graec
1525 1123 1560 1151 ab
1582 1123 1699 1158 Origene

918 1168 1047 1203 scriptum
1067 1173 1163 1201 exstat,
1190 1168 1268 1203 longe
1294 1169 1327 1198 iis
1346 1169 1472 1204 anteponi
1489 1168 1581 1203 jubeo,
1600 1177 1659 1203 qua:
1672 1169 1700 1196 in

918 1212 1045 1240 Latinum
1062 1221 1215 1241 sermonem
1228 1215 1349 1242 derivata
1367 1219 1441 1252 sunt,
1459 1219 1486 1241 et
1496 1215 1538 1242 vel
1552 1215 1700 1242 sublestam

921 1260 1100 1294 interpretum
1113 1259 1212 1293 'lidem,
1229 1260 1270 1287 vel
1289 1260 1522 1293 hallucinationes,‘
1538 1262 1579 1289 vel
1595 1266 1700 1291 utrum-

919 1313 971 1340 que
994 1306 1190 1342 sustinuerynt.
1220 1306 1293 1333 Inter
1320 1307 1482 1341 scriptiones
1501 1315 1560 1341 quae
1577 1307 1672 1335 Latine
1685 1316 1702 1337 ει

919 1351 1054 1378 veteribus
1074 1359 1211 1379 conversa
1225 1356 1342 1384 exstant,
1358 1352 1455 1387 prima
1475 1353 1527 1380 erit
1542 1360 1634 1380 earutn
1650 1361 1701 1380 au-

920 1398 1044 1430 ctoritas,
1060 1406 1128 1432 quas
1141 1397 1303 1433 Hieronymi
1328 1398 1402 1425 dedit
1421 1398 1610 1433 interpretatio
1626 1407 1633 1426 :
1651 1407 1700 1434 po-

921 1448 1050 1471 stremum
1073 1444 1201 1471 tenebunt
1223 1444 1322 1477 locum,
1334 1451 1394 1479 quat
1412 1452 1427 1471 a
1448 1445 1547 1473 Ruﬁno
1560 1444 1702 1473 Latinitati

919 1489 1027 1516 donatae
1047 1495 1118 1516 sunt.
1135 1490 1189 1517 Nec
1208 1489 1268 1524 plus
1282 1490 1343 1517 ﬁdei
1358 1498 1424 1518 sane
1439 1491 1521 1518 veteri
1536 1490 1703 1519 Commcnlaa

921 1536 1020 1562 riorum
1038 1537 1064 1563 in
1080 1535 1234 1563 Matthazum
1258 1536 1410 1570 interpreti,
1422 1537 1578 1571 quicunque
1594 1538 1702 1565 tandem

921 1581 966 1609 ille
983 1583 1027 1614 sit,
1043 1590 1124 1616 quatit
1143 1581 1241 1609 llulino
1264 1582 1446 1609 adhibendum
1467 1587 1519 1610 est.
1536 1583 1612 1610 Illum
1629 1583 1652 1611 si
1666 1583 1701 1612 ad

919 1627 1054 1659 Graecum,
1079 1635 1158 1661 quem
1180 1627 1286 1659 damus,
1307 1633 1463 1655 contextum
1486 1629 1621 1663 exegeris,
1633 1629 1704 1656 Deus

920 1672 1001 1704 bone,
1020 1672 1091 1706 quod
1116 1673 1349 1707 interpretationis
1368 1678 1518 1702 monstrum
1532 1675 1702 1708 comperiesl

920 1718 1003 1745 Totas
1026 1717 1148 1751 paginas,
1168 1722 1223 1743 tota
1247 1717 1311 1744 l'olia
1329 1723 1430 1749 assuta,
1454 1723 1509 1746 tota
1524 1720 1642 1746 detracta
1656 1719 1704 1747 de-

917 1763 1081 1798 prehendes.
1100 1761 1161 1789 Haec
1181 1762 1270 1795 inter,
1298 1763 1494 1791 observandum
1530 1765 1595 1792 illud
1622 1765 1704 1793 etiam

919 1809 1063 1837 discrimen
1079 1813 1131 1840 est,
1153 1807 1281 1841 majorem
1301 1815 1394 1835 eorum
1421 1816 1482 1836 esse
1504 1810 1635 1837 librorum
1654 1818 1702 1838 au-

919 1855 1090 1889 ctoritatem,
1109 1862 1176 1888 quos
1202 1861 1284 1881 senex
1308 1854 1504 1888 Adamantius,
1523 1855 1631 1890 ingenio
1657 1864 1705 1890 per

920 1906 1026 1930 aetatem
1042 1901 1127 1936 magis
1143 1901 1255 1928 subacto
1267 1900 1400 1932 elimavit,
1418 1909 1498 1935 quam
1516 1902 1563 1936 qui
1575 1901 1705 1929 eil‘erente

920 1953 981 1974 sese
1001 1946 1027 1973 in
1043 1945 1192 1979 iuventutis
1204 1949 1271 1972 aestu
1285 1944 1449 1973 feetmditate
1463 1939 1565 1979 profusi
1579 1953 1653 1976 sunt.

956 1992 989 2020 ν.
1010 1991 1064 2019 Nec
1078 1991 1222 2026 aliquantis
1238 1992 1370 2018 duntaxat
1392 1991 1617 2026 Origenianarum
1635 1993 1704 2020 scri-

921 2039 1044 2074 ptionum
1069 2038 1203 2072 partibus,
1221 2037 1263 2065 vel
1280 2039 1447 2065 notariorum
1462 2039 1647 2072 properantia,
1662 2038 1707 2066 vel

921 2088 1111 2118 corruptorum
1128 2083 1222 2110 nocuit
1235 2083 1347 2110 audacia
1359 2092 1367 2116 ;
1378 2084 1424 2111 sed
1444 2084 1471 2110 in
1492 2088 1549 2110 tota
1562 2083 1643 2110 etiam
1662 2091 1705 2111 vo-

922 2130 1022 2157 lumina
1062 2129 1213 2156 invidornm
1232 2129 1456 2165 intemperantia
1484 2134 1605 2164 grassata
1639 2133 1682 2157 est
1696 2138 1705 2156 ιι

87 2176 230 2210 dogmata,
246 2174 326 2201 iidem
344 2180 416 2200 nunc
432 2172 601 2206 potissimum
617 2171 709 2198 valere
720 2171 827 2198 debent.
840 2170 868 2197 ln

922 2183 984 2203 nam
1008 2175 1054 2210 qui
1081 2180 1156 2202 tanto
1175 2180 1275 2203 conatu
1292 2175 1317 2202 in
1333 2175 1460 2211 Origenis
1484 2175 1636 2203 doctrinam
1654 2183 1704 2202 sae-

83 2221 208 2250 homiliis
227 2220 326 2256 quippe
351 2219 385 2246 ad
405 2218 476 2253 vulgi
503 2224 562 2245 sese
584 2218 870 2244 accommodavitca-

82 2273 175 2304 ptum,
192 2274 242 2294 nec
261 2266 411 2301 exquisitas
432 2265 561 2292 doctrinae
581 2271 685 2292 merces
702 2271 717 2291 e
732 2264 869 2299 myrothe-

83 2314 139 2341 ciis
155 2314 211 2340 suis
226 2313 397 2347 depromptas
409 2310 525 2338 indoctis
544 2310 698 2337 hominibus
708 2310 869 2345 propinavit.

83 2361 122 2387 At
142 2359 170 2386 in
183 2358 328 2386 elaboratis
351 2356 514 2391 diligentiori
545 2363 610 2384 cura
641 2355 871 2383 lucubrationibus

83 2404 250 2432 eruditionis
277 2411 332 2431 sua:
349 2401 534 2437 promptuaria
564 2401 703 2429 reseravit.
727 2400 811 2435 igitur
838 2401 870 2429 de

84 2449 202 2482 Graecis,
218 2449 265 2485 qui
281 2453 438 2485 supersunt,
451 2447 528 2476 libris
545 2448 585 2475 sic
604 2447 777 2475 statuendum
794 2450 868 2481 puto,

85 2501 118 2524 ut
138 2500 303 2532 postremum
328 2495 449 2523 ordinem
475 2494 592 2522 humilia:
610 2495 730 2526 teneant,
751 2494 869 2528 priorem

85 2543 206 2578 cogitate
221 2547 250 2569 et
270 2546 372 2569 attente
395 2541 494 2576 scripta
515 2548 607 2574 opera,
631 2540 779 2575 cuiusmodi
806 2543 869 2566 sunt

65 2602 69 2605 -
86 2588 150 2615 libri
173 2593 265 2614 contra
285 2586 402 2619 Celsum,
415 2591 442 2614 et
456 2586 526 2620 Περὶ
539 2584 650 2620 ἀρχῶν,
667 2589 692 2612 et
705 2585 780 2618 tomi,
795 2583 868 2619 judi-

86 2635 160 2661 cium
181 2633 214 2660 de
230 2632 272 2660 his
291 2639 369 2659 suum
385 2639 536 2666 proponens
557 2630 722 2666 Epiphanius
739 2630 804 2657 hacr.
824 2628 869 2662 64,

123 2724 182 2758 (55)
196 2723 328 2758 Quolquat
345 2731 404 2758 ergo
424 2721 503 2748 libros
512 2720 632 2758 Oﬁgettis
649 2721 682 2747 ad
701 2728 748 2748 nos
760 2720 867 2758 fortuna

86 2755 249 2791 lfdnsﬁriiit,
273 2755 384 2785 'violatoi
410 2764 464 2784 esse
485 2755 624 2782 verisimile
640 2760 692 2791 est,
717 2761 770 2783 etc.
802 2755 866 2782 Vide

88 2789 277 2822 Prrcfationem
299 2798 418 2820 nostram
428 2797 506 2818 domo
524 2791 611 2824 primo
634 2789 783 2825 praflixarn,
803 2798 865 2824 pag.

87 2830 159 2864 2,3,
175 2829 263 2862 4,vubi
277 2828 445 2856 ostendimus
457 2825 644 2864 haereticorum
657 2825 870 2853 adulterationce

921 2221 1041 2254 viebant,
1056 2220 1151 2256 ejusne
1165 2221 1349 2255 pepercissent
1363 2221 1450 2253 libris,
1463 2224 1491 2248 et
1503 2229 1556 2248 non
1569 2227 1616 2248 eos
1630 2220 1706 2247 omni

922 2267 1011 2295 studio
1030 2266 1227 2294 abolevisseut?
1240 2267 1420 2294 Accesserunt
1434 2267 1529 2294 crebra
1541 2267 1706 2302 synodorum

921 2316 951 2339 et
972 2310 1160 2346 episcoporum
1182 2311 1368 2343 anathemata,
1391 2311 1488 2346 quibus
1515 2311 1707 2344 Adamantius,

922 2356 1129 2390 Adamantiique
1145 2355 1268 2383 doctrina
1284 2358 1411 2384 damnata
1437 2361 1496 2384 est:
1511 2361 1566 2383 tum
1585 2356 1707 2390 promuP

922 2405 981 2436 gata
999 2401 1070 2435 apud
1087 2400 1255 2428 recentiores
1269 2401 1378 2430 Graecos
1390 2402 1509 2436 decreta,
1525 2401 1622 2436 quibus
1636 2401 1706 2428 veti-
1728 2414 1729 2419 η

922 2450 979 2474 tum
996 2450 1038 2474 est
1056 2453 1090 2474 ne
1106 2446 1168 2481 quis
1186 2445 1244 2480 ejus
1255 2446 1341 2474 libros
1357 2447 1504 2476 describat.
1525 2446 1599 2474 Unde
1613 2443 1701 2473 maxi-

922 2499 973 2519 ma:
988 2491 1157 2526 Latinorum,
1182 2500 1214 2520 ac
1237 2491 1392 2519 Gracorum
1413 2492 1547 2527 pracipue
1566 2491 1705 2526 exempla-

923 2538 993 2565 rium
1010 2538 1079 2573 pat‘ti
1094 2537 1184 2566 clades
1196 2538 1270 2566 illata
1283 2542 1335 2569 est,
1348 2542 1376 2564 et
1396 2537 1495 2571 oppido
1509 2545 1594 2572 pauca
1609 2545 1642 2565 ex
1654 2537 1707 2565 hoe

923 2584 1033 2612 interitu
1052 2590 1159 2612 servata
1183 2590 1256 2612 sunt.
1280 2584 1439 2618 Quanquam
1457 2584 1529 2610 enim
1548 2584 1641 2618 ingens
1657 2584 1707 2611 ad-r

923 2629 977 2657 huc
1001 2629 1226 2665 Origenianorum
1258 2636 1370 2664 operum
1402 2627 1526 2656 volumen
1559 2633 1707 2663 superest,

920 2720 1030 2754 scriptis
1038 2718 1164 2753 Origenis
1180 2728 1232 2747 non
1245 2726 1343 2746 nocere
1351 2719 1469 2753 potuisse
1483 2726 1515 2746 ex
1525 2726 1578 2753 quo
1590 2719 1705 2747 antlrenv

921 2755 971 2782 tica
992 2756 1154 2787 exemplaria
1168 2763 1276 2781 suorum
1297 2755 1412 2789 llperum
1426 2754 1482 2788 ipse
1498 2761 1567 2789 _ante
1589 2759 1705 2782 mortem

920 2792 947 2818 itt
961 2790 1120 2818 Caesariensi
1135 2789 1302 2818 Bibliotheca
1317 2790 1449 2825 deposuit.
