1927 3076
249 166 314 195 1171

862 169 887 199 Ρ.
909 167 1066 197 DA‘NIELIS
1085 168 1201 197 HL‘ETII

1796 169 1864 196 “72

249 231 337 261 gmata
357 228 470 256 luissent
492 228 524 256 ab
541 235 571 256 ea
586 236 712 264 percussa
733 231 916 264 anathemate,
937 235 964 258 et
979 230 1023 265 qui
1038 231 1062 262 Α
1076 229 1233 258 certationis
1244 229 1384 257 artiﬁcem.
1397 229 1473 264 Quod
1488 235 1517 257 ut
1531 230 1562 257 de
1583 229 1628 257 illo
1650 229 1757 264 opinari
1771 235 1863 263 prom-

249 271 349 300 Novam
368 273 482 301 Lauram
507 278 648 302 tenuerant
665 275 824 311 Origeuistze
843 277 916 304 iilinc
935 281 1026 304 essent

247 319 367 354 expulsi;
391 325 418 347 et
439 321 531 349 ﬁdeles
552 327 580 350 et
605 323 746 350 orthodoxi
769 323 862 351 Patres
887 331 980 350 rursus
999 323 1025 350 in

247 371 307 391 eam
320 365 491 400 migrassent,
502 368 675 401 permittente
687 369 749 396 mihi
765 369 914 397 admirabili
924 369 1026 397 Joanne

248 407 412 443 Siletttiario,
428 418 470 443 eo,
486 412 605 447 inquam,
618 413 663 448 qui
679 419 737 441 erat
749 414 900 449 episcopus,
916 415 1026 442 discedo

247 462 262 480 a
281 455 403 482 coenobio
417 461 445 483 et
462 457 518 491 ipse
533 465 639 493 quoque
655 467 750 487 versor
773 460 800 487 in
824 461 875 487 hac
893 459 989 487 Laura.
1013 469 1022 486 ι

245 499 280 527 Ει
299 500 395 528 iteruut
405 502 431 529 in
451 501 509 530 Vita
522 503 609 538 Snbw,
627 512 687 539 cap.
701 506 748 533 ult.
764 514 770 532 :
787 516 796 532 ε
813 506 875 534 Post
892 507 949 534 haIc
964 514 1024 533 cum

247 551 340 572 sancta
364 551 391 574 et
411 549 577 576 (ecumeniea
605 552 698 584 quinta
723 553 840 587 synodus
863 558 1024 587 congregata

248 588 342 618 fuisset
359 591 491 627 Byzantii,
513 594 669 624 Theodorus
687 596 866 632 Mapsuestiw,
885 603 911 625 et
931 598 1025 633 Orige-

246 642 305 668 nes,
325 640 351 664 et
370 645 422 665 una
444 646 504 666 cum
520 639 562 668 his
577 642 658 676 impia
671 642 704 670 de
718 643 929 677 praeexsistentia
945 649 971 672 et
988 651 1026 671 re-

245 683 415 710 surrectione
433 684 556 719 dogmata
571 687 688 722 generali
705 688 813 716 fuerant
830 689 950 723 subjecta
964 698 1025 717 ana-

246 726 368 761 themati,
382 734 409 756 et
421 729 460 757 sic
474 731 607 760 ha-reticis
620 733 744 769 deinceps
759 735 830 762 ontni
846 736 933 763 ablata
946 736 1026 764 liber-

248 774 303 798 tate
318 772 453 808 loquendi,
467 775 548 804 divini
565 777 642 805 Saba!
661 778 769 813 Laurm,
786 786 813 808 et
830 782 955 810 universa
970 784 1026 811 fere

245 824 307 844 eum
320 819 359 846 eis
375 819 528 856 Palaestina,
546 824 673 854 vicesimo
693 828 771 855 tertio
791 836 862 855 anno
877 834 938 863 post
955 829 1026 857 illius

245 869 359 892 mortem
379 874 393 893 a
414 868 539 902 gravibus
554 871 713 906 haeresibus,
731 878 757 900 et
773 875 903 909 temporis
917 875 1024 903 acerbi-

244 912 301 936 tate
318 915 345 937 et
365 910 505 946 iniquitate
525 916 701 950 respirarunt.
720 927 729 944 ι
753 918 781 946 ld
804 918 984 954 fragmentum
1010 928 1025 948 e

249 955 310 984 Vita
331 959 410 987 Sabe:
431 961 458 988 in
482 963 596 997 septima
618 967 733 1001 synodo,
747 967 807 995 Act.
831 976 849 1000 ι,
872 969 1024 997 adducitur.

244 1001 309 1030 Post
325 1012 409 1033 annos
429 1013 493 1034 vero
505 1010 642 1044 octoginta
655 1019 733 1046 quam
746 1013 864 1047 synodus
877 1013 920 1040 illa
932 1014 1026 1048 quinta

244 1049 379 1077 celebrata
409 1057 459 1085 est,
491 1054 524 1082 ad
552 1055 676 1091 Sergium
697 1057 1025 1093 Coostantinopolitanum

244 1096 425 1130 patriarcham
446 1100 569 1128 scribens
590 1101 759 1137 Sophronius
785 1103 1026 1139 Jerosolymitanus

245 1142 358 1170 antistes
371 1143 403 1170 de
419 1151 449 1172 ea
461 1145 503 1184 sic
517 1146 625 1174 disserit
639 1157 645 1175 :
664 1149 781 1184 Ἀναιρεῖ
799 1149 827 1176 δὲ
841 1150 888 1177 καὶ
901 1150 1024 1186 ὲκρίπτει

244 1187 312 1222 πρὸς
323 1188 431 1225 δλεθρον
443 1192 626 1226 πρωτθτύπως
638 1194 686 1229 μὲν
705 1195 843 1231 Ὠριγένην
854 1196 898 1223 τὸν
910 1197 1023 1232 ἄφρονα,

243 1233 291 1259 καὶ
305 1234 392 1262 πάντα
407 1236 488 1263 αὐτοῦ
504 1237 538 1264 τὰ
552 1239 680 1276 ὀνειρώδη
698 1241 890 1277 κομψεύματα,
909 1243 956 1269 καὶ
975 1252 1024 1270 πο·

242 1278 363 1325 ξρειδοῦς
385 1282 510 1315 ἀσεϐείας
531 1284 620 1321 πλήρη
643 1287 854 1323 συγγράμματα,
883 1288 1023 1325 Ἐυαγριου

242 1323 271 1351 δὲ
294 1325 342 1352 σὺν
362 1326 436 1362 αὑτῷ
457 1328 504 1354 καὶ
526 1330 642 1365 Διδύμου
663 1331 697 1357 τὰ
715 1331 846 1367 δόγματα,
867 1334 912 1359 καὶ
936 1323 1024 1361 πάντα

241 1370 331 1398 αὐτῶν
342 1372 377 1399 τὰ
396 1373 538 1410 Ἑλληνικὰ
553 1376 599 1403 καὶ
613 1377 761 1414 τερατώδη,
779 1379 809 1405 οὐ
828 1379 880 1415 μὴν
895 1380 962 1407 ἀλλὰ
977 1381 1023 1407 καὶ

243 1415 353 1454 μυθώδη
376 1417 531 1455 ληρήματα.
552 1431 561 1447 ι
584 1421 712 1453 Coui'odit
731 1429 819 1451 autern
837 1430 863 1451 et
884 1425 909 1452 in
931 1426 1022 1452 interi-

242 1466 298 1487 tum
316 1463 424 1497 proiicit
443 1467 575 1500 praecipue
593 1468 700 1502 quidem
724 1469 846 1496 insanum
869 1469 1021 1505 Origenem,

241 1511 269 1532 et
282 1507 371 1534 omnia
387 1508 445 1542 ejus
461 1511 543 1540 delira
560 1513 729 1545 scitamenta,
744 1519 770 1542 et
786 1515 956 1544 multiformis
971 1517 1023 1544 im-

241 1551 349 1585 pietatis
368 1553 461 1587 plenas
477 1555 691 1591 lucubrationes;
709 1558 814 1594 Evagrii
831 1560 895 1588 item
917 1569 977 1588 cum
990 1569 1023 1590 eo

241 1600 269 1622 et
283 1597 384 1633 Didymi
399 1599 533 1635 dogmata,
546 1609 692 1637 omnesque
705 1611 797 1631 eorum
811 1605 982 1634 Grmeanicas
996 1613 1023 1635 et

241 1648 417 1678 monstrosas,
433 1653 536 1674 necnon
545 1652 571 1675 et
580 1648 714 1677 fabulosae
731 1651 857 1685 ineptias.
871 1661 881 1678 ›
897 1652 1023 1680 Testatur

240 1688 310 1715 ideut
325 1691 442 1726 synodus
455 1697 541 1726 sexta,
561 1701 615 1722 act.
628 1696 660 1722 l7
676 1701 703 1724 et
719 1697 762 1724 18.
778 1697 904 1725 Testatur
914 1703 941 1726 et
953 1698 1024 1727 Con-

239 1735 374 1764 stantinus
394 1737 540 1772 imperator
562 1740 587 1767 in
609 1742 697 1769 edicto
711 1743 743 1769 ad
756 1744 881 1779 populum
896 1746 1022 1774 occiduas

238 1786 329 1816 partes
342 1783 501 1812 incolentem
515 1795 522 1813 :
538 1791 565 1814 et
581 1786 678 1822 Leo’ll,
698 1788 836 1817 Romanus
850 1791 980 1826 pontifex,
996 1792 1022 1819 itt

239 1828 350 1862 epistola
387 1830 428 1857 ad'
450 1830 657 1860 Constantinum
679 1840 739 1868 quae
767 1836 928 1870 scriptiones
964 1837 1023 1865 dua:

238 1872 310 1900 inter
330 1874 396 1902 Acta
419 1876 525 1904 concilii
541 1877 661 1911 ejusdem
674 1879 743 1906 sexti
759 1880 902 1909 habentur.
928 1881 1023 1910 Testa-

239 1922 284 1945 tttr
294 1922 321 1945 et
330 1921 551 1956 pseudosynodus
564 1924 716 1958 quinisexta
732 1933 793 1954 can.
810 1934 829 1960 ι,
844 1932 872 1955 et
886 1929 1023 1963 synodicae

238 1963 336 1992 littera:
355 1964 489 1995 Theodori
503 1968 721 2005 Jerosolymitani
738 1980 799 2006 quae
820 1973 939 2001 recitatae
959 1981 1022 2004 sunt

237 2011 344 2038 actione
357 2012 373 2038 5
401 2014 495 2048 synodi
517 2016 656 2050 septimm;
677 2023 704 2044 et
715 2018 827 2052 epistola
845 2018 948 2047 Tarasii
966 2021 1022 2056 epi-

238 2058 311 2091 scopi
337 2058 640 2096 Constantitwpolitani,
667 2063 805 2099 totiusque
829 2065 895 2092 adeo
923 2067 1019 2102 synodi

238 2103 360 2137 septimae
378 2106 411 2132 ad
426 2104 631 2135 Constantinum
654 2114 680 2136 et
693 2108 800 2142 lrenen,
815 2117 875 2144 quae
890 2115 979 2138 exstat
994 2113 1020 2138 in

237 2151 370 2179 actionem
385 2152 401 2179 'l
419 2154 526 2181 concilii
541 2154 678 2190 ejusdem;
701 2160 728 2183 et
745 2156 904 2185 Anastasius
920 2157 1020 2186 Biblio-

238 2197 374 2225 thecarius
387 2200 420 2225 ad
441 2207 542 2227 annum
556 2200 702 2228 Iustiniani
724 2202 879 2229 vicesimum
902 2208 1018 2231 sextum.

1079 281 1153 311 ptum
1170 281 1210 303 est
1228 281 1338 311 propter
1355 281 1502 311 spectatam
1524 275 1642 303 hominis
1656 275 1810 307 vafritiem,
1827 275 1864 301 ita

1076 322 1109 350 de
1129 322 1260 357 Eutychio
1286 322 1456 350 sanctissimo
1479 327 1507 350 et
1531 322 1724 349 candidissimo
1750 321 1865 348 homine

1076 369 1207 404 suspicari
1221 368 1267 396 vix
1283 369 1404 403 equidem
1419 376 1539 403 possum.
1551 367 1666 396 Concilii
1678 367 1805 403 profecto
1816 367 1868 393 ho-

1073 414 1118 450 jus
1145 422 1206 442 cum
1231 414 1336 447 Gmca,
1358 419 1412 442 tum
1436 415 1534 442 Latina
1563 413 1729 448 exemplaria
1750 411 1865 440 Macarii

1075 455 1236 487 Antiocheni
1248 464 1275 487 et
1284 458 1411 494 Stephani
1421 460 1511 487 studio
1521 459 1603 488 fuisse
1611 459 1702 487 vitiata
1712 457 1866 486 declaravit

1075 511 1150 534 sexta
1168 506 1299 540 synodus,
1308 506 1406 533 action.
1417 506 1460 538 14,
1470 510 1497 533 ct
1505 505 1659 533 eorumdem
1669 512 1779 540 quoque
1788 504 1865 532 adul-

1078 552 1235 580 terati0uem
1245 552 1410 587 praedicavit,
1421 553 1520 579 action.
1531 551 1631 584 l9,sub
1643 551 1735 578 ﬁnem.
1751 551 1788 577 At
1797 550 1865 578 Acta

1078 604 1166 626 tamen
1181 598 1286 626 concilii
1298 598 1404 626 etiamsi
1420 598 1684 633 integra”,superesse
1699 597 1811 629 demus,
1826 596 1864 624 fa-

1076 644 1185 671 tendum
1200 648 1274 672 certe
1286 645 1340 672 erit
1364 644 1390 671 in
1412 644 1555 672 undecimo
1570 651 1603 672 ex
1615 642 1862 675 anathematismis,

1075 688 1120 723 qui
1135 688 1161 715 in
1177 688 1319 717 collatione
1342 688 1360 716 8
1382 693 1499 722 exstant,
1533 688 1677 724 Origeuem
1700 688 1776 716 inter
1800 688 1864 715 alios

1076 735 1216 762 haereticos
1237 735 1381 762 anathema
1403 742 1464 763 esse
1486 735 1594 763 sanciri.
1613 735 1647 762 Et
1672 735 1701 762 in
1718 734 1862 762 collatione

1076 781 1167 808 itidem
1179 781 1272 816 quinta
1288 781 1345 809 haec
1360 781 1485 815 leguntur
1495 781 1575 809 verba
1589 789 1597 808 :
1615 790 1624 807 ι
1639 780 1674 808 Et
1689 780 1792 808 multos
1805 780 1862 814 qui-

1076 827 1136 854 dem
1153 827 1236 854 etiam
1249 827 1317 855 alios
1328 827 1481 855 invenimus
1493 831 1553 862 post
1567 831 1682 854 mortem
1702 826 1862 853 anathema-

1078 872 1193 900 tizatos:
1218 879 1321 900 necnon
1335 873 1416 900 etiam
1433 872 1591 909 Origenem;
1614 876 1642 900 et
1655 873 1678 901 si
1692 873 1727 899 ad
1740 876 1860 907 tempora

1079 918 1221 953 Theophili
1235 923 1337 946 sanctae
1351 919 1498 952 memorite,
1511 919 1553 946 vel
1567 918 1690 953 superius
1709 918 1808 953 aliquis
1819 926 1859 944 re-

1077 964 1202 998 eurrerit,
1223 969 1284 999 post
1305 969 1418 992 mortem
1450 965 1569 992 inveniet
1589 964 1858 992 auathematiaatnm.

1077 1009 1151 1044 Quod
1168 1010 1347 1038 etiam‘nunc
1367 1010 1394 1038 in
1410 1010 1469 1045 ipso
1487 1010 1550 1037 fecit
1568 1015 1596 1038 et
1609 1013 1696 1037 vestra
1721 1009 1859 1042 sanctius,

1076 1061 1103 1083 et
1115 1054 1228 1090 Vigilius
1240 1054 1460 1090 religiosissimus
1473 1061 1541 1090 papa
1553 1054 1715 1089 antiquioris
1729 1053 1829 1081 Roma.
1848 1062 1856 1078 I

1075 1101 1179 1129 Asserit
1202 1106 1289 1128 tamen
1306 1101 1373 1128 satis
1404 1100 1518 1128 ﬁdenter
1536 1099 1675 1127 Halloxius
1691 1107 1791 1127 nomen
1801 1099 1860 1126 Ori-

1076 1147 1150 1182 genis
1163 1147 1188 1174 iu
1204 1146 1282 1173 allata
1305 1154 1322 1174 e
1345 1146 1513 1175 collatione8
1525 1146 1607 1173 verba
1622 1145 1705 1173 fuisse
1716 1145 1857 1176 introsum,

1076 1196 1102 1219 et
1116 1191 1229 1219 aliorunt
1244 1191 1431 1219 haereticorum
1454 1190 1608 1219 nominibus
1622 1189 1785 1224 subjectum,
1798 1198 1857 1217 cum

1075 1238 1165 1273 priore
1192 1237 1251 1265 loco
1277 1237 1372 1265 fuisset
1403 1237 1568 1272 ponendum.
1595 1236 1678 1270 Quasi
1696 1243 1752 1264 non
1778 1236 1858 1263 etiam

1075 1284 1216 1311 Theodoro
1237 1282 1425 1318 Mopsuesteno
1442 1282 1566 1318 Origenis
1580 1289 1676 1310 nomen
1690 1282 1807 1318 Cyrillus
1833 1282 1857 1309 in

1079 1331 1136 1358 loco
1153 1338 1213 1358 mox
1233 1337 1248 1358 e
1271 1329 1331 1357 Vita
1357 1330 1435 1358 Saba
1451 1330 1607 1365 deprompto
1619 1330 1800 1365 subjunxerit,
1832 1335 1858 1356 ut

1074 1376 1150 1411 plura
1162 1375 1284 1410 exempla
1300 1374 1401 1402 referre
1414 1374 1613 1409 snpersedeam,
1630 1374 1657 1401 in
1677 1373 1777 1408 quibus
1789 1373 1857 1400 nullo

1074 1421 1243 1454 discrimine,
1261 1420 1332 1448 nulla
1357 1420 1485 1455 temporis
1508 1420 1600 1447 habita
1624 1419 1730 1447 ratione
1750 1419 1856 1446 nomina

1074 1472 1259 1495 recensentur.
1284 1467 1403 1494 Alterum
1431 1466 1522 1493 itidem
1545 1465 1633 1494 locum
1661 1465 1815 1494 collationis
1840 1466 1855 1492 5

1074 1513 1156 1542 fuisse
1170 1513 1328 1549 coutictum,
1352 1517 1379 1541 ut
1395 1512 1462 1540 alias
1475 1512 1605 1548 quasdam
1620 1512 1774 1540 collationis
1789 1512 1856 1550 ejus-

1075 1560 1134 1587 dem
1151 1564 1252 1594 partes,
1269 1559 1417 1586 arbitratur
1435 1558 1584 1590 Halloxius,
1599 1558 1642 1586 his
1666 1557 1801 1593 impulsus
1814 1565 1856 1583 ar-

1076 1606 1226 1641 gumentis,
1239 1606 1311 1641 quod
1331 1606 1358 1632 in
1374 1605 1510 1640 prioribus
1530 1604 1723 1633 collationibus
1735 1612 1769 1632 ne
1795 1611 1855 1631 ver-

1076 1653 1138 1680 bum
1153 1652 1260 1687 quidem
1270 1652 1301 1679 de
1314 1650 1429 1686 Origene
1442 1651 1542 1678 factum
1561 1650 1611 1684 sit;
1627 1655 1655 1679 et
1670 1651 1698 1678 in
1714 1651 1855 1678 constituto

1076 1698 1229 1733 probaverit
1243 1696 1355 1730 Vigilius
1374 1697 1505 1725 neminem
1514 1704 1574 1724 esse
1584 1701 1644 1733 post
1657 1703 1772 1724 mortero
1785 1696 1855 1723 dam-

1076 1744 1203 1772 nandum.
1233 1743 1273 1771 Ad
1285 1743 1359 1778 prius
1383 1748 1572 1778 argumentum
1589 1742 1765 1779 respondebit
1778 1742 1855 1769 Baro-

1076 1791 1136 1818 nius
1151 1789 1249 1817 multas
1265 1790 1300 1817 ab
1323 1789 1482 1824 Origenistis
1501 1789 1595 1825 synodi
1611 1789 1691 1824 hujus
1713 1788 1856 1823 particulas

1075 1837 1159 1865 fuisse
1174 1843 1332 1872 suppressas
1347 1845 1354 1862 :
1367 1835 1480 1862 alterum
1497 1842 1563 1863 vero
1580 1835 1630 1862 hac
1643 1834 1804 1870 exceptione
1817 1841 1856 1861 re-

1077 1883 1213 1915 tundetur,
1240 1881 1363 1909 docuisse
1384 1880 1492 1916 quidem
1515 1880 1542 1908 in
1567 1880 1713 1908 Constituto
1730 1879 1852 1914 Vigilium

1075 1929 1172 1956 debere
1184 1928 1316 1955 neminem
1327 1931 1387 1961 post
1397 1926 1499 1954 obitum
1511 1926 1631 1955 damnari
1641 1935 1648 1960 ;
1658 1925 1855 1954 atcontrarium

1074 1976 1102 2003 in
1118 1975 1243 2002 Judicalo
1258 1976 1381 2002 eumdem
1395 1974 1534 2001 statuisse.

1109 2021 1167 2049 XV.
1184 2021 1260 2048 Nunc
1280 2020 1406 2055 quoniam
1426 2020 1460 2047 de
1474 2019 1590 2054 Origene
1601 2018 1628 2046 in
1643 2017 1738 2053 quinta
1754 2017 1855 2053 synodo

1074 2059 1166 2095 actum
1177 2067 1260 2094 fuisse
1278 2070 1397 2097 constat,
1409 2065 1447 2092 rei
1460 2069 1541 2100 gestae
1554 2065 1651 2092 seriem
1666 2071 1852 2098 exsequamur.

1075 2111 1177 2140 Scribit
1192 2110 1323 2145 Evagrius
1339 2109 1457 2144 expulsis
1468 2117 1483 2137 e
1497 2108 1570 2136 Nova
1584 2108 1673 2135 Laura
1685 2108 1852 2143 Origenistis,

1075 2165 1135 2184 cum
1154 2157 1180 2184 id
1194 2156 1263 2190 apud
1278 2156 1471 2190 imperatorem
1487 2154 1586 2182 factum
1596 2154 1762 2188 vituperaret
1770 2153 1853 2181 Theo-

1076 2203 1159 2230 dorus
1174 2202 1298 2234 Ascidas,
1313 2199 1574 2236 Constantinopolim
1592 2200 1690 2227 missos
1704 2199 1787 2227 fuisse
1801 2200 1852 2226 liu-

238 2241 300 2269 [hec
314 2243 349 2269 ita
359 2245 502 2273 manifesta
511 2251 583 2280 sunt,
597 2251 626 2274 ut
637 2255 714 2275 nemo
724 2253 816 2276 contra
829 2249 869 2276 vel
882 2251 1019 2285 excipere,
1037 2256 1059 2283 ι)
1075 2248 1141 2281 tum,
1152 2253 1178 2275 et
1190 2247 1327 2275 Cononem
1343 2246 1568 2274 archimandritas
1579 2265 1586 2279 ,
1598 2245 1722 2281 aliosque
1734 2245 1852 2272 Palaesti-

225 2284 278 2314 ’νει
292 2291 469 2323 przescribere
488 2293 583 2326 possit.

271 2335 347 2368 Quod
362 2338 396 2364 ad
421 2337 576 2366 Facundum
603 2345 693 2368 autem
722 2341 857 2369 Victorem
882 2343 1017 2378 pertinet},

236 2389 329 2415 parum
345 2387 419 2409 certe
443 2384 533 2412 valere
557 2385 637 2413 debet
656 2387 784 2422 ttegativi,
799 2393 827 2414 ut
843 2393 951 2421 vocant,
975 2397 1020 2415 ar-

236 2427 354 2460 gumenti
371 2430 530 2463 auctoritas,
548 2437 607 2457 cum
634 2433 819 2466 καταφατικὸν
834 2438 1019 2468 argumentum

236 2472 262 2498 in
278 2474 440 2501 contrariam
459 2481 563 2509 partem
591 2476 711 2504 all‘ertur.
737 2479 804 2505 Acta
828 2486 891 2506 vero
915 2479 1020 2506 concilii

236 2526 283 2546 cur
298 2519 331 2546 de
345 2519 461 2555 Origene
477 2521 586 2555 sileant,
605 2524 671 2551 mihi
688 2524 743 2551 veri
761 2525 866 2552 videtur
877 2525 1021 2560 persimilis

235 2570 248 2588 a
261 2561 377 2591 Baronio
389 2564 470 2592 allata
486 2566 562 2598 ratio,
577 2567 696 2594 mutilata
711 2575 740 2595 ea
751 2573 778 2595 et
790 2574 913 2596 truncata
925 2569 1017 2597 fuisse.

235 2609 308 2636 Facti
322 2615 447 2639 auctores
461 2613 613 2647 suspicatur
623 2613 668 2641 ille
678 2614 907 2651 Origenistas,qui
917 2617 1019 2652 synodo

234 2655 409 2689 prmiuerunt,
435 2656 595 2695 Eulyehium
621 2659 948 2696 Constantinopolitanum
972 2670 1019 2697 pa-

234 2699 390 2738 triarcltam,
409 2703 525 2737 quicum
546 2704 637 2732 carnis
652 2705 875 2734 resurrectionem
891 2710 955 2734 tunc
967 2714 1018 2734 non

235 2745 387 2773 admitteret
413 2748 503 2783 (quem
526 2753 614 2776 tamen
639 2758 759 2778 errorem
783 2756 875 2785 postea
896 2751 1019 2787 Gregorii

235 2797 319 2823 papae.
342 2792 394 2819 hoc
410 2797 528 2828 tempore
550 2795 580 2822 S.
595 2795 628 2822 11.
643 2796 673 2822 Ε.
694 2797 800 2824 diaconi
812 2802 838 2824 et
852 2798 1018 2831 apocrisiarii

235 2841 316 2860 suasu
340 2836 476 2872 ejuravit),
494 2840 590 2867 merito
615 2841 640 2868 in
660 2841 821 2876 Origenismi
837 2842 1017 2877 suspicionem

237 2880 308 2908 venit
322 2889 329 2908 :
342 2880 512 2914 Theodorum
527 2893 633 2922 quoque
646 2886 841 2916 Caesariensem
857 2888 940 2916 totius
951 2895 1016 2916 con-

1075 2302 1115 2322 me
1138 2293 1282 2321 monachos
1306 2293 1403 2320 virtute
1428 2293 1545 2326 nobiles;
1569 2299 1670 2327 eosque
1682 2291 1763 2319 simul
1778 2296 1853 2326 atque

1074 2339 1139 2366 illuc
1155 2338 1235 2365 delati
1246 2342 1319 2370 sunt,
1337 2338 1371 2365 ad
1396 2337 1577 2365 ventilandam
1594 2337 1729 2372 Origenis,
1750 2335 1852 2371 Evagrii

1069 2388 1097 2411 et
1123 2383 1227 2418 Didymi
1245 2390 1354 2410 causam
1377 2383 1524 2410 accessisse
1545 2393 1550 2410 :
1577 2383 1800 2414 Ascidacontra,
1827 2387 1851 2408 ut

1070 2429 1104 2456 de
1121 2429 1262 2457 Theodoro
1277 2428 1476 2464 Mopsuesteno,
1496 2428 1540 2456 Iba
1567 2433 1593 2456 et
1607 2427 1778 2455 Theodoreto
1791 2435 1851 2463 age-

1070 2478 1145 2501 retur
1159 2473 1299 2501 laborante
1311 2483 1317 2500 :
1343 2478 1406 2500 ante
1418 2473 1508 2500 omnia
1523 2474 1665 2508 quaesitum
1680 2480 1752 2506 esse,
1766 2479 1850 2500 utrunt

1070 2520 1195 2547 homines
1216 2520 1271 2547 vita
1293 2519 1377 2546 functi
1404 2520 1587 2546 anatltematis
1606 2519 1703 2554 subjici
1728 2519 1849 2553 possint;

1072 2567 1243 2602 Eutychium,
1264 2567 1309 2601 qui
1324 2566 1460 2593 Amaseno
1474 2566 1600 2601 episcopo
1622 2571 1685 2593 tunc
1706 2570 1766 2593 erat
1781 2574 1795 2592 a
1813 2573 1848 2592 rc-

1070 2613 1188 2647 spoosis,
1210 2613 1385 2647 quaestionem
1404 2612 1517 2640 solvisse
1529 2612 1654 2647 exemplo
1665 2611 1747 2639 Josire
1773 2611 1846 2646 regis.

1070 2665 1085 2685 a
1103 2665 1157 2692 quo
1185 2666 1238 2686 non
1264 2659 1415 2686 daemonum
1436 2657 1522 2685 solum
1551 2657 1708 2685 sacerdotes
1736 2657 1763 2684 iu
1787 2657 1845 2683 vivis

1071 2708 1191 2738 agentes,
1206 2703 1350 2735 interfecti,
1372 2702 1420 2730 sed
1435 2707 1602 2730 tnortuorum
1617 2702 1701 2730 etiam
1718 2701 1798 2729 loculi
1808 2708 1843 2728 re-

1071 2748 1134 2776 iossi
1150 2753 1228 2776 sunt:
1244 2749 1295 2776 hoc
1304 2749 1403 2776 dictum
1418 2753 1493 2776 tanto
1505 2749 1636 2780 omnium,
1649 2748 1696 2775 sed
1707 2745 1843 2775 Justiniaui

1069 2795 1216 2829 praesertim
1232 2795 1360 2830 applausu
1380 2794 1463 2823 fuisse
1475 2799 1625 2830 exceptum,
1642 2798 1671 2820 ut
1682 2801 1745 2820 eum
1757 2793 1841 2820 deinde

1070 2843 1102 2869 ad
1111 2841 1433 2876 Constantinopolitanam
1446 2842 1535 2870 sedem
1549 2841 1697 2875 imperator
1706 2839 1839 2867 extulerit:

1069 2889 1102 2918 de
1119 2889 1260 2917 Theodoro
1276 2887 1402 2921 deinceps
1423 2887 1621 2922 Mopsuesteno,
1635 2886 1724 2922 deque
1743 2883 1839 2920 scriptis
