1927 3076
91 169 160 199 1175

510 169 793 199 οιιιςΕΝιΑΝοιιυιί
811 169 874 198 LIB.
896 168 927 203 ll,
946 169 1020 197 CAP.
1041 169 1085 203 IV,
1103 169 1198 198 SECT.
1217 169 1250 198 ll.

1628 171 1696 200 ιιτι
1740 211 1743 215 Δ

92 228 266 261 TheodOreti,
280 233 374 257 contra
392 228 531 256 duodecim
550 229 664 264 capitula
675 229 779 265 Cyrilli,
801 233 830 256 et
839 229 871 256 de
885 231 908 259 Α
923 229 1046 256 hortatur
1070 234 1099 256 ut
1124 229 1218 257 deliria
1244 228 1387 264 ejusmodi,
1403 230 1464 263 juna
1487 237 1546 256 cum
1567 229 1694 266 OrigeneI

92 275 144 303 Iba:
162 274 274 310 epistola
293 275 328 302 ad
353 274 439 303 Μαι-ιιι
455 274 564 302 Persam
581 275 664 302 fuisse
687 275 867 309 disputatum;

92 321 190 356 quibus
203 321 338 348 damnatis
362 328 423 348 cum
448 320 576 348 adversus
605 319 726 355 Origenis
746 320 871 355 dogmata

93 367 232 401 ipsiusque
258 373 397 401 sequaces,
423 366 582 393 obtulissent
601 365 706 393 libellos
731 365 869 400 Eulogius,

91 412 197 444 Conon,
211 412 340 447 Cyriacus
359 416 386 438 et
396 410 551 440 Pancratius
565 411 699 444 monachi,
709 410 868 438 sententiam

92 458 187 493 synodi
199 465 308 493 rogasse
321 457 512 489 Justinianum,
527 456 636 491 prolatis
650 463 758 491 quoque
769 456 796 484 in
811 462 868 483 me<

91 503 166 530 dium
184 502 329 530 lucubratis
346 510 361 530 a
389 501 485 536 Vigilio
502 501 536 529 de
560 501 594 529 iis
614 501 693 529 rebus
714 500 822 533 libellis.
841 500 868 528 in

91 547 189 582 quibus
204 546 344 582 Origenem
359 546 497 574 laborasse
517 545 684 578 ostendebat,
699 550 730 572 ut
744 545 869 580 apostoli-

91 599 132 619 cae
150 591 280 619 doctrinae
303 591 485 619 sinceritatem
504 590 656 621 Graecorum
670 594 697 618 et
708 590 869 618 Manichaeo—

91 644 153 664 rum
166 637 268 664 deliriis
281 641 454 672 aspergeret;
470 636 540 671 quod
554 636 581 663 in
598 643 629 663 eo
643 636 722 663 etiam
736 636 792 671 jam
808 641 869 663 ante

89 679 247 715 culpaverat
267 679 431 710 lustinianus
456 680 483 707 in
499 680 614 714 Epistola
626 680 659 707 ad
677 679 793 714 Menam,
805 688 868 715 ope-

90 734 148 753 ram
168 734 230 753 eum
248 726 353 753 dedisse
374 726 476 759 dicens,
495 726 552 752 Ἵνα.
568 725 621 752 τῶν
640 725 772 761 Ἑλλήνων
789 726 870 761 pouse

89 771 195 806 λογίας,
221 773 268 799 καὶ
291 772 340 808 τὴν
364 772 534 808 Μανιχαῐκὴν
563 771 643 799 αὑτοῦ
672 772 775 807 πλάνην
793 773 869 801 εἷσαν

89 818 174 854 γάγῃ·
206 827 216 843 ‹
247 818 281 846 lit
309 818 414 845 fabulas
440 816 605 851 Graecorum,
623 822 650 845 et
673 818 869 845 Manichaicum

87 872 168 891 suum
185 871 303 891 errorem
319 863 500 891 introduceret
513 871 520 888 :
540 872 549 889 ι
564 867 591 890 et
605 863 631 890 in
645 863 760 896 epistola
773 863 807 891 ad
821 871 868 899 sy-

920 276 1033 310 ejusque
1048 277 1218 311 sequacibus,
1245 277 1414 306 anathemate
1436 277 1570 305 obterant.
1592 278 1695 312 Quibus

920 323 1039 356 acceptis
1055 322 1160 355 litteris,
1179 322 1272 349 Patres
1287 322 1411 350 unanimi
1427 330 1561 351 consensu
1575 325 1696 359 paruisse

921 366 1028 400 subjicit
1037 367 1143 394 demum
1160 367 1306 395 Cedrenus.

956 411 1025 439 XVI.
1040 411 1080 439 lta
1094 412 1239 448 proﬂigatis
1253 412 1463 448 Origenistarum
1479 414 1569 448 rebus,
1583 415 1695 450 quicun-

921 464 973 492 que
987 457 1111 486 factionis
1126 458 1203 493 hujus
1211 458 1304 486 alllnes
1318 464 1397 486 erant
1413 467 1429 487 e
1444 459 1521 487 Saba:
1530 460 1624 489 Lauris
1632 465 1696 489 sunt

922 501 1012 536 ejecti,
1028 502 1054 529 in
1076 509 1178 537 easque
1200 510 1306 531 rursum
1328 504 1468 532 orthodoxi
1486 504 1580 533 Patres
1594 506 1696 541 migra-

920 552 992 575 runt.
1005 546 1075 575 Tum
1086 555 1151 575 vero
1168 547 1202 575 ab
1215 548 1360 577 haeresibus
1375 553 1403 577 et
1422 554 1570 584 temporum
1583 550 1700 580 dilIicnlJ

921 600 976 623 tate
995 595 1135 622 Palaestina
1148 595 1299 629 respiravit,
1313 603 1374 623 eum
1393 596 1522 624 adversus
1535 597 1695 626 (ecumenici

921 640 1028 669 concilii
1052 640 1240 668 auctoritatem
1263 640 1389 675 deinceps
1412 641 1510 669 mutire
1526 641 1569 669 vix
1584 642 1697 670 auderet

921 686 1072 720 quiSquam.
1090 685 1165 713 Unde
1183 685 1209 712 in
1225 689 1325 713 tantam
1342 686 1416 714 venit
1428 687 1508 715 totius
1520 687 1638 715 Orientis
1652 688 1695 716 in-

921 731 1019 757 vidiam
1045 729 1168 765 Origenis
1185 738 1282 758 nomen
1303 738 1336 758 ac
1363 731 1496 764 doctrina,
1512 737 1543 761 ut
1564 733 1698 768 hodieque

921 775 1110 803 ecclesiasticis
1120 776 1222 810 legibus
1240 777 1308 810 apud
1325 776 1433 804 Graecos
1452 778 1564 805 vetitum
1582 786 1641 806 esse
1656 779 1697 806 fe-

922 827 992 854 rant,
1009 830 1042 850 ne
1052 822 1113 856 quis
1127 830 1206 857 opera
1218 823 1457 857 ipsiusdescribat;
1471 824 1519 858 qui
1533 831 1611 853 secus
1621 824 1697 858 faxit,

921 867 994 895 hunc
1002 872 1076 895 extra
1091 867 1215 896 Ecclesia:
1231 869 1444 896 communionem
1456 876 1516 896 esse
1527 870 1626 903 juberi.
1642 870 1697 897 Ma-

87 910 188 939 nodum
200 910 232 936 de
254 909 413 944 Origenistis
432 908 544 944 loquens
558 918 566 937 :
580 910 638 936 Ἵνα
654 909 691 945 μὴ
708 909 808 941 τέλεον,
830 909 872 936 in-
885 906 908 936 Β
922 920 1001 948 gnum
1017 919 1079 941 tunc
1095 919 1152 941 erat
1169 915 1194 941 in
1205 914 1326 942 Ecclesia
1338 914 1488 943 Cassiodori
1504 917 1697 949 nomen,cujus

84 956 156 989 quit,
167 954 210 982 διὰ
221 954 269 990 τῆς
287 954 443 990 Ἑλληνικῆς
457 954 502 981 καὶ
519 955 689 993 Μινιχαῐκῆς
700 955 807 990 ἀπάτης
821 955 870 981 αὺ-

85 1000 142 1029 τῶν
158 1001 270 1033 πολλοὺς
285 1001 461 1028 ἀπολέσωσιν.
479 1011 488 1027 ι
507 1001 541 1029 Ut
554 1009 607 1028 non
623 1001 728 1036 penitus
741 1009 788 1037 per
795 1001 870 1029 Grae-

83 1048 212 1076 canicam
239 1052 266 1075 et
293 1047 486 1077 Manichaicam
517 1055 592 1075 suam
613 1048 734 1076 fraudem
764 1047 865 1075 multos

85 1093 218 1130 perdant:
240 1103 250 1121 ι
271 1094 342 1122 unde
358 1093 504 1129 Origeuem
516 1101 577 1122 eum
594 1093 740 1121 Manichteo
753 1093 868 1128 conjun-

84 1140 126 1175 git
143 1139 285 1168 Facundus
300 1139 347 1168 lib.
373 1147 425 1174 xtl,
447 1147 507 1175 cap.
530 1140 543 1167 1
561 1149 567 1167 :
585 1149 594 1165 ι
610 1140 651 1167 Ad
667 1140 748 1171 hanc,
770 1139 868 1174 inquit,

83 1185 295 1213 obstinationem
318 1185 454 1220 pertinere
477 1185 602 1217 dicimus,
620 1185 674 1212 imo
688 1185 868 1220 principatum

84 1230 261 1258 incatenere
286 1229 425 1257 ﬁrmamus
439 1229 498 1257 illas
523 1229 603 1257 etiam
624 1229 772 1262 doctrinas,
802 1236 868 1265 quas

85 1276 197 1310 quidam
213 1283 266 1304 non
278 1275 356 1311 quasi
371 1275 459 1303 minus
472 1274 646 1309 intelligendo
661 1274 818 1310 Scripturas
831 1275 869 1302 di-

83 1323 176 1355 vinas,
190 1323 236 1350 sed
251 1323 290 1350 eis
305 1327 398 1357 aperto
417 1321 575 1354 resistendo,
591 1321 647 1349 sola
659 1322 868 1356 pmsumptione

86 1368 202 1403 spiritus
217 1368 403 1401 condiderunt,
419 1367 489 1395 sicut
503 1366 667 1396 Manichteus
681 1371 761 1402 atque
772 1366 867 1402 Orige-

86 1421 147 1441 nes.
169 1423 179 1440 ι
197 1413 278 1441 Addit
300 1413 429 1449 Evagrius
448 1417 509 1448 post
536 1413 690 1440 damnatum
712 1413 805 1449 synodi
822 1421 869 1441 vo-

86 1459 294 1488 ciferationibus
315 1459 470 1495 Origenem,
488 1459 624 1494 ipsiusque
641 1460 792 1494 partiarios.
815 1460 868 1494 pla-

86 1505 177 1534 cuisse
190 1510 219 1534 ut
230 1506 263 1534 de
273 1513 306 1534 eo
318 1506 351 1533 ad
362 1505 543 1534 Justinianum
560 1505 722 1534 referretur:
744 1511 799 1534 tum
811 1514 868 1534 ver-

85 1551 121 1580 ba
137 1552 194 1586 ipsa
214 1556 397 1587 reprznsentat.
418 1552 446 1580 in
468 1552 566 1587 quibus
586 1552 719 1588 Origenes
739 1558 865 1588 tanquam

85 1599 338 1628 furanathematum
352 1598 457 1634 laqueis
473 1598 642 1633 constrictus,
654 1603 681 1627 et
697 1604 774 1626 extra
789 1607 868 1627 sacra

84 1643 186 1670 mcenia
203 1643 322 1678 deiectus
335 1651 395 1672 esse
405 1644 520 1677 dicitur;
539 1649 620 1679 atque
631 1645 672 1672 his
688 1645 790 1680 adjecta
807 1652 867 1673 esse

83 1689 123 1716 ait
132 1689 258 1716 damnata
272 1688 482 1724 Origenistarum
505 1690 632 1724 capitula,
651 1691 721 1718 unde
735 1690 813 1718 facile
827 1690 866 1718 in-

84 1740 210 1763 notescat
222 1735 249 1762 in
264 1735 361 1770 quibus
373 1735 410 1763 illi
426 1735 505 1762 simul
517 1736 559 1763 vel
576 1737 748 1764 consentiant
760 1737 800 1765 vel
811 1737 867 1764 dis!

84 1781 222 1814 sentiant;
237 1782 360 1817 quintutn
376 1788 410 1808 ex
425 1781 458 1809 iis
469 1781 597 1816 capitulis
614 1783 752 1810 continere
770 1783 866 1818 dogma

83 1836 99 1854 a
121 1827 261 1855 monachis
284 1827 442 1862 quibusdam
463 1827 543 1855 Nova:
563 1827 668 1860 Lauraa,
682 1834 709 1856 et
724 1829 866 1857 Theodoro

82 1873 183 1901 Ascida
199 1879 342 1905 assertum,
365 1874 435 1908 quod
449 1873 559 1902 Christo
584 1874 700 1909 aequales
714 1874 817 1903 futuros
837 1875 864 1902 in

84 1919 259 1947 restitutione
271 1919 416 1954 apostolos,
439 1925 466 1947 et
480 1925 613 1954 martyres
626 1927 658 1947 ex
676 1920 812 1947 miraculis
831 1922 864 1948 ab

84 1965 151 2000 ipsis
163 1965 242 1993 editis
255 1965 406 1999 concludit;
427 1965 600 2001 nefariasque
615 1965 731 2002 Didymi,
757 1966 864 2002 Evagrii

82 2016 112 2039 et
121 2011 256 2039 Theodori
269 2012 417 2040 sententias
434 2012 550 2047 reliquas
562 2012 703 2047 diligenter
715 2012 797 2040 fuisse
809 2013 864 2041 col-

83 2056 281 2086 lectas-Habet
298 2057 355 2085 haec
368 2058 461 2085 eadem
478 2057 656 2093 Nicephorus.
673 2060 720 2086 sed
737 2059 863 2087 nonnulla

81 2109 214 2138 praeterea
229 2104 262 2131 de
277 2111 327 2131 suo
343 2105 472 2136 adnectit,
493 2104 580 2138 velut,
590 2104 687 2139 agitata
701 2105 756 2132 haec
769 2113 863 2132 secun~

81 2150 116 2176 da
129 2150 250 2178 sessione
262 2149 361 2183 fuisse;
376 2150 495 2177 adnectit
506 2154 534 2178 et
553 2151 625 2185 ipsos
639 2151 734 2186 synodi
752 2152 864 2178 anathe-

80 2195 233 2229 matismos,
252 2202 321 2230 quos
336 2195 370 2223 ad
387 2196 498 2223 verbum
525 2195 678 2224 describere
695 2203 724 2224 se
737 2196 861 2229 aliirmat,

919 959 952 986 de
968 958 1082 994 Origene
1100 960 1272 992 sententiam.
1284 965 1344 996 post
1355 960 1424 988 latos
1440 968 1458 989 a
1471 960 1696 996 Constantinopo-

918 1003 999 1031 litana
1031 1005 1132 1040 synodo
1160 1006 1187 1032 in
1213 1013 1274 1033 enm
1301 1006 1540 1034 anathematismos
1561 1006 1695 1034 sciscitari

918 1057 1007 1085 operte
1022 1050 1135 1085 pretium
1160 1055 1210 1077 est.
1233 1052 1259 1077 tu
1275 1051 1342 1078 libro
1361 1052 1452 1086 itaque
1467 1051 1504 1078 De
1530 1052 1696 1079 institutione

918 1095 1067 1122 divinarum
1083 1094 1277 1129 Scripturarum
1292 1097 1355 1124 talia
1370 1097 1406 1125 de
1417 1104 1450 1125 eo
1469 1097 1581 1131 scribit,
1595 1097 1695 1124 multo-

919 1149 978 1170 rum
996 1142 1081 1176 ipsum
1096 1142 1203 1170 Patrum
1219 1144 1355 1171 sententia-
1371 1144 1526 1171 lnereticum
1549 1143 1693 1175 declarari,

918 1192 946 1215 et
958 1195 973 1214 a
990 1187 1085 1222 Vigilio
1095 1195 1162 1222 papa
1177 1188 1264 1215 denuo
1275 1195 1336 1216 esse
1349 1189 1505 1216 damnatum
1517 1197 1526 1221 ;
1542 1195 1638 1222 nempe
1647 1196 1696 1222 per

920 1223 1109 1266 Consulatum,
1126 1237 1156 1260 ut
1165 1233 1297 1267 suspicari
1311 1234 1383 1267 licet,
1400 1234 1425 1261 iu
1436 1242 1496 1262 eum
1515 1242 1570 1261 rem
1590 1234 1694 1268 specia-

919 1278 965 1304 tim
979 1277 1159 1312 publicatum;
1171 1278 1346 1313 Theophilum
1356 1279 1466 1314 triginta
1481 1280 1599 1314 quinque
1611 1280 1695 1313 ipsius

918 1329 1024 1350 errores
1038 1322 1222 1358 redarguisse;
1244 1330 1341 1357 magno
1355 1324 1381 1351 in
1397 1331 1458 1351 eum
1475 1324 1567 1351 dolore
1578 1324 1695 1358 Epipha-

917 1368 991 1396 nium
1006 1369 1211 1402 succensuisse;
1230 1370 1347 1398 maxime
1367 1369 1394 1397 in
1407 1377 1442 1405 eo
1454 1370 1567 1405 legendo
1580 1371 1696 1404 prohan»

917 1415 979 1442 dam
1005 1415 1135 1449 regulam,
1161 1422 1221 1450 qua:
1235 1415 1268 1442 ab
1294 1415 1456 1451 Hieronymo
1477 1417 1504 1443 iu
1528 1415 1647 1450 Epistola
1661 1417 1697 1444 ad

918 1459 1130 1495 Tranquillinum
1146 1460 1281 1495 proposita
1303 1464 1354 1488 est.
1378 1460 1524 1488 Florebant
1537 1461 1609 1488 circa
1626 1461 1698 1488 hanc

919 1512 1103 1542 tempestatem
1120 1508 1278 1537 Anastasius
1299 1507 1402 1535 Sinaita
1427 1514 1454 1535 et
1469 1507 1588 1535 Joannes
1611 1507 1695 1534 Scho-

918 1553 1040 1586 lasticus,
1054 1554 1096 1582 cui
1105 1561 1138 1580 ex
1154 1553 1230 1581 titulo
1242 1553 1315 1585 libri,
1324 1551 1403 1580 Scala
1416 1553 1551 1587 paradisi,
1560 1551 1693 1586 inscripti,

917 1599 1028 1627 Climaci
1052 1604 1259 1633 cognomentum
1290 1598 1435 1625 fecerunt:
1458 1598 1555 1626 horum
1581 1603 1694 1632 uterque

917 1653 979 1680 erga
994 1644 1137 1680 Origeucm'
1165 1644 1344 1680 Origenisquc
1359 1644 1476 1672 asseclas
1493 1644 1564 1672 male
1580 1643 1695 1672 affectus

915 1691 976 1718 fuit.
995 1691 1056 1718 Fuit
1067 1690 1130 1718 illud
1140 1691 1220 1717 etiam
1237 1690 1270 1718 ad
1291 1689 1505 1725 Origenistarum
1523 1689 1694 1717 minuendam

915 1736 1140 1764 existimationem
1157 1735 1368 1770 perappositum,
1392 1735 1463 1769 quod
1484 1735 1510 1761 in
1525 1741 1620 1761 novam
1638 1735 1694 1761 lue-

916 1782 996 1810 resim
1022 1782 1095 1815 lapso
1109 1781 1259 1809 Iustiniano
1274 1782 1378 1808 assensi
1400 1785 1463 1808 sunt
1477 1789 1485 1808 :
1501 1780 1636 1808 hzereseos
1646 1788 1694 1806 au-

917 1833 969 1856 tem
985 1828 1057 1856 illius
1081 1828 1196 1863 capitale
1221 1828 1272 1855 hoc
1285 1832 1344 1855 erat
1360 1827 1466 1862 dogma,
1481 1833 1580 1861 corpus
1592 1826 1694 1853 Christi

915 1874 978 1901 dum
988 1874 1101 1909 agitaret
1112 1874 1206 1906 vitam,
1219 1873 1299 1900 nullis
1307 1872 1460 1904 affectibus.
1472 1872 1537 1899 nulli
1547 1871 1694 1899 obnoxium

914 1920 1079 1955 eorruptioni
1091 1919 1175 1947 fuisse
1194 1929 1201 1947 :
1215 1919 1286 1954 quod
1302 1926 1362 1947 cum
1376 1918 1479 1947 calculo
1488 1926 1538 1947 suo
1548 1920 1694 1954 probarent

914 1965 1082 2001 Origenisue,
1094 1966 1158 1992 nulli
1167 1972 1220 1993 non
1234 1964 1405 1994 manifestum
1421 1964 1482 1998 fuit,
1503 1974 1584 2001 quam
1602 1973 1693 2002 prom-

914 2017 988 2048 ptum
1001 2012 1035 2040 iis
1048 2016 1119 2040 esset
1129 2019 1143 2038 a
1154 2011 1266 2046 probata
1282 2011 1408 2040 Ecclesia:
1421 2011 1543 2039 doctrina
1557 2013 1693 2040 recedere.

914 2057 978 2086 Post
994 2058 1099 2093 aliquot
1115 2065 1201 2086 annos
1219 2057 1340 2093 pontifex
1362 2057 1499 2085 Romanus
1517 2063 1626 2086 creatur
1644 2058 1694 2086 Pe-

913 2104 999 2140 lagius
1009 2104 1153 2136 secundus,
1169 2104 1245 2139 cujus
1263 2105 1296 2131 de
1304 2103 1419 2139 Origene
1432 2103 1609 2139 Origenisque
1619 2111 1694 2132 secta

913 2149 1067 2183 opinionem
1083 2148 1212 2183 patefacit
1231 2148 1339 2176 nomine
1350 2149 1434 2183 ipsius
1445 2149 1547 2183 scripta
1565 2157 1580 2175 a
1591 2149 1693 2183 Grego-

913 2194 954 2221 rio
970 2193 1093 2222 Romano
1105 2194 1193 2222 adhuc
1207 2193 1320 2222 diacono
1330 2213 1339 2227 ,
1359 2194 1528 2228 postmodum
1546 2201 1611 2222 \tero
1627 2202 1691 2229 pon-

79 2241 183 2276 quiquc
201 2241 219 2269 ii
237 2241 289 2276 ipsi
311 2245 384 2275 sunt,
410 2249 478 2276 quos
493 2240 614 2276 epistolae
640 2249 694 2269 suae
708 2242 742 2269 ad
758 2241 862 2269 Menam
878 2239 901 2268 ο
916 2238 996 2272 tifice,
1012 2239 1137 2274 epistola.
1162 2239 1207 2266 Sic
1231 2239 1276 2266 ille
1293 2246 1356 2273 ergo
1381 2239 1468 2267 Eliam
1492 2239 1692 2273 Aquileiensem

79 2289 135 2323 iam
151 2292 213 2315 ante
234 2287 402 2315 Justinianus
423 2288 606 2315 subtexuerat.
624 2287 722 2315 llorum
749 2287 813 2314 lides
827 2288 863 2314 sit

79 2341 164 2369 penes
177 2333 367 2368 Nicephorum,
382 2333 558 2366 levissimum,
571 2338 599 2360 ut
610 2332 665 2367 jam
683 2338 745 2360 ante
760 2333 862 2360 monui-

78 2387 155 2412 mus,
167 2383 195 2406 et
211 2379 314 2407 futilem
325 2378 489 2407 Graeculum.
505 2378 642 2406 Cedrenus
654 2383 742 2405 autem
759 2377 861 2405 litteras

79 2426 191 2453 exhibet
207 2433 266 2459 qua:
292 2433 307 2452 a
327 2425 478 2452 Justiniano
501 2424 533 2451 ad
548 2424 678 2459 synodum
692 2428 786 2451 contra
800 2423 861 2451 Ori-

77 2479 176 2506 geuctn
188 2471 276 2498 missa:
287 2475 366 2503 sunt,
377 2478 490 2505 quarum
500 2471 634 2499 sententia
650 2470 706 2497 lure
720 2475 778 2497 est:
791 2479 859 2497 eom-

78 2520 187 2549 pertmn
202 2516 301 2543 habere
317 2523 346 2543 se
368 2516 514 2544 monachos
528 2523 586 2544 esse
602 2514 786 2550 Jerosolymis,
815 2516 859 2550 qni

78 2560 252 2595 Pythagorae,
269 2560 386 2588 Platonis
406 2566 434 2588 et
459 2560 580 2596 Origenis
595 2567 702 2588 errores
721 2565 859 2593 tueantur,

78 2614 134 2640 qua
160 2606 193 2634 de
220 2615 250 2634 re
273 2607 447 2641 qumreudum
466 2607 628 2634 decrevisse.
652 2606 718 2633 Tum
737 2609 862 2641 dogmata

79 2650 201 2685 ipsorum
220 2651 322 2686 aliquot
348 2657 487 2684 recenset,
508 2651 574 2678 illud
597 2651 765 2686 potissimum
788 2652 859 2686 quod

79 2695 141 2723 istis
156 2696 271 2723 maxime
282 2696 447 2731 temporibus
462 2697 618 2724 ventilatum
630 2697 861 2724 adnotavimusde

78 2741 232 2768 animarum
244 2740 424 2777 προῦπάρξει,
440 2742 508 2769 inter
518 2750 584 2777 quas
596 2743 684 2769 anima
696 2742 860 2770 solaChristi

79 2793 160 2813 suum
170 2785 289 2813 ordinem
304 2787 412 2814 immota
425 2785 555 2819 tenuerit;
566 2787 635 2820 quod
648 2794 680 2813 ex
693 2786 851 2822 Pythagora:

80 2836 109 2857 ct
124 2831 233 2864 Plotini,
246 2840 277 2858 ac
292 2833 425 2867 praecipue
448 2831 565 2859 Platonis
580 2833 804 2860 somniationihus
827 2832 861 2859 ειι)

65 2876 198 2925 ό(ὶιὶεειιι)
212 2878 369 2907 translatum
382 2877 546 2907 demonstrat
561 2886 567 2905 ε
585 2878 755 2909 quamobrem
768 2877 860 2906 Patres

913 2284 1082 2319 episcopum,
1095 2284 1216 2320 aliosque
1233 2285 1419 2313 schismaticos
1435 2284 1520 2313 lstriae
1536 2285 1693 2321 episcopos,

911 2334 939 2357 et
966 2330 1015 2357 tria
1038 2335 1239 2366 propugnantes
1264 2330 1381 2366 capitula
1404 2331 1570 2366 alloquitur:
1592 2341 1601 2358 ι
1620 2331 1690 2364 Quid

911 2383 1028 2410 namque
1043 2376 1069 2402 in
1085 2376 1273 2404 haeresiarchis
1291 2376 1409 2411 Origene
1422 2377 1553 2410 deterius,
1576 2382 1605 2405 et
1627 2378 1693 2412 quid

912 2421 938 2448 in
953 2420 1177 2456 historiographis
1188 2422 1301 2449 inveniri
1314 2422 1431 2451 Eusebio
1445 2423 1631 2451 honorabilius
1644 2431 1694 2458 po-

913 2465 984 2493 test?
999 2466 1032 2493 Et
1043 2466 1103 2502 quis
1117 2472 1238 2495 nostrum
1253 2469 1357 2497 nesciat
1377 2469 1404 2496 in
1421 2469 1497 2496 libris
1508 2469 1565 2496 suis
1582 2469 1692 2504 quantis

913 2511 1055 2547 Origenem
1079 2512 1210 2540 Eusebius
1238 2513 1380 2547 prmconiis
1404 2514 1525 2542 attollat?
1554 2514 1606 2542 Sed
1629 2514 1691 2549 quia

913 2562 1005 2584 saneta
1021 2557 1140 2585 Ecclesia
1167 2564 1275 2584 suorum
1293 2558 1410 2585 fidelium
1435 2559 1515 2586 corda
1539 2558 1692 2593 benignius,

913 2610 992 2638 quam
1009 2602 1090 2631 verba
1105 2602 1258 2632 districtius
1279 2609 1385 2638 pensat,
1400 2609 1428 2631 et
1446 2605 1506 2639 plus
1517 2604 1543 2631 in
1559 2604 1692 2632 htereticis

912 2656 1021 2676 sensum
1036 2648 1185 2683 proprium,
1197 2655 1277 2683 quam
1302 2649 1408 2676 testatio
1422 2649 1529 2677 Eusebii
1550 2650 1691 2678 absolvere

912 2694 1013 2730 potuit;
1027 2701 1077 2721 nec
1086 2701 1193 2721 rursum
1208 2693 1352 2721 Eusebium
1367 2694 1468 2722 laudati
1480 2696 1603 2731 Origenis
1614 2696 1693 2730 culpa

912 2741 1059 2770 damnavit.
1073 2741 1169 2769 Annon
1185 2743 1212 2767 et
1233 2739 1486 2775 Gregorius-Nyssa‘.
1501 2742 1574 2770 urbis
1585 2742 1691 2776 episco-

914 2795 973 2822 pus,
993 2793 1054 2815 cum
1082 2787 1223 2815 Canticum
1247 2786 1415 2814 canticorum
1439 2786 1558 2820 exponit,
1587 2786 1690 2821 magnis

913 2829 1055 2865 Origenem
1069 2830 1192 2859 laudibus
1206 2830 1336 2866 praefert?
1352 2829 1447 2856 Annon
1473 2834 1500 2856 et
1513 2829 1701 2865 Hieronymus.

914 2882 1012 2906 nostrae
1022 2877 1150 2908 Ecclesia
1163 2878 1314 2915 presbyter,
1326 2875 1502 2913 etsintmlaris
1513 2875 1619 2905 Πεδιπὶ
1629 2884 1686 2905 scr.-
