1927 3076
237 151 317 188 jttrs

872 156 902 184 P.
922 157 1078 186 DANIELIS
1095 159 1210 188 HUETII

1793 165 1854 196 “76

237 190 334 226 ‘moms
350 197 482 232 interpres
501 202 573 225 tanto
583 205 647 234 erga
663 198 806 234 Origenem
823 201 914 230 favore
930 204 1020 231 inten-
1035 207 1060 235 Α
1073 204 1136 243 Sol];
1153 208 1215 234 mihi
1230 216 1319 235 unum
1331 208 1400 243 Περὶ
1415 202 1514 243 agor
1527 209 1596 237 dicta
1609 210 1752 237 dederunt.

245 245 327 277 ditur,
341 248 369 270 ut
385 251 451 278 pene
474 243 618 279 discipulus
646 246 703 280 ejus
726 254 786 276 esse
809 249 950 276 videnlur?
969 251 1021 278 Sed

244 289 305 323 quia
317 288 375 322 plus
386 296 465 316 causa
481 297 560 323 quam
572 291 650 318 verba
666 293 800 327 pensanda
813 299 888 326 sunt.
904 303 954 323 nec
964 296 1023 324 istis

243 342 290 361 sua
308 334 459 369 benignitas
478 335 578 368 nocuit,
595 343 644 364 nec
656 337 727 364 illum
743 346 757 365 a
775 344 850 367 reatu
863 342 970 376 proprio
981 342 1022 369 fa-

242 386 292 406 vor
307 378 400 406 aliena:
417 380 598 409 attestationis
611 378 762 411 excusavit.
779 394 788 411 ι
810 385 889 414 Certe
907 388 951 415 hic
965 388 1023 424 ipse

241 423 398 459 Gregorius,
416 433 476 453 cum
494 433 571 455 antea
584 430 752 463 apocrisiarii
767 439 878 460 munere
887 423 1021 462 Conslan-

242 470 352 506 tinopoli
375 471 543 508 fungeretur,
570 476 711 503 adversum
738 478 937 506 sanctissimum
958 488 1022 515 prae

239 515 325 543 sulem
350 515 525 553 Eutychium,
543 518 667 555 Origenis
690 522 839 550 doctrinam
858 524 891 551 de
906 532 1023 553 resurre-

239 561 330 589 ctione
346 566 465 590 tuentem
482 564 570 592 fuerat
585 566 708 594 velitatus
727 576 733 595 :
752 569 878 596 docuerat
892 571 962 597 cnim
974 571 1022 598 bo—

239 613 290 633 nus
308 606 354 634 ille
373 608 427 641 vir,
440 612 674 645 corpusfnostrum
686 612 713 639 in
728 615 924 641 resurrectione
933 617 1021 643 mani-

238 651 289 679 bus
298 654 368 688 tangi
382 661 434 682 non
447 663 535 690 posse,
548 658 687 692 ventisque
701 663 728 686 et
744 667 805 687 aere
818 668 878 688 esse
887 661 1020 690 subtilius.

239 697 433 727 Renascentem
452 708 583 733 errorem,
597 703 643 729 sed
654 702 699 730 vix
714 704 762 731 ulli
777 711 865 733 tamen
880 706 957 734 hisin
967 708 1021 736 oris

238 743 379 776 probatum
390 744 535 779 Gregorius
547 749 676 781 coercuit,
687 756 801 785 eumque
814 751 932 779 moriens
940 752 1022 788 Euty-

238 787 316 815 chius
336 790 481 821 revocavit,
498 798 558 818 cum
584 791 681 820 librum
697 793 780 829 ipsius
801 795 924 824 Tiberius
937 787 1017 832 impe-

239 836 313 859 rator
327 831 442 861 ﬂammis
457 834 566 869 dignum
584 835 739 870 jndicasset.
753 838 808 867 Hac
819 848 925 876 quoque
939 831 1021 870 circi-

1108 241 1159 269 His
1171 251 1211 269 me
1225 243 1339 270 collectis
1351 241 1442 277 uipera
1453 241 1510 270 "tela
1521 251 1650 278 premunt.

1106 287 1183 315 Anno
1196 287 1257 320 649,
1272 289 1383 322 primam
1399 289 1528 324 synodum
1540 289 1756 317 Lateranensem
1771 291 1853 326 coegit

1072 331 1200 360 Martinus
1216 332 1335 367 pontifex
1349 334 1383 361 ad
1399 333 1568 362 Constantini
1585 335 1759 369 imperatoris
1767 335 1855 370 explo-

1072 377 1187 405 dendum
1215 383 1317 414 typum,
1331 384 1358 406 et
1381 381 1457 408 novis
1473 387 1504 407 ac
1527 381 1648 415 repetitis
1675 382 1854 410 anathematis

1072 424 1246 458 proterendos
1268 424 1401 460 Sergium,
1424 425 1554 461 Pyrrhum
1572 434 1603 454 ac
1626 426 1740 454 Paulum
1760 427 1854 455 Mono-

1071 469 1188 497 thelitas.
1199 469 1329 504 Origenes
1340 471 1366 498 in
1378 479 1410 499 ea
1423 479 1483 499 cum
1499 473 1554 499 suis
1563 472 1724 507 sequacibus
1745 472 1854 508 Didymo

1071 519 1098 541 et
1113 515 1226 551 Evagrio
1240 515 1274 543 ab
1293 517 1412 545 Ecclesia
1429 518 1615 551 proscribitur.
1635 518 1747 545 Favisse
1775 526 1855 546 econ-

1072 561 1154 588 trario
1172 561 1279 588 videtur
1298 562 1405 598 Origeni
1417 562 1567 597 Stephanus
1577 562 1699 590 Gobarus
1711 563 1854 596 Tritheita,

1072 608 1100 632 ut
1117 612 1150 632 ex
1164 606 1250 633 t'hctii
1260 607 1351 634 codice
1361 614 1475 640 :cxxxlt,
1492 607 1624 641 conjicere
1634 614 1788 644 promptum
1800 615 1853 641 est;

1070 650 1197 686 pleraque
1210 652 1340 687 siquidem
1352 653 1436 688 ipsius
1448 654 1570 688 dogmata
1584 654 1703 681 maxime
1712 655 1852 689 reprobata

1071 696 1097 723 in
1123 701 1264 732 utramque
1288 698 1435 732 disputavit
1466 704 1586 734 partem,
1613 701 1775 727 sententiam
1800 701 1856 735 ipse

1070 749 1145 770 suam
1172 742 1286 771 fortasse
1313 745 1365 772 hac
1383 750 1442 772 arte
1468 745 1621 778 occultans;
1650 745 1855 780 praecipuosque

1070 785 1192 822 Origcnis
1217 787 1373 818 laudatores
1411 789 1640 816 commemoravit.
1676 789 1752 816 Vixit
1786 791 1855 816 circa

1071 839 1171 860 annum
1197 833 1259 866 720,
1278 833 1427 862 Germanus
1444 835 1595 870 patriarcha
1609 835 1857 871 Constantinopoli-

238 880 280 904 ter
296 881 456 912 tempestate
471 878 599 908 Leontius
613 881 766 916 Byzantius.
780 892 794 911 a
809 885 923 914 Leontio
935 887 1017 916 altero

1070 882 1158 912 tantis,
1170 879 1215 914 qui
1232 885 1329 914 praeter
1343 879 1394 907 alia
1411 881 1539 915 opuscula
1552 881 1779 914 ἀνταποδοτικόν,
1801 884 1855 911 sive

237 922 397 958 Byzantino,
412 925 480 957 sive,
498 926 574 960 juxta
587 926 664 961 alios,
679 928 817 964 Byzaceno
829 933 959 960 monacho
972 941 1019 962 su-

237 975 286 1002 pra
301 975 511 998 commemorato
531 972 662 1007 diversus,
677 973 819 1011 Origcnem
833 979 941 1013 scriptis
953 987 1019 1007 acu-

237 1014 314 1040 leatis
331 1013 468 1043 laceravit.

272 1079 354 1108 XVII.
369 1081 407 1111 Ex
421 1089 454 1110 eo
466 1081 629 1118 Origenismi
643 1086 743 1114 invidia
755 1087 862 1121 paulum
875 1090 1015 1125 obsolevit,

242 1132 292 1153 nec
308 1127 405 1155 multos
420 1136 535 1163 sequens
549 1136 614 1159 aetas
635 1132 684 1166 ipsi
701 1132 822 1162 infensos
836 1135 904 1162 tulit.
928 1137 1015 1171 Anno,

235 1177 378 1208 postquam
389 1175 507 1209 synodus
521 1176 613 1210 quinta
622 1177 758 1206 celebrata
769 1184 821 1212 est.
838 1183 1014 1216 octogesimo,

236 1216 404 1251 Sophronius
432 1218 674 1255 Jerosolymitanus
706 1224 802 1257 praesul
829 1225 862 1252 ad
894 1226 1015 1261 Sergium

235 1263 564 1300 Coustautinopolitanum
579 1269 760 1302 patriarcham
777 1271 932 1306 synodicam
948 1274 1017 1301 scri-

234 1309 303 1337 bens
313 1311 465 1344 epistolam,
477 1320 537 1347 qua:
557 1319 598 1341 est
614 1315 695 1342 veluti
712 1315 844 1351 professio
860 1318 931 1352 ﬁdei,
947 1320 1016 1348 inter

235 1355 305 1383 alios
317 1357 504 1385 haereticorum
527 1367 633 1387 errores
644 1362 777 1397 praecipua
793 1370 935 1393 enumerat
956 1366 1015 1394 Ori-

234 1402 311 1436 genis
329 1403 454 1438 dogmata
479 1404 540 1432 ﬁdei
563 1405 725 1435 Christianae
749 1411 895 1444 contraria,
912 1417 939 1438 et
953 1420 1015 1448 gra-

234 1447 352 1475 vissimis
374 1449 463 1476 verbis
489 1451 619 1484 confutat,
643 1454 820 1489 eutudemque
846 1455 872 1482 in
901 1458 1015 1485 concilio

233 1494 328 1528 quinto
342 1495 496 1523 damnatum
513 1496 596 1525 fuisse
609 1504 760 1533 asseverat;
775 1502 925 1535 tumipsum
937 1503 1009 1530 dein-

233 1539 267 1567 de
290 1547 352 1568 cum
373 1542 563 1576 perditissimis
577 1544 710 1572 hiereticis
733 1546 856 1574 collocat.
869 1548 961 1576 Relata
975 1555 1016 1577 est
1029 1552 1050 1581 ϐ

232 1587 291 1615 haec
308 1587 419 1622 epistola
439 1588 509 1616 inter
540 1590 608 1618 Acta
633 1592 726 1627 synodi
752 1598 833 1621 sextae
858 1595 957 1622 action.
972 1597 1015 1624 Η.

233 1632 337 1660 Deinde
350 1634 455 1661 actione
468 1635 501 1664 17
520 1641 547 1662 et
565 1636 610 1669 18,
632 1636 747 1665 iteratur
764 1639 870 1667 concilii
885 1640 1015 1674 definitio,

233 1677 261 1704 in
276 1685 329 1712 qua
348 1681 497 1713 probantur
512 1686 540 1709 et
565 1682 761 1711 conﬁrmantur
784 1685 892 1713 decreta
917 1688 1017 1721 quintae

232 1723 342 1758 synodi,
354 1732 413 1759 qua:
427 1727 546 1761 synodus
566 1727 619 1754 illic
635 1728 735 1757 dicitur
749 1731 878 1759 adversus
895 1732 1018 1760 Theodo-

233 1775 295 1796 rum
310 1769 538 1805 Mopsuestenum,
551 1772 706 1808 Origenem,
724 1775 863 1811 Didymum
892 1783 919 1806 et
946 1779 1016 1807 Eva-

232 1813 320 1848 grium
344 1815 428 1843 fuisse
443 1824 616 1853 congregata.
632 1819 660 1846 ln
675 1821 769 1849 eadem
787 1824 895 1852 actione
910 1825 954 1858 18,
970 1826 1017 1854 ha-

231 1859 311 1886 betur
323 1860 440 1888 edictum
451 1862 622 1892 Constantini
633 1865 815 1902 imperatoris,
831 1869 857 1897 in
868 1878 920 1905 qua
930 1872 1018 1899 susci-

230 1911 295 1939 pere
305 1913 335 1933 se
346 1907 496 1941 denuntiat,
509 1904 567 1946 quae
581 1913 673 1946 quinta
690 1915 808 1948 synodus
822 1904 911 1944 sanxit
926 1923 1016 1945 contra

231 1951 280 1978 Dei
292 1952 485 1988 impugnatoree
498 1956 647 1991 Origenem,
666 1959 804 1995 Didymum
819 1967 842 1988 et
862 1962 1013 1998 Evagrium.

231 1997 351 2033 Denique
365 1999 463 2029 Leonis
484 2002 505 2029 ll
525 2011 599 2038 papa:
614 2005 752 2039 epistolam
764 2008 797 2033 ad
811 2007 1013 2037 Constantinum

231 2045 349 2077 exhibet,
371 2046 397 2073 in
412 2055 464 2082 qua
479 2053 536 2075 rata
561 2057 620 2076 esse
642 2051 741 2084 juheus
757 2060 817 2086 qua:
841 2055 1015 2083 (nc-tmenica:

231 2090 326 2124 synodi
340 2098 387 2118 sex
401 2097 560 2127 statuerant,
570 2095 639 2122 inter
653 2095 721 2122 alios
738 2095 888 2130 haereticos,
904 2106 970 2133 quos
982 2107 1014 2127 ea

230 2135 345 2162 concilia
361 2137 542 2164 anathematis
566 2140 755 2173 contuderant,
770 2141 911 2175 Origenem
941 2144 1015 2172 Ada-

230 2181 374 2214 mantium,
387 2182 528 2217 Didymum
546 2188 572 2211 et
590 2184 733 2219 Evagrium
752 2188 837 2221 ponit.
849 2187 902 2215 Nec
920 2189 1014 2217 melius

229 2224 339 2253 habitus
354 2227 535 2262 estOrigenes
547 2230 581 2256 ab
593 2229 696 2259 Isidoro
712 2231 872 2266 llispalensi,
887 2234 931 2268 qui
948 2235 1011 2263 Ori-
1028 2221 1050 2248 Β

229 2272 283 2306 gin.
307 2273 353 2300 lib.
373 2282 433 2308 vitt,
459 2282 518 2310 cap.
542 2275 568 2308 5,
588 2277 725 2304 ΙιἎξιῈδεοῐι
750 2279 821 2306 inter
841 2281 1014 2310 Christianos

229 2323 384 2346 exortarum
399 2321 496 2348 seriem
523 2327 677 2357 pertexens,
698 2324 876 2360 Origenianos
890 2335 1012 2354 commo-

228 2368 329 2398 morat,
359 2365 531 2401 ipsorumque
554 2369 711 2403 reprobatas
735 2372 876 2405 opiniones
887 2372 1012 2407 ﬁexpouit.

230 2407 325 2436 Refert
343 2416 375 2436 ex
391 2418 425 2437 eo
441 2411 610 2446 Epigramma
629 2414 700 2441 istud
711 2414 797 2444 Guido
812 2417 968 2450 Carmelita,
986 2418 1012 2444 in

231 2463 285 2490 quo
301 2455 415 2491 loquens
429 2457 564 2485 inducitur
580 2458 711 2495 Origenes
725 2469 733 2488 :

229 2535 413 2576 lilio-rigent:
430 2546 478 2576 ego
485 2538 576 2576 doctor
587 2540 641 2576 (55)
654 2542 800 2569 verissimus
815 2544 876 2571 olim

265 2571 315 2612 Qui
331 2571 522 2612 primumrﬁdei
538 2571 684 2610 grainniata
700 2577 755 2612 (54)
770 2579 841 2604 clara
857 2579 918 2605 dedi
932 2586 941 2606 :

228 2603 318 2647 Celsus
331 2603 409 2633 erant
425 2603 578 2647 meridiaret
599 2612 686 2638 clarus
701 2603 807 2640 inuitem
826 2614 921 2647 fandi;

265 2640 420 2676 Prwreptus-
431 2645 515 2670 subito
529 2653 587 2672 vace
602 2652 706 2673 nocente
721 2648 773 2673 rui.

228 2674 391 2717 Cantiam-si
403 2680 496 2717 credis,
514 2682 602 2717 studui
614 2685 650 2706 tot
668 2682 750 2709 millia
765 2682 855 2717 libros,

264 2709 330 2746 Quot
345 2712 410 2746 legio
431 2709 523 2741 missos
539 2716 610 2741 ducit
624 2717 650 2741 in
667 2725 740 2743 arma
755 2719 833 2746 viros.

229 2742 315 2789 Nulla!
325 2742 394 2789 meos
406 2756 518 2789 unquam
533 2750 614 2784 tetigit
626 2742 784 2789 (alam/ternio
795 2742 884 2780 sensus
893 2775 900 2789 ,

263 2779 315 2806 Sed
327 2781 398 2815 uigil,
410 2787 434 2808 et
447 2779 562 2816 prudens
577 2779 647 2811 [utut
662 2779 693 2812 ab
704 2786 774 2813 hoste
785 2789 833 2820 fui.

263 2834 427 2865 "'"Auast.
447 2839 473 2866 in
488 2840 557 2868 llist.
573 2843 607 2868 ad
620 2852 691 2880 ann.‘
702 2844 764 2872 Chr.
785 2846 835 2874 l8?)
853 2852 878 2874 et
893 2847 956 2876 2H.

264 2881 319 2918 (55)
336 2882 398 2917 Lrg.
415 2885 482 2912 forte
500 2886 567 2913 :ltle
581 2896 626 2923 ego
643 2891 838 2930 sumﬂrigcnes
852 2893 951 2920 ductor.

1071 923 1212 951 ἀνόθευτον
1227 925 1345 960 scripsit.
1357 925 1429 953 Libri
1443 926 1522 961 hujus
1531 935 1633 955 summa
1648 928 1757 964 fastigia
1766 929 1854 963 legens

1068 968 1179 997 Photius
1193 971 1252 998 cod.
1270 978 1399 1005 ccxxxttt,
1416 973 1442 1000 in
1453 981 1485 1000 eo
1496 974 1627 1008 praecipue
1644 975 1696 1003 hoc
1708 975 1752 1010 agi
1765 975 1856 1010 refert,

1074 1020 1104 1042 ut
1123 1014 1246 1051 Gregorii
1269 1016 1381 1052 Nysseni
1400 1018 1499 1053 scripta
1515 1019 1548 1046 ab
1565 1020 1609 1048 illo
1625 1020 1752 1055 Origenis
1768 1028 1857 1048 ermre

1068 1058 1196 1089 immunia
1213 1069 1272 1089 esse
1299 1063 1457 1097 probentur,
1474 1072 1526 1099 quo
1544 1065 1679 1093 daemones
1688 1074 1722 1093 ac
1736 1067 1857 1094 homines

1068 1105 1179 1134 infernis
1205 1107 1312 1141 ignibus
1332 1108 1473 1136 damnatos
1493 1109 1635 1137 liberatum
1652 1112 1802 1146 aliquando
1825 1113 1854 1139 iri

1067 1152 1228 1185 aﬁirmatur;
1252 1155 1285 1180 ab
1303 1154 1462 1190 Origenistis
1480 1162 1546 1190 ergo
1558 1155 1680 1192 Gregorii
1698 1157 1787 1185 libros
1800 1166 1858 1192 par-

1067 1197 1112 1224 tim
1134 1199 1233 1232 spuriis
1259 1199 1458 1234 additamentis,
1473 1202 1570 1236 partim
1585 1203 1758 1236 etiammale
1778 1204 1857 1231 inter-

1067 1245 1178 1278 pretatis
1187 1246 1276 1273 verbis
1288 1245 1370 1274 fuisse
1380 1248 1487 1276 vitiatos
1498 1248 1659 1276 Germanum
1671 1251 1855 1284 pertendisse.

1067 1297 1152 1324 eoque
1173 1298 1255 1326 opere
1272 1291 1403 1327 insignem
1422 1294 1454 1320 de
1471 1293 1630 1329 Origenistis
1647 1300 1743 1330 aperte
1767 1297 1857 1324 comi-

1065 1336 1117 1364 ctis
1137 1337 1301 1372 triumphum
1318 1339 1417 1373 egisse.
1445 1340 1557 1367 Coaevus
1586 1342 1787 1375 propemodum
1808 1342 1856 1369 fuit

1065 1382 1200 1410 Germano
1214 1383 1277 1410 huic
1299 1383 1417 1412 Joannes
1432 1385 1623 1420 Damascenus,
1648 1387 1695 1421 qui
1713 1395 1796 1414 suum
1814 1388 1855 1414 ad-

1065 1435 1158 1456 versus
1169 1429 1334 1464 Origenistas
1346 1431 1435 1458 odium
1447 1431 1606 1460 clarissimis
1621 1433 1792 1461 testimoniis
1812 1434 1855 1461 de-

1065 1472 1190 1507 claravit;
1211 1474 1238 1501 in
1263 1475 1331 1502 libro
1356 1477 1504 1510 praesertim
1528 1476 1566 1504 De
1590 1477 1747 1510 ha'reaibus,
1759 1479 1787 1505 in
1807 1487 1856 1514 quo

1066 1516 1211 1544 teterrimis
1220 1517 1353 1546 haereticis
1362 1520 1538 1555 Origeniauos
1548 1527 1680 1554 accenset,
1694 1530 1799 1558 eosque
1806 1525 1855 1550 Au-

1067 1562 1202 1595 gustinum
1217 1568 1243 1589 et
1262 1563 1439 1598 Epiphaniam
1465 1570 1614 1594 assectatus
1633 1568 1759 1603 duplices
1776 1569 1856 1596 fuisse

1067 1608 1113 1633 ait.
1128 1606 1197 1634 Idem
1219 1608 1244 1634 in
1269 1608 1384 1644 Eclogis,
1398 1618 1458 1646 qua:
1484 1613 1675 1646 manuscripts:
1698 1619 1811 1640 exstant
1830 1615 1852 1641 in

1067 1651 1233 1680 Bibliotheca
1242 1653 1446 1683 Claromontaua
1456 1656 1599 1685 Societatis
1612 1657 1686 1690 Jesu,
1704 1659 1853 1694 fragmenta

1066 1699 1186 1732 quaedam
1219 1699 1296 1727 aﬁert
1320 1701 1454 1735 Antipatri
1482 1702 1637 1730 Bostrorum
1668 1705 1802 1740 episcopi,
1827 1707 1855 1732 ἐκ

1066 1744 1116 1779 τῆς
1126 1744 1196 1772 κατὰ
1207 1745 1261 1772 τῶν
1273 1745 1450 1783 βλασφημιῶν
1461 1748 1507 1776 τοῦ
1519 1749 1676 1785 δυσωνύμου
1703 1751 1854 1786 Ὠριγένςυς

1067 1791 1267 1826 πραγματείας.
1285 1791 1334 1825 Qui
1348 1793 1484 1827 quomodo
1501 1795 1582 1822 fuerit
1594 1796 1619 1823 in
1635 1796 1786 1832 Origenem
1798 1798 1855 1824 aui-

1067 1841 1153 1864 matus
1175 1844 1207 1864 ex
1227 1838 1278 1865 hoc
1301 1838 1378 1866 titulo
1389 1839 1554 1875 intelligitur.
1568 1840 1606 1869 De
1623 1843 1703 1876 hujus
1717 1843 1854 1878 Antipatri

1065 1885 1144 1909 aitate
1160 1882 1204 1909 diu
1214 1890 1246 1910 ac
1257 1883 1367 1911 multum
1385 1886 1450 1913 mihi
1472 1887 1596 1921 qttzesita,
1613 1887 1638 1914 id
1653 1888 1743 1915 solum
1764 1889 1856 1917 hacte-

1067 1933 1118 1953 nus
1137 1927 1212 1961 potui
1227 1928 1440 1963 deprehendere,
1452 1930 1566 1958 Eusebio
1581 1939 1659 1966 quem
1672 1934 1803 1968 suggillat
1816 1943 1856 1961 re-

1066 1972 1212 2000 centiorem
1229 1974 1313 2001 fuisse
1326 1995 1333 2006 ,
1347 1974 1448 2003 Joanne
1472 1976 1637 2005 Damasceno
1651 1987 1666 2005 a
1689 1988 1745 2013 quo
1764 1980 1855 2007 lauda-

1067 2022 1120 2050 tur,
1150 2020 1333 2047 vetustiorem.
1367 2020 1534 2057 incomperta
1559 2031 1666 2059 quoque
1692 2025 1760 2052 mihi
1790 2031 1855 2054 aetas

1065 2061 1178 2090 Joannis
1193 2062 1362 2097 Mabropodae
1375 2066 1573 2100 metropolitani
1591 2067 1721 2095 Ecclesize
1736 2069 1854 2096 Euchai-

1067 2113 1164 2141 tarum,
1196 2110 1242 2144 qui
1270 2110 1378 2144 scripsit
1403 2111 1563 2138 solutionem
1590 2113 1615 2140 in
1644 2114 1854 2149 explicationem

1066 2153 1189 2189 Origenis
1203 2156 1228 2181 in
1240 2155 1411 2185 Psalterium.
1427 2156 1595 2185 Recensetur
1608 2158 1730 2187 illeliher
1745 2161 1770 2187 in
1781 2167 1855 2187 cata-

1067 2199 1127 2234 logo
1151 2200 1325 2229 Bibliotheca:
1351 2202 1656 2239 Constantinopolitanae
1676 2205 1853 2233 illustrissimi

1067 2246 1195 2281 principis
1206 2247 1385 2282 Marmoretat,
1400 2250 1444 2284 qui
1459 2251 1597 2277 subnexus
1609 2256 1652 2278 est
1666 2251 1855 2286 supplemento

1066 2289 1238 2319 Bibliotheca:
1262 2291 1437 2321 Gesneriante
1462 2295 1572 2322 Antonii
1594 2294 1728 2322 Verderii.
1745 2297 1857 2331 Anony-

1067 2345 1139 2364 mum
1155 2345 1261 2372 quoque
1276 2338 1398 2374 Origeuis
1408 2339 1577 2367 Seholiasten
1590 2346 1790 2368 commemorat
1803 2342 1856 2368 An-

1069 2383 1157 2410 tonius
1182 2383 1341 2412 Possevinus
1361 2386 1387 2412 in
1417 2386 1554 2421 Apparatu
1571 2395 1662 2419 sacro,
1681 2388 1772 2414 aetatis
1796 2396 1855 2422 per.

1068 2437 1143 2463 reque
1168 2430 1275 2465 ignotae.
1303 2430 1392 2458 Nihilo
1414 2433 1498 2466 magis
1519 2433 1654 2466 conjicere
1676 2441 1790 2467 possum
1804 2442 1856 2468 quo

1067 2479 1187 2510 tempore
1203 2477 1310 2504 lucuhra
1316 2482 1341 2504 ta
1354 2477 1631 2513 Γιιθι-ῙιὪριγενιστῶν
1642 2479 1779 2514 ἐρώτησις
1790 2480 1855 2515 πρὸς

1066 2522 1169 2554 πιστόν,
1192 2529 1251 2556 qua:
1277 2524 1384 2556 ponitur
1399 2524 1423 2551 in
1447 2524 1580 2551 Allutiano
1602 2523 1742 2552 Vaticana:
1756 2526 1854 2552 Biblio-

1065 2567 1148 2594 theca:
1157 2575 1247 2595 censu.
1260 2567 1477 2597 ParDamasceni
1490 2569 1656 2598 Venerabilis
1665 2570 1738 2598 Beda
1748 2579 1852 2606 aequum

1064 2612 1172 2647 Origeni
1186 2621 1215 2640 se
1226 2614 1355 2647 praebuit;
1369 2623 1429 2641 nam
1445 2621 1472 2642 et
1483 2616 1623 2650 praeclaras
1639 2617 1698 2651 ejus
1711 2618 1790 2644 dotes
1805 2624 1851 2644 ox-

1065 2658 1126 2684 tttlit
1138 2660 1278 2693 praeconiis
1304 2668 1330 2687 tn
1350 2659 1522 2688 Cutlectaneis
1541 2667 1568 2688 et
1586 2661 1722 2695 Floribus,
1740 2671 1800 2697 cap.
1816 2662 1852 2689 De

1065 2702 1216 2732 luminarib.
1249 2704 1367 2737 Eccles.,
1385 2713 1433 2732 nec
1460 2707 1522 2732 vitia
1544 2712 1631 2733 tamen
1659 2707 1847 2734 dissimulavit.

1066 2747 1181 2782 lniquior
1207 2750 1368 2777 Anastasius
1387 2750 1606 2780 Bibliotheearjus
1626 2751 1685 2767 ³’-³³
1699 2751 1848 2786 suppressis

1064 2794 1206 2822 Adamauti
1229 2795 1352 2824 laudibus
1364 2796 1423 2831 ejus
1438 2802 1540 2824 tantum
1551 2805 1657 2825 errores
1670 2805 1764 2825 amare
1781 2798 1847 2824 ultus

1087 2895 1142 2927 (iiii)
1172 2895 1234 2929 [ιι-ς.
1250 2896 1266 2923 Γ.
1282 2897 1412 2930 dogmata.
