1927 3076
72 145 135 173 ΙΙΠ

502 147 786 177 UﬂlGENlANORUM
805 149 867 178 LIB.
885 149 918 184 ll,
938 151 1013 183 CAP.
1034 153 1077 186 IV,
1099 153 1194 182 SECT.
1214 155 1246 182 ll.

1619 159 1647 186 H
1653 161 1691 188 7'8.

68 210 120 241 est,
136 206 334 242 Eusebiumque
346 208 431 242 ipsum
448 209 522 236 nimii
542 218 603 246 erga
623 207 763 246 Origenem
777 219 853 240 amo-
867 215 890 242 Α
905 217 1009 248 natent,
1026 214 1114 249 ipsum
1127 215 1199 242 haud
1215 222 1294 243 secus
1313 223 1344 244 ac
1358 220 1497 251 parentem
1524 217 1685 253 Arianorum

66 252 105 279 ris
122 252 222 279 acriter
234 254 367 288 coarguit.
377 254 482 289 Saecqu
493 261 631 290 sequente,
647 256 718 291 quod
727 265 740 283 a
750 257 851 285 Christi

67 303 127 325 ortu
153 306 252 326 nonum
279 305 447 334 numeratur,
475 299 566 328 ﬂoruit
594 294 695 337 llaymo
714 302 852 330 Albersta-

66 343 162 371 sensis.
177 344 286 378 Apertis
299 345 342 372 ille
353 346 441 373 verbis
454 346 595 381 Origenem
608 347 721 375 crimine
737 352 850 375 conatus

65 394 109 416 est
124 389 274 423 absolvere,
298 398 409 419 errores
418 391 459 419 vel
483 392 533 426 ipsi
548 393 582 420 ab
603 393 737 421 hereticis
749 393 850 422 aiIictos

69 435 109 462 vel
125 436 158 462 ab
170 436 228 470 ipso
243 444 297 468 non
316 444 348 464 ex
368 437 512 470 sententia,
528 438 574 466 sed
595 446 628 466 ex
645 439 769 473 opinione
779 447 857 479 pras-l

69 481 170 515 positos
187 489 355 510 asseverans.
376 482 477 510 Contra
489 491 554 511 vero
570 483 681 512 Photius
696 484 851 519 Constanti-

69 528 242 561 nopolitanus
261 529 415 562 patriarcha
428 530 512 565 ipsius
527 531 638 569 aqualis
660 531 850 559 Adamantium

64 573 215 605 saevissime
234 574 372 607 proscidit.

102 617 196 646 XVlll.
221 602 341 655 Longum
367 602 445 656 esset
475 622 639 658 singulorum
662 602 802 658 explorare
824 608 857 651 et.

68 663 171 692 referre
184 666 345 694 sententiam
357 686 364 699 ,
383 667 428 702 qui
444 667 531 696 obiter
543 676 576 696 ac
591 669 665 696 aliud
683 674 795 704 agentes
807 662 809 664 ’
819 669 853 698 de

66 709 185 745 Origene
199 710 381 747 Origenisque
407 714 530 741 doctrina
547 714 612 748 quid
636 715 688 742 sibi
715 715 853 742 videretur

67 754 182 782 strictim
199 756 430 791 ediderunt.Quid
441 758 513 786 enim
530 759 676 794 Georgium
688 760 852 796 Syncellum,

67 805 93 827 et
111 799 323 836 Theophanem,
355 804 418 838 quid
444 803 589 840 Georgium
614 806 776 839 Cedrcnnm,
790 807 854 841 quid

67 845 320 882 Theophylactum,
351 848 416 883 quid
444 848 576 876 Joannem
606 849 739 877 Zonaram
758 871 765 884 ,
789 851 853 886 quid

902 258 1109 287 incessentem?
1130 261 1195 296 quid
1220 261 1364 289 Roberlum
1382 261 1531 290 Cursonum
1549 263 1663 298 Angluin
1678 284 1693 297 ,τ

900 311 978 338 quem
992 305 1130 340 scripsisse
1152 306 1248 334 librum
1266 307 1304 334 De
1325 307 1466 335 minutione
1494 308 1613 343 Origenia
1644 317 1686 336 re-

900 347 953 377 fert
969 349 1071 378 Balaeus
1083 351 1191 379 Centur.
1212 352 1229 379 5
1252 351 1417 385 Scriptorum
1433 353 1578 381 Britannia?
1589 355 1602 382 .9
1624 355 1685 388 quid

901 395 1071 434 Vincentium
1085 396 1312 431 Belluvacensem,
1335 398 1382 433 qui
1401 398 1506 430 Speculi
1532 400 1686 428 doctrinalia

904 440 951 472 lib,
965 449 1043 474 xvm,
1059 449 1118 477 cap.
1136 442 1179 476 45,
1197 449 1300 469 summa
1316 444 1442 477 aequitate
1452 445 1484 471 de
1498 444 1612 480 Origene
1629 453 1685 480 pro

900 487 1006 514 nuntiat
1014 488 1026 515 ἲ
1035 487 1098 522 quid
1109 488 1269 516 Wernerum
1279 488 1473 523 Westphalum,
1485 490 1529 525 qui
1545 496 1686 526 postquam

901 532 993 571 laudes
1017 534 1044 560 in
1069 533 1210 569 Origenem
1229 535 1387 568 congessit,
1412 536 1558 564 conciliare
1580 543 1610 564 se
1632 544 1687 566 nor.

901 571 989 613 posse}
1007 579 1072 606 dicit
1089 584 1271 618 repugnantes
1284 584 1310 608 et
1325 581 1465 615 oppositas
1481 582 1513 608 de
1529 582 1633 610 meritis
1655 590 1688 611 at.

901 624 1046 652 virtutibus
1063 625 1185 660 Origenis
1200 626 1369 659 sententias?
1387 627 1456 660 Quid
1473 627 1563 655 varios
1576 618 1688 662 praeter;

902 676 932 696 ea
952 669 1088 698 inferioris
1109 670 1180 698 illius
1202 671 1251 698 aevi
1277 671 1417 699 hzereticos
1434 680 1589 700 recenseam
1604 693 1611 706 ,
1641 675 1690 708 qui

903 714 1031 750 pleraque
1047 715 1132 750 ipsius
1149 716 1248 750 placita
1264 722 1430 744 ren0varunt
1444 727 1450 745 :
1463 718 1536 746 velut
1557 719 1574 746 ii
1591 719 1691 754 quibus

904 767 1001 788 nomen
1017 760 1068 787 fuit
1083 762 1116 787 de
1132 760 1248 794 Barulo,
1266 756 1480 796 quos'historici
1502 770 1615 791 narrant
1630 765 1690 792 ani-

906 813 1009 832 marmn
1022 805 1193 842 προΰπαρξιν
1208 807 1369 845 defendisse,
1386 811 1413 834 et
1431 807 1540 846 beatam
1553 800 1691 846 Virginem

906 857 954 888 pro
969 851 1063 885 angelo
1087 852 1234 885 habuisse;
1264 851 1337 879 velut
1357 851 1517 885 Valdenses,
1536 855 1583 888 qui
1597 862 1688 881 sacer-

67 891 230 920 Michaelem
244 893 368 930 Glycam,
381 895 445 930 quid
461 894 640 930 Nicephorum
654 896 758 925 Callisti
776 905 852 924 com-
868 889 890 922 Β
904 896 981 934 dotes
996 897 1114 931 quandiu
1130 897 1291 926 criminibus
1305 901 1332 926 et.
1348 898 1561 934 noxisimpliciti
1573 900 1688 933 haerent,

67 947 217 968 memorem
230 961 238 974 ,
262 949 276 968 a
297 942 394 977 quibus
406 963 414 976 ,
429 947 458 970 ut
484 951 498 970 a
514 948 574 971 tota.
585 943 641 971 fere
668 944 855 978 Graeculorum,

66 987 177 1015 natione
190 988 308 1025 pessime
323 994 451 1024 exceptus
469 990 530 1018 est?
546 991 610 1025 quid
624 990 713 1018 Nilum
727 991 750 1007 “
768 992 853 1019 Thes-

67 1033 278 1068 salonicensem,
293 1035 339 1069 qui
356 1035 425 1064 nihil
446 1036 484 1063 ait
498 1035 622 1071 Origeni,
632 1036 852 1065 Christianorum

65 1078 131 1106 licet
149 1079 349 1114 sapientissimo
365 1085 393 1108 et
409 1081 561 1121 Scriptura:
580 1081 745 1121 peritissimo
757 1102 766 1115 ,
789 1089 852 1116 pro:

66 1123 152 1151 fuisse
167 1125 341 1159 sapientiam,
356 1133 410 1161 quo
427 1127 516 1154 minus
530 1135 545 1154 a
559 1127 789 1162 ﬁdei-integritate
805 1128 855 1156 den

65 1170 197 1201 sciscerct
211 1171 222 1198 ?
237 1171 335 1199 Suidas
348 1172 558 1208 lexicographus
573 1181 621 1207 pro
639 1181 714 1201 more
728 1182 777 1202 suo
787 1174 852 1201 alio-

67 1225 126 1244 rum
140 1217 210 1245 dicta
224 1218 370 1252 compilans
382 1218 480 1254 duplici
497 1218 643 1254 Origenem
661 1220 771 1254 donavit
795 1219 855 1248 elo-1

62 1263 119 1299 gio,
136 1271 248 1298 quorum
266 1264 340 1298 prius
357 1271 390 1292 ex
403 1264 508 1296 Eusebii
524 1264 593 1292 libro
603 1265 646 1292 ὀε
671 1266 761 1300 script.
787 1265 849 1293 εδει.

66 1309 124 1337 fere
143 1309 309 1344 decerptum,
323 1310 372 1339 sed
394 1309 507 1338 confuso
521 1313 549 1337 et
571 1311 730 1345 pertttrbato
743 1311 853 1343 ordine,

61 1355 165 1391 partim
181 1356 262 1383 etiam
287 1363 320 1383 ex
340 1355 432 1386 Graeca
455 1356 678 1391 interpretatione
691 1357 776 1392 Elogii
798 1365 852 1392 quo

62 1403 153 1436 ipsum
167 1401 277 1429 donavit
291 1402 481 1438 Hieronymus,
495 1402 610 1430 mirifice
624 1403 716 1438 ipsum.
727 1404 848 1438 extollit;

60 1446 181 1476 alterum
195 1454 259 1475 vero
274 1448 460 1483 depromptum
473 1448 610 1481 αὑτολεξεὶ
621 1457 653 1476 ex
665 1449 785 1477 Cedreno
797 1450 851 1477 hae-

66 1501 159 1521 reseos
172 1494 260 1528 ipsum
271 1495 386 1522 crimine
404 1494 561 1530 compellat.
579 1496 850 1524 Animadversionem

67 1547 135 1567 vero
148 1545 267 1567 nostram
285 1541 402 1575 postulat
416 1560 424 1574 ,
443 1542 516 1577 quod
535 1549 589 1578 .pro
611 1541 728 1577 Origene
743 1542 851 1570 Nicetas

63 1585 178 1620 scripsit
194 1586 310 1622 elogium
325 1596 333 1615 :
349 1596 359 1614 ‹
379 1586 435 1615 Hoc
452 1593 554 1620 autem,
574 1588 662 1623 inquit
679 1609 687 1622 ,
702 1589 729 1616 in
744 1596 851 1617 summa

66 1632 211 1660 dicendum
227 1637 278 1667 est,
305 1633 452 1669 Origenem
470 1634 496 1661 in
521 1634 639 1670 physicis
665 1635 851 1667 theorematis,

66 1685 215 1713 eorumque
232 1678 369 1711 allegoriis
382 1697 390 1711 ,
412 1685 516 1706 necnon
533 1679 560 1706 in
589 1683 645 1708 tota
660 1681 756 1708 morali
770 1680 853 1708 disci-

66 1723 140 1758 plina
155 1723 296 1751 doclorum
311 1724 435 1751 omnibus
455 1724 682 1758 acceptissimum,
697 1732 852 1753 accommo-

65 1769 291 1805 datissimumque
305 1770 400 1805 fuisse,
414 1777 496 1808 atque
510 1772 579 1799 adeo
594 1779 655 1799 eum
668 1791 677 1804 ,
700 1772 745 1806 qui
764 1772 852 1799 virtu-

67 1820 123 1843 tem
138 1816 291 1844 actionibus
308 1824 338 1844 se
356 1817 475 1845 maxime
489 1818 610 1846 omnium
627 1822 778 1846 exerceret.
797 1817 853 1845 Hu-

67 1861 111 1895 ius
124 1862 202 1889 enim'
221 1863 343 1890 exercitii
357 1864 447 1891 studio
461 1864 544 1891 vitam
561 1870 647 1899 usque
665 1864 733 1891 adeo
747 1863 854 1891 excole-

68 1907 124 1941 bat,
134 1912 268 1943 utpectus
284 1908 352 1944 ejus,
370 1910 596 1944 quemadmodum
610 1910 759 1945 aiunt,praa
771 1909 853 1937 nimia

69 1954 108 1982 rei
126 1953 312 1989 cujuscunque
330 1955 456 1983 animatae
468 1956 635 1984 continentia
647 1961 674 1984 et
688 1956 854 1992 abstinentia

68 2000 210 2028 exciderit.
227 2000 263 2028 At
287 2001 315 2028 in
330 2008 394 2028 vera
420 2001 482 2032 title.
500 2001 587 2036 iisque
613 2002 778 2037 disciplinis,
794 2009 854 2036 quae

67 2045 201 2079 majorem
217 2046 485 2081 contemplationem,
504 2051 588 2081 atque
599 2047 626 2075 in
639 2048 734 2082 primis
749 2047 854 2075 theolo-

67 2093 156 2127 gicam
173 2092 327 2127 requirunt,
341 2093 462 2120 omnium
476 2098 607 2128 quotquot
620 2093 694 2121 illum
711 2101 855 2128 praecesse-

67 2142 142 2172 runt,
152 2143 179 2166 et
191 2138 278 2166 secuti
292 2143 364 2171 sunt,
381 2139 605 2167 absurdissimum
615 2147 644 2167 se
653 2140 808 2174 prtestiterit
820 2149 828 2167 :
842 2149 852 2167 ι

67 2191 128 2219 quat
142 2191 176 2211 ex
200 2183 352 2219 Epiphanio
365 2184 430 2212 haer.
446 2191 526 2216 utv,
543 2192 604 2219 cap.
616 2183 643 2218 5,
657 2184 713 2212 fere
729 2185 854 2220 decerpta

67 2234 141 2257 sunt.
172 2229 288 2257 Rursum
310 2237 375 2257 vero
402 2230 466 2265 quid
487 2229 628 2258 Sidonium
652 2231 853 2266 Apollinarem,

67 2275 133 2310 quid
148 2274 259 2308 Bedam,
275 2276 340 2310 quid
356 2275 537 2310 Freculphum
560 2275 753 2304 Lexoviensetn
765 2296 772 2309 ,
788 2277 851 2311 quid

67 2321 234 2357 chinoncm
247 2341 254 2354 ,
281 2322 346 2356 quid
363 2321 547 2349 Hermannum
570 2321 745 2349 Contractum
758 2341 766 2354 ,
788 2322 853 2357 quid

67 2368 218 2395 Marianum
236 2368 346 2395 Scotum
357 2388 366 2402 ,
384 2368 447 2403 quid
463 2367 611 2396 Honorium
623 2367 852 2403 Augustoduneny

64 2421 137 2446 sem,
153 2413 218 2448 quid
234 2412 397 2441 Gulielmum
410 2413 590 2440 Parisiensem
610 2412 753 2448 appellem,
765 2413 810 2447 qui
824 2413 852 2440 in

67 2467 129 2488 sum
148 2467 207 2487 sese
235 2459 369 2495 aequiores
395 2459 597 2495 praebuerunt?
619 2459 683 2493 quid
708 2458 851 2486 Martinum

66 2505 200 2533 i‘olonum
216 2505 260 2539 qui
287 2506 392 2540 magnis
415 2513 476 2534 eum
499 2505 596 2533 extulit
621 2504 766 2532 laudibus?
791 2504 854 2539 quid

67 2551 242 2579 Anastasium
270 2550 510 2579 Bibliothecarium
538 2551 585 2586 qui
608 2551 635 2578 in
653 2550 790 2578 contraria
805 2549 855 2579 fuit

67 2597 215 2629 sententia,
229 2601 256 2623 et
272 2597 432 2631 asperrimis
443 2596 530 2631 ipsum
547 2596 678 2624 conviciis
689 2595 827 2631 perfricuit
842 2595 853 2623 ?

67 2644 132 2678 quid
149 2643 316 2670 Bernardum
329 2662 338 2676 ,
352 2643 398 2678 qui
418 2643 445 2670 in
460 2651 584 2670 sermone
601 2643 634 2670 de
652 2643 743 2670 verbis
757 2641 852 2677 Orige-

68 2691 109 2716 nis
123 2709 131 2721 ,
153 2690 225 2716 hunc
252 2690 448 2723 circumspecte
472 2689 614 2723 legendum
644 2696 704 2717 esse
734 2694 825 2716 monet
840 2707 849 2721 ,

67 2735 139 2769 quod
160 2734 243 2760 multa
270 2733 345 2760 illum
368 2738 462 2760 contra
480 2734 559 2761 tidem
580 2734 721 2768 scripsisse
745 2739 853 2761 sancto-

68 2789 128 2808 rum
147 2778 258 2807 Patrum
276 2780 364 2807 tradat
377 2779 542 2807 auctoritas?
554 2779 617 2814 quid
633 2779 852 2812 ThomamAqui-

902 940 1005 978 ordinis
1015 943 1055 979 sui
1070 947 1205 982 potestate
1220 943 1258 981 uti
1285 951 1447 982 nontposse,
1462 948 1491 972 et
1511 945 1571 980 pios
1591 953 1687 973 omnes

903 988 1060 1016 sacerdotes
1086 996 1146 1017 esse
1159 979 1353 1019 lasserebanti
1374 988 1460 1018 Unum
1490 979 1553 1028 illud
1573 991 1689 1019 monitos

903 1033 1019 1061 lectores
1044 1034 1144 1073 velim,
1163 1034 1286 1073 asperius
1305 1035 1363 1063 lere
1383 1042 1398 1062 a
1421 1035 1523 1063 Graecis
1545 1034 1688 1073 Origenem

902 1086 981 1114 quam
1005 1086 1019 1106 a
1034 1078 1291 1115 Latinisadhiberi,
1314 1081 1390 1114 cujus
1401 1081 1439 1108 rei
1454 1088 1563 1109 causam
1591 1081 1624 1108 ad
1645 1089 1690 1116 sy-

903 1117 1002 1155 nodum
1012 1122 1141 1160 quintam
1156 1126 1309 1160 referimus,
1330 1134 1390 1162 quae
1403 1135 1463 1155 cum
1477 1127 1621 1167 Origenem
1636 1136 1688 1155 una

903 1177 964 1198 cum
980 1170 1067 1197 tribus
1092 1170 1481 1210 capitulis‘damnasset,tria,
1492 1179 1557 1200 vero
1572 1172 1689 1206 capitula

902 1215 1053 1249 complures
1064 1215 1217 1245 Occidentis
1235 1218 1355 1253 episcopi
1376 1218 1506 1245 adversus
1532 1218 1625 1253 synodi
1641 1225 1689 1244 ειυς

901 1255 1056 1289 ειοιπίιδιθηιί
1079 1263 1146 1290 tueri
1164 1263 1355 1296 instituissent,
1377 1264 1438 1291 hinc
1465 1265 1555 1291 tuendi
1583 1272 1689 1299 quoque

901 1308 1024 1344 Origenis
1045 1308 1166 1344 profecta
1193 1311 1265 1346 apud
1289 1310 1363 1345 ipsos
1382 1310 1486 1338 videtur
1500 1318 1561 1337 esse
1576 1317 1690 1339 consue-

903 1355 978 1383 tudo.
1472 1390 1475 1393 ⁴
1554 1391 1566 1394 η

935 1401 1008 1429 ΧΙΧ.
1029 1402 1105 1429 Piam
1131 1403 1255 1430 feminam
1271 1401 1442 1439 Mechtildem
1453 1402 1688 1437 decimum-quar-

902 1452 958 1474 tum
975 1448 1099 1483 saeculum
1122 1448 1193 1485 tulit:
1210 1446 1294 1485 Hujus
1307 1452 1368 1486 ante
1380 1455 1467 1475 annos
1492 1448 1594 1483 aliquot
1607 1448 1632 1475 in
1644 1449 1686 1474 lu-

901 1500 959 1521 cem
981 1494 1079 1521 emissa
1095 1493 1154 1521 Vita
1173 1498 1236 1527 est,
1252 1494 1278 1520 in
1305 1502 1356 1529 qua
1380 1494 1482 1521 editum
1499 1494 1550 1529 ipsi
1563 1494 1690 1522 divinitus

902 1540 1043 1571 oraculum
1060 1540 1194 1578 quoddam
1209 1545 1299 1567 nostra
1315 1540 1504 1576 observatione
1514 1541 1624 1576 dignum
1644 1549 1688 1569 re-

903 1583 999 1611 fertur.
1017 1584 1129 1612 Ceelitus
1144 1585 1243 1620 quippe
1260 1585 1342 1622 Deum
1362 1586 1419 1620 ipsi
1445 1579 1584 1613 nuntiasse
1599 1591 1691 1614 narrat

906 1629 975 1659 Vitae
993 1631 1073 1666 hujus
1090 1631 1217 1669 scriptor,
1234 1631 1368 1669 quidquid
1388 1631 1512 1659 Samsoni
1526 1651 1534 1665 ,
1553 1631 1689 1659 Salomoni

903 1682 930 1704 et
948 1677 1056 1712 Origcni
1069 1678 1249 1711 condonatum
1264 1671 1333 1704 a'se
1353 1682 1379 1705 et
1409 1678 1541 1704 indultum
1557 1682 1610 1711 est,
1623 1685 1690 1705 con-

902 1724 973 1751 sulto
986 1724 1109 1752 homines
1124 1724 1236 1758 celasse,
1251 1729 1278 1752 ut
1297 1725 1335 1752 rei
1349 1724 1431 1760 huius
1444 1725 1613 1759 ignoratione
1626 1733 1690 1759 per-

903 1771 1037 1799 terrefacti
1059 1772 1227 1805 doctissimi,
1250 1772 1452 1806 prudentissimi
1487 1776 1517 1799 et
1547 1771 1688 1799 fortissimi

903 1817 1014 1851 quique.
1035 1823 1180 1852 perparum
1195 1818 1228 1844 de
1242 1824 1282 1848 se.
1297 1817 1387 1844 omnia
1401 1824 1466 1845 vero
1480 1817 1513 1844 de
1529 1817 1583 1844 Deo
1597 1824 1690 1851 spera-

904 1870 932 1890 re
945 1862 1060 1890 discant.
1073 1862 1268 1894 Celebrabatur
1279 1863 1330 1890 hoc
1346 1863 1404 1899 ipso
1426 1868 1547 1897 tempore
1571 1863 1689 1891 Bernar-

904 1909 953 1937 dus
967 1908 1064 1943 Guido,
1081 1917 1094 1936 a
1113 1917 1166 1944 quo
1185 1914 1363 1938 recensentur
1388 1909 1543 1945 Origeniani
1569 1917 1687 1942 errores,

903 1958 930 1982 et
941 1954 967 1982 in
992 1955 1096 1990 synodo
1110 1955 1202 1990 quinta
1219 1963 1272 1982 una
1286 1963 1347 1983 eum
1365 1961 1475 1991 auctore
1494 1955 1613 1986 damnati
1629 1964 1689 1984 esse

904 2004 1099 2031 memorantur.
1127 1999 1267 2028 Posterior
1294 2000 1346 2030 .illo
1371 2000 1561 2029 Bartolomaeus
1587 2001 1689 2028 Platiua

904 2047 1031 2081 praeclare
1043 2046 1098 2082 egit
1113 2054 1175 2074 cum
1187 2046 1312 2081 Origene,
1332 2051 1358 2074 et
1372 2047 1476 2082 magnis
1492 2054 1553 2074 eum
1566 2046 1688 2074 laudibus

904 2093 1056 2120 exornavit.
1070 2093 1189 2122 Maxima
1200 2100 1264 2120 vero
1277 2092 1328 2120 fuit
1340 2093 1464 2128 sequenti
1479 2097 1558 2119 aetate
1577 2092 1688 2121 Joannis

903 2137 960 2166 Pici
991 2137 1171 2166 Mirandulani
1185 2138 1309 2170 comitis,
1327 2138 1355 2166 in
1378 2146 1408 2165 re
1433 2137 1564 2165 litteraria
1580 2138 1638 2165 laus
1662 2142 1689 2164 et

905 2184 1057 2216 celebritas,
1073 2189 1103 2212 ut
1118 2192 1206 2220 neque
1230 2184 1390 2212 nobiliorem
1405 2204 1413 2217 ,
1439 2191 1529 2217 neque.
1541 2184 1688 2211 doctiorem

869 2232 891 2260 D
906 2235 1047 2265 patronum
1069 2229 1120 2258 sibi
1133 2229 1261 2265 Origenes
1275 2234 1368 2264 optare
1379 2228 1507 2264 potuerit.
1528 2228 1599 2256 Inter
1623 2236 1689 2255 non-

905 2280 1002 2310 gentas
1012 2282 1076 2310 ergo
1094 2275 1293 2307 conclusiones,
1307 2281 1373 2309 quas
1388 2274 1516 2301 universo
1528 2273 1587 2301 orbi
1600 2273 1689 2308 dispu-

906 2321 1003 2348 tandas
1024 2321 1184 2356 proposuit,
1203 2321 1318 2356 insignis
1334 2321 1391 2348 hate
1410 2324 1489 2347 erat:
1506 2329 1516 2345 ι
1532 2319 1689 2346 Rationabi-

905 2366 957 2394 lius
970 2371 1013 2394 est
1026 2367 1136 2396 credere
1158 2367 1300 2402 Origenem
1315 2373 1376 2394 esse
1389 2365 1493 2393 salvum
1507 2385 1514 2396 .
1535 2372 1615 2399 quam
1631 2371 1689 2392 cre-

905 2411 971 2440 dere
983 2412 1070 2447 ipsum
1086 2420 1146 2441 esse
1162 2413 1328 2440 damnatum.
1359 2421 1369 2438 ι
1396 2411 1436 2439 Ex
1456 2411 1558 2446 ingenti
1576 2410 1621 2438 illa
1640 2417 1688 2442 po-

906 2458 1034 2486 sitionum
1052 2464 1127 2486 strue
1151 2458 1278 2486 tredecim
1299 2457 1438 2486 asteriscis
1460 2456 1595 2492 signatas,
1610 2455 1687 2489 quasi

905 2504 966 2530 lidei
983 2503 1154 2531 Christianae.
1176 2505 1339 2537 contrarias,
1357 2504 1413 2532 Pici
1440 2502 1528 2531 aemuli
1544 2501 1687 2528 damnave-

904 2553 987 2583 runt,
1002 2550 1029 2577 in
1054 2549 1152 2585 quibus
1178 2557 1209 2577 ea
1229 2554 1289 2577 erat
1311 2557 1371 2584 qua:
1388 2549 1422 2584 ad
1438 2549 1549 2578 salutem
1566 2546 1687 2581 Origenis

905 2597 1030 2631 pertinet.
1045 2595 1202 2631 Apologiam
1216 2603 1265 2630 pro
1282 2603 1310 2623 se
1325 2603 1428 2631 suaque
1445 2595 1567 2623 doctrina
1579 2592 1686 2627 scripsit

905 2642 1072 2670 clarissimus
1093 2643 1216 2677 princeps
1230 2662 1238 2674 ,
1254 2646 1281 2669 et
1295 2642 1409 2670 tutando
1430 2639 1686 2674 Adamantio,pecu-

905 2688 973 2716 liare
994 2694 1076 2724 caput
1091 2689 1200 2716 dicavit.
1220 2687 1329 2723 Septem
1346 2687 1410 2715 illud
1424 2692 1531 2716 constat
1543 2684 1686 2717 articulis,

905 2743 973 2769 quos
988 2735 1091 2763 referre
1105 2735 1171 2762 utile
1183 2739 1244 2762 est:
1264 2742 1274 2759 (
1291 2734 1317 2761 In
1337 2733 1424 2768 primo
1440 2733 1556 2765 videtur,
1580 2739 1613 2759 an
1628 2731 1686 2759 Orio

907 2788 990 2815 geues
1006 2787 1122 2816 unquam
1147 2780 1301 2809 hmreticam
1315 2779 1349 2807 de
1361 2779 1440 2806 rebus
1454 2778 1516 2806 ﬁdei
1533 2778 1686 2813 opinionem
