1927 3076
245 162 313 190 H79

873 160 903 187 P.
925 159 1080 188 DANIELIS
1099 159 1234 205 HUETIIK

1791 156 1849 186 “80

245 219 384 255 scripserit
402 223 428 246 et
440 219 601 252 crediderit;
614 218 639 245 in
657 219 785 251 secundo,
802 218 865 245 dato
878 219 948 253 quod
960 220 1027 246 scri-
1039 221 1066 252 Α
1079 220 1113 248 ab
1137 218 1257 247 Ecclesia
1279 217 1396 252 legitime
1413 221 1587 252 congrcgrata
1612 215 1786 246 damnatum,
1806 222 1849 243 nec

245 266 339 301 pact-it,
355 273 388 291 an
409 264 569 300 dogmatice,
585 264 626 291 vel
642 265 793 298 adhaesive,
817 265 858 292 vel
874 265 1027 299 inquisitive

245 315 346 339 tantum
368 310 523 345 scripserit;
549 310 575 337 in
596 311 688 340 tertio.
712 311 775 338 dato
796 311 867 345 quod
883 310 1025 344 adhmsive,

244 366 278 385 an
293 357 380 383 taliter
397 357 544 390 adba-sive,
561 357 632 391 quod
650 356 693 384 ille
707 356 850 384 scribendo
876 356 1028 384 mortaliter

244 403 413 438 peccaverit,
443 407 469 429 et
487 403 632 430 haereticus
660 402 711 429 dici
738 403 842 437 possit;
869 402 895 430 in
912 407 1027 437 quarto,

245 448 307 476 dato
319 448 389 483 quod
405 448 556 483 scripserit,
569 453 596 476 et
611 448 699 475 taliter
712 449 861 483 scripserit,
878 449 948 484 quod
960 448 1028 476 scri-

243 495 332 522 bendo
342 495 486 527 erraverit,
502 502 536 522 an
550 502 597 529 pro
614 495 710 522 talibus
722 502 838 529 unquam
851 494 1025 529 paenituerit;

245 541 272 568 in
293 541 387 575 quinto
398 561 406 573 ,
423 541 485 568 dato
499 542 568 576 quod
585 541 618 568 de
631 540 690 575 ejus
713 548 763 568 nec
785 541 954 575 pteuitentia,
978 547 1027 568 nec

245 587 443 621 impwuitentia
462 591 586 620 constet,
609 595 643 614 an
668 587 704 614 sit
729 586 918 614 rationabilius
940 586 1026 621 ipsum

245 633 358 660 credere
370 639 428 659 esse
442 631 610 664 damnatum,
629 639 662 658 an
675 631 796 663 salvum;
813 631 839 657 in
859 635 945 663 sexto,
964 630 1027 666 quid

246 685 278 705 ex
294 678 374 705 dictis
391 678 559 704 decretorum
581 677 752 711 judicandnm
766 676 802 703 sit
814 677 961 703 Ecclesiam
981 677 1028 704 de-

246 724 405 751 tcrmioasse
418 724 451 750 de
464 723 592 757 Origene;
607 723 634 749 in
660 723 774 756 septimo
785 741 793 754 ,
811 727 942 755 quantum
957 722 1027 749 obli-

246 773 290 803 get
313 768 339 795 in
365 769 415 795 ista
431 769 542 796 materia
556 769 744 796 credulitatem
763 774 883 795 nostram
900 769 1028 796 determi-

246 814 320 841 natio
340 814 476 842 Ecclesirc.
497 824 507 841 ι
523 815 632 842 Diversa
649 815 724 842 fuere
741 816 774 842 de
792 815 834 842 his
848 814 1028 842 conclusioni-

245 859 314 891 bus,
333 863 361 886 et
375 859 544 894 apologetico
567 860 705 887 hominum
722 859 822 894 judicia
834 880 840 892 ,
855 859 921 887 adeo
944 864 972 886 ut
986 859 1027 886 vi-

1077 271 1119 294 est
1132 265 1298 298 hmretieum,
1317 271 1402 297 neque
1415 264 1440 290 in
1461 263 1512 290 ﬁde
1536 267 1705 298 suspectum.
1733 271 1743 288 ι
1769 260 1848 288 Tertia

1076 315 1119 338 est
1131 310 1286 345 hujusmodi
1299 319 1306 336 :
1321 319 1330 335 ‹
1354 309 1532 336 Probabiliter
1553 308 1689 336 affirmans
1714 307 1849 342 Origenem

1076 356 1267 384 Adamantium
1293 354 1420 382 Leonidis
1437 354 1562 389 martyris
1587 354 1671 380 lilium
1697 361 1751 380 non
1777 353 1851 380 fuisse

1077 407 1215 430 auctorem
1232 401 1352 429 omnium
1381 400 1486 428 illorutn
1512 401 1691 435 pessimorum
1706 404 1853 426 erratorum

1078 455 1138 483 qua:
1152 448 1203 476 sibi
1227 448 1423 482 imponuntur,
1452 453 1503 472 non
1528 445 1638 480 derogat
1663 444 1854 472 ecclesiasticis

1077 494 1270 526 sanctionibus,
1280 499 1366 527 neque
1379 493 1550 519 snmmorum‘
1559 490 1715 525 pontiﬁcum
1731 489 1852 521 decretis,

1077 547 1164 574 neque
1189 544 1345 566 sanctorum
1374 537 1483 564 Patrum
1508 537 1690 571 dogmatibus.
1722 545 1732 561 ›
1761 535 1854 568 Quarta

1077 584 1119 611 his
1135 584 1224 611 verbis
1248 586 1377 617 concepta
1400 587 1441 608 est
1465 591 1472 608 :
1499 590 1508 606 ι
1527 580 1656 607 Asserere
1682 579 1856 614 probabiliter

1077 630 1188 656 alteram
1204 629 1317 656 istarum
1329 627 1541 662 propositionum
1559 635 1566 653 :
1583 625 1714 661 Origenes
1724 625 1856 652 Adaman-

1079 674 1130 701 tius
1141 673 1266 700 Leouidis
1283 673 1409 707 martyris
1427 671 1496 698 filius
1513 679 1564 697 non
1581 676 1632 701 e5t,
1649 677 1700 697 nec
1731 670 1783 696 fuit
1807 670 1855 696 ha:-

1077 720 1177 746 reticus
1197 728 1203 745 :
1226 718 1354 752 Origenes
1386 716 1562 744 Adamantius
1584 715 1711 742 Leonidis
1733 715 1857 750 martyris

1079 764 1149 791 ﬁlius
1165 769 1207 791 est
1229 763 1271 790 vel
1294 763 1344 790 fuit
1374 762 1518 790 haereticus
1533 782 1539 794 ,
1565 769 1618 788 non
1635 766 1678 788 est
1693 761 1856 790 haereticum,

1079 810 1206 837 haeresim
1231 809 1339 842 sapietts
1351 827 1359 840 ,
1375 815 1425 834 nec
1447 814 1604 839 erroneum,
1619 814 1634 832 a
1650 806 1702 832 ﬁde
1732 810 1781 832 aut
1802 806 1856 832 fidei

1077 856 1178 891 pietate
1190 854 1317 881 alienum.
1331 862 1340 879 ›
1354 852 1452 886 Quinta
1467 852 1528 879 talis
1542 855 1601 878 est:
1616 860 1625 876 ι
1645 850 1783 878 Asserens
1796 850 1861 877 hanc

246 906 333 932 tandm
345 892 488 932 multorum
502 905 653 938 olfeusioni,
681 892 739 932 nea
753 912 888 941 quoquam
904 904 1024 940 legeren-
1041 892 1062 920 Β
1079 900 1120 929 vel
1140 900 1212 928 illam
1227 904 1328 935 partem
1347 897 1533 941 probabiliter,
1555 903 1687 932 seponere
1701 897 1786 924 debet
1803 903 1857 941 omj

245 955 290 978 tur
304 951 362 978 ista:
374 951 561 978 conclusiones
585 952 695 978 decreto
712 951 833 978 sanxerit
856 950 1027 978 Innocentius

244 995 301 1023 Vlll
317 996 436 1030 pontifex
453 997 603 1030 maximus;
620 996 722 1024 salvam
738 1001 828 1024 tamen
849 1003 881 1024 ac
895 996 1026 1032 integram

244 1042 301 1069 Pici
316 1042 545 1069 existimationem
568 1049 628 1069 esse
649 1041 775 1069 voluerit.
790 1041 874 1075 Hujus
889 1048 1028 1069 successor

244 1087 397 1115 Alexander
414 1087 456 1120 Vl,
473 1095 543 1114 anno
570 1088 639 1114 M93
653 1107 660 1120 ,
676 1087 707 1114 18
720 1086 792 1114 Junii
807 1089 887 1115 breve
902 1087 1028 1122 apostoli-

244 1140 305 1159 cum
320 1133 352 1160 ad
365 1133 456 1160 Picum
472 1133 556 1166 dedit,
581 1134 652 1168 quod
669 1138 710 1161 est
728 1133 879 1167 ltnjusmodi
893 1154 901 1166 ,
927 1138 957 1160 ut
979 1140 1028 1167 pro

244 1179 365 1213 apologia
381 1179 467 1213 ipstnn
483 1179 572 1206 valere
587 1179 690 1213 possit,
709 1179 776 1206 adeo
802 1186 896 1206 severa
912 1183 938 1206 et
951 1179 1046 1218 gravL

244 1224 366 1251 oratione
378 1223 449 1251 omni
463 1223 555 1250 Picum
571 1224 704 1251 haereseos
720 1229 747 1252 et
759 1225 862 1252 erroris
876 1225 1028 1260 suspicione

245 1269 348 1296 liberat.
367 1270 434 1296 Aliis
449 1275 512 1304 puto
536 1270 590 1297 Pici
616 1271 788 1304 exemplum,
815 1276 844 1298 ut
858 1271 948 1298 simile
976 1279 1025 1306 pro

245 1315 361 1350 Origene
380 1315 522 1345 auderent.
542 1316 651 1343 stimulo
671 1316 730 1343 fuit.
749 1317 928 1348 Quamobrem
946 1317 1029 1344 Joan-

245 1368 293 1388 nes
317 1360 463 1388 Nauclerus
484 1361 662 1396 'l‘ubingeusis
677 1363 837 1397 pra-positus
866 1362 979 1396 insignia
1000 1363 1026 1390 in

245 1405 375 1433 Chronico
397 1406 507 1441 Origeni
538 1407 623 1441 elogia
649 1407 822 1441 conscripsit.
850 1407 940 1434 Multis
967 1415 1027 1434 eum

245 1459 351 1486 quoque
365 1452 563 1479 concelebravit
587 1453 712 1479 laudibus
738 1451 855 1479 Joannes
871 1451 1028 1480 Trittemius

246 1497 327 1524 abbas
339 1496 550 1530 Spanhemensis
562 1517 570 1531 ,
586 1497 613 1524 in
629 1497 676 1524 lib.
695 1497 732 1524 De
747 1498 838 1532 script.
853 1498 957 1531 ccc-(eL,
979 1506 1029 1526 nec

242 1548 352 1569 errores
367 1546 454 1569 tamen
469 1542 553 1577 ipsius
569 1543 758 1577 dissimulavit,
774 1545 809 1571 ab
826 1543 914 1578 iisque
928 1544 951 1572 si
963 1544 1029 1571 alie-

246 1595 310 1614 num
321 1594 381 1615 esse
395 1587 462 1615 velle
476 1588 613 1622 professus
626 1593 678 1616 est.

282 1631 341 1660 XX.
363 1631 441 1660 lnitio
455 1633 603 1668 superioris
622 1634 711 1661 surculi
727 1642 836 1670 sparsas
849 1635 874 1662 in
886 1635 1030 1664 Bibliothe.

246 1677 287 1704 cis
299 1677 524 1712 Origenianarum
539 1679 716 1712 scriptionum
737 1679 867 1714 reliquias
893 1680 1028 1715 colligere,

246 1723 310 1750 etin
325 1723 459 1757 publicam
479 1723 564 1750 lucem
582 1724 647 1751 dare
662 1724 765 1759 primus
779 1725 898 1753 instituit
912 1725 1028 1753 Jacobus

246 1767 373 1795 Merlinus
399 1768 596 1796 Victurniensis
609 1789 617 1801 ,
633 1769 771 1804 theologus
785 1792 793 1804 ,
826 1771 974 1798 cauonicus
1003 1776 1030 1798 et

246 1814 462 1849 prenitentiarius
479 1813 649 1842 Parisiensis.
671 1814 750 1850 Operi
779 1816 931 1852 Apologiam
955 1817 1030 1844 addi-

246 1859 287 1886 dit
302 1867 349 1894 pro
373 1858 495 1894 Origene,
517 1860 543 1887 in
561 1867 613 1894 qua
631 1861 663 1888 de
679 1860 785 1889 Gelasio
798 1882 806 1896 ,
832 1866 859 1889 et
878 1862 929 1888 lata
952 1863 985 1889 ab
998 1869 1029 1890 eo

247 1903 275 1931 in
292 1903 407 1931 concilio
421 1904 546 1933 Romano
563 1906 707 1940 sententia,
734 1911 789 1934 tum
805 1911 832 1935 et
846 1908 879 1935 de
898 1907 1029 1943 llierony-

246 1957 292 1978 mo
309 1957 362 1978 non
376 1951 442 1979 satis
457 1952 602 1986 prudenter
615 1952 721 1981 locutus
733 1957 785 1986 est,
805 1960 855 1981 nec
869 1958 898 1980 ut
909 1954 1029 1982 Catholi-

246 2002 308 2024 eum
322 2003 355 2023 ac
370 1997 442 2030 pium
457 1997 557 2029 virum,
570 1998 668 2025 nedum
687 1998 839 2033 theologum
857 1999 957 2032 decuit,
966 1999 1029 2027 alia-

245 2048 299 2076 que
315 2041 412 2076 adjecit
427 2042 521 2074 multa,
535 2050 596 2077 quae
609 2043 713 2072 Massaai
727 2043 932 2072 Cameracensis
945 2045 1026 2072 scho-

247 2087 280 2115 la:
292 2092 347 2114 tum
360 2088 473 2115 rectoris
485 2107 492 2120 ,
511 2092 537 2116 et
560 2088 661 2116 Natalis
678 2090 754 2116 Beda:
773 2089 907 2117 facultatis
929 2090 1031 2118 theolo-

247 2134 314 2168 gicte
327 2133 433 2168 syndici
448 2134 710 2166 expostulationibus
733 2138 853 2170 patuere.
876 2135 943 2162 Cum
967 2134 1029 2163 Ori-

247 2179 323 2214 gcnis
342 2185 407 2212 ergo
422 2178 472 2213 ipsi
489 2178 681 2214 aﬂingerentur
697 2187 816 2212 errores,
832 2181 923 2208 multis
937 2180 969 2208 ac
984 2181 1028 2209 diu

1042 1565 1064 1594 α

1078 954 1139 975 nem
1156 945 1345 982 pertinaciam,
1359 949 1388 972 et
1411 944 1460 971 sub
1487 935 1642 971 co'uditione
1664 949 1798 978 expressa
1822 940 1858 968 vel

1077 993 1157 1020 tacita
1183 991 1316 1018 afﬁrmare
1334 989 1445 1017 alteram
1464 995 1472 1015 :
1499 987 1616 1023 alioquin
1643 988 1802 1022 periculoso
1821 988 1858 1016 di-

1077 1037 1196 1066 scrimini
1208 1043 1267 1064 sese
1283 1036 1476 1063 committeret.
1495 1044 1504 1061 r
1518 1034 1600 1062 Sexta
1611 1035 1647 1061 ita
1659 1042 1792 1069 expressa
1802 1039 1861 1061 est:

1080 1093 1090 1110 Ι
1110 1083 1237 1117 Quamvis
1261 1082 1396 1117 praedictae
1412 1081 1608 1116 propositiones
1633 1088 1687 1107 tton
1707 1080 1815 1114 possint
1829 1080 1859 1106 si-

1078 1129 1133 1157 mul
1149 1133 1221 1156 stare
1237 1129 1263 1156 in
1280 1128 1403 1159 veritate,
1419 1132 1445 1154 et
1469 1134 1580 1155 necesse
1608 1127 1643 1154 sit
1670 1127 1788 1153 alteram
1805 1133 1859 1153 esse

1078 1183 1183 1208 veram;
1197 1179 1250 1202 stat
1266 1179 1354 1201 tamen
1365 1173 1481 1208 aliquem
1497 1177 1600 1208 partem
1616 1181 1710 1200 veram
1728 1173 1860 1199 allirtnan-

1079 1226 1132 1249 tem
1145 1229 1198 1249 non
1212 1227 1272 1248 esse
1292 1220 1495 1248 schismaticum
1506 1239 1514 1251 ,
1533 1226 1583 1247 nec
1597 1218 1631 1246 de
1654 1219 1806 1246 schismate
1821 1225 1860 1245 su-

1078 1272 1209 1302 spectum.
1231 1276 1241 1293 )
1259 1267 1380 1302 Septima
1395 1266 1502 1293 demum
1515 1265 1558 1292 his
1580 1264 1671 1292 verbis
1686 1265 1839 1291 absolvitur
1854 1275 1859 1291 :

1081 1323 1090 1340 ‹
1107 1313 1268 1341 Christianze
1282 1312 1373 1348 pietati
1398 1311 1593 1339 conducibilius
1606 1314 1669 1343 est,
1685 1315 1781 1338 stante
1806 1310 1858 1342 tali,

1080 1363 1208 1394 tantoque
1225 1358 1318 1390 dubio,
1334 1365 1393 1385 eum
1409 1357 1511 1385 veritas
1532 1357 1558 1384 in
1576 1361 1653 1391 parte
1664 1355 1775 1383 occulta
1791 1360 1860 1383 estet

1078 1412 1178 1439 anceps
1192 1424 1199 1437 ,
1217 1411 1265 1431 nec
1281 1411 1328 1439 per
1352 1403 1500 1431 Ecclesiam
1528 1407 1575 1430 aut
1598 1402 1759 1437 pontiﬁcem
1776 1406 1861 1436 aperte

1078 1450 1206 1482 deﬁnita,
1223 1449 1256 1477 de
1277 1449 1400 1485 Origenis
1421 1449 1543 1477 doctrina
1559 1453 1586 1475 et
1607 1453 1723 1476 auctore
1745 1448 1862 1483 ejusdem

1079 1496 1105 1523 in
1120 1495 1239 1523 favorem
1254 1496 1323 1523 bene
1346 1503 1441 1530 sapere
1456 1500 1483 1522 et
1500 1495 1695 1530 dogmatizare,
1714 1501 1800 1528 quam
1809 1501 1862 1527 per-

1080 1549 1186 1577 peram;
1197 1546 1224 1569 et
1237 1542 1263 1568 iu
1279 1541 1492 1569 commendando
1510 1541 1652 1572 excedere,
1665 1547 1749 1574 quam
1772 1539 1862 1566 deﬁce-

1081 1593 1110 1613 re
1130 1594 1144 1612 a
1170 1586 1247 1614 laude
1270 1586 1321 1614 sibi
1345 1587 1433 1614 debita
1450 1596 1456 1614 :
1473 1586 1623 1621 prtesertim
1651 1586 1672 1613 si
1693 1586 1722 1612 in
1751 1585 1862 1612 alterum

1079 1632 1171 1660 venire
1185 1636 1318 1667 oporteat.
1335 1641 1345 1658 ι
1362 1632 1503 1660 Secundus
1526 1632 1593 1659 liber
1617 1639 1717 1659 novem
1744 1631 1863 1666 proposi-

1081 1678 1167 1705 tiones
1193 1684 1227 1705 ex
1254 1677 1381 1713 Apologia
1405 1677 1509 1705 Merliui
1534 1678 1568 1705 ab
1597 1678 1683 1711 ipsius
1702 1676 1865 1704 adversariis

1079 1727 1223 1759 excerptas
1236 1728 1264 1751 et
1279 1724 1456 1759 reprehensas
1474 1723 1604 1752 defendit.
1623 1723 1735 1750 Tertius
1743 1722 1865 1757 Origeuis

1080 1769 1168 1797 Vitam
1184 1774 1211 1797 et
1223 1769 1316 1805 Elegia
1331 1777 1364 1797 ex
1379 1770 1503 1802 Eusebio,
1521 1769 1696 1805 Hieronymo,
1736 1769 1866 1796 Nam-iero

1079 1820 1106 1843 et
1122 1815 1264 1844 Trittemio
1277 1816 1431 1851 depromit:
1446 1816 1544 1850 quibus
1563 1815 1684 1850 subjecta
1698 1821 1742 1842 est
1758 1822 1867 1850 respou-

1079 1862 1120 1888 sio
1135 1861 1170 1888 ad
1195 1861 1319 1896 Dialogus
1343 1861 1458 1894 Massaei,
1474 1866 1502 1889 et
1523 1861 1709 1888 Addilationes
1732 1861 1826 1890 Betim.
1843 1863 1868 1887 In

1079 1907 1121 1935 Itis
1135 1906 1264 1935 Merlinus
1279 1915 1331 1935 non
1345 1912 1399 1934 tam
1415 1915 1447 1934 ex
1465 1907 1516 1934 llde
1527 1907 1646 1934 historize
1665 1911 1692 1934 et
1705 1907 1868 1934 testimoniis

1082 1954 1266 1988 antiquorum,
1283 1961 1363 1988 quam
1380 1953 1513 1981 contortis
1524 1953 1702 1988 sophismatis
1715 1958 1743 1981 et
1756 1954 1868 1988 argutiis

1080 2000 1114 2028 de
1123 1999 1216 2026 schola
1232 2000 1369 2027 velitatur.

1113 2044 1184 2072 XXI.
1203 2045 1335 2073 Praeclare
1352 2045 1433 2073 etiam
1451 2045 1503 2073 hac
1520 2049 1599 2073 :elate
1623 2046 1657 2074 de
1671 2046 1796 2078 Origene
1813 2053 1867 2073 me-

1079 2090 1147 2118 ritus
1171 2095 1213 2118 est
1229 2091 1383 2119 Desiderius
1399 2090 1544 2123 Erasmus,
1562 2098 1622 2117 nam
1649 2096 1676 2118 et
1698 2091 1866 2118 Commenta-

1080 2137 1178 2163 riorum
1191 2137 1251 2171 ejus
1275 2137 1303 2164 in
1320 2137 1476 2164 Matt/unum
1501 2143 1604 2172 partem
1620 2137 1742 2172 aliquam
1772 2137 1867 2165 Latino

1079 2189 1202 2210 sermone
1218 2183 1320 2217 retulit,
1334 2188 1362 2210 et
1381 2182 1468 2210 Vitam
1486 2183 1570 2217 ipsius
1587 2183 1709 2218 scripsit,
1732 2192 1765 2210 ac
1780 2185 1868 2211 laudes

247 2230 293 2250 res
307 2223 334 2250 in
348 2231 472 2258 supremo
490 2229 598 2257 senatu,
613 2229 640 2253 et
652 2225 724 2252 inter
738 2225 875 2254 Parisinos
891 2227 1030 2262 theologos
1045 2231 1068 2259 ι)
1081 2232 1238 2262 prosecutus
1254 2233 1315 2262 est,
1328 2233 1355 2257 et
1368 2229 1400 2256 de
1413 2229 1653 2262 lucubrationibus,
1670 2230 1760 2264 deque
1780 2231 1868 2257 erudi-

248 2274 420 2296 controversa
436 2277 468 2297 ac
475 2270 612 2305 disputata
625 2275 676 2299 est.
692 2271 770 2299 Certe
780 2280 850 2299 anno
866 2273 945 2305 4522,
961 2273 1030 2308 Apo-

249 2313 325 2347 logia:
348 2321 403 2341 suae
429 2315 579 2348 apologiam
602 2320 746 2350 pertexere
768 2323 911 2344 necessum
938 2317 1031 2345 habuit

248 2358 387 2387 Merlinus.
402 2359 481 2387 Manu
504 2362 605 2396 scripta
621 2361 664 2389 illa
688 2368 810 2390 servatur
827 2363 858 2389 in'
872 2363 1029 2398 theologica:

248 2405 385 2433 facultatis
401 2405 578 2438 Bibliotheca,
596 2407 706 2442 ejusque
722 2408 786 2435 tnilti
798 2416 878 2436 usura
901 2416 1029 2437 concessa

248 2455 299 2479 cst.
314 2451 399 2484 Quam
416 2459 465 2479 cur
484 2452 510 2479 in
525 2452 612 2480 lucem
626 2461 678 2480 non
695 2454 817 2482 emiserit
836 2460 940 2487 auctor,
955 2455 1030 2490 equi—

247 2497 308 2525 dem
324 2498 425 2525 nescio.
446 2497 544 2526 Tribus
557 2498 601 2525 illa
615 2499 691 2526 libris
704 2500 869 2527 continetur.
885 2500 962 2528 Prior
981 2509 1029 2535 pro

247 2542 363 2579 Origene
392 2544 568 2580 Origenisque
593 2545 716 2572 doctrina
749 2537 868 2581 pugnat,
885 2551 913 2572 et
927 2552 1028 2581 septem

249 2589 468 2617 conclusionibus
479 2590 637 2623 absolvitur,
654 2598 768 2625 quarum
784 2591 871 2625 prima
888 2591 946 2618 haec
965 2595 1026 2619 est:

251 2644 261 2662 1
278 2635 336 2664 Non
345 2641 497 2664 esteertum
511 2641 538 2664 et
553 2637 673 2668 evidens,
690 2643 740 2664 nec
752 2637 941 2669 indubitatum,
956 2643 1029 2664 con-

219 2674 230 2682 ,
249 2681 340 2708 cilium
366 2682 474 2716 aliquod
501 2682 643 2710 damnasse
668 2682 811 2717 Origenem
839 2682 1028 2710 Adamantium

249 2725 374 2754 Leonidis
393 2727 521 2763 martyris
535 2727 630 2760 ﬁlium,
645 2732 774 2763 tanquam
797 2727 952 2756 haereticum
977 2735 1026 2755 no-

250 2772 349 2798 torium
366 2777 393 2799 et
406 2773 555 2807 publicum.
576 2783 585 2799 ι
601 2773 692 2801 Altera
714 2774 752 2801 ita
767 2781 797 2801 se
812 2773 892 2801 habet
919 2783 924 2800 ε
949 2782 959 2799 ι
976 2774 1027 2801 Do-

251 2816 397 2848 gmatizare
413 2817 554 2852 Origenem
562 2819 750 2847 Adamantium
763 2819 887 2847 Leonidis
900 2820 1026 2854 martyris

252 2859 336 2888 tilium
352 2869 410 2897 non
425 2862 508 2891 fuisse
521 2864 656 2894 uotorium
670 2870 697 2893 et
713 2865 848 2898 publicum
871 2865 1026 2895 haereticum

1081 2275 1164 2306 tione,
1180 2282 1212 2302 ac
1223 2275 1336 2302 docendi
1355 2275 1460 2302 ratione
1472 2274 1615 2302 arbitrium
1628 2275 1708 2308 tulit;
1721 2283 1736 2301 a
1755 2276 1867 2310 dogma-

1081 2320 1116 2347 tis
1125 2325 1213 2348 autem
1227 2328 1324 2349 manus
1334 2320 1475 2352 abstinuit,
1490 2325 1587 2352 morte,
1601 2320 1628 2347 ni
1641 2320 1734 2353 fallor,
1747 2329 1867 2356 prasen-

1082 2370 1136 2399 ttts,
1155 2374 1216 2400 qua:
1230 2367 1374 2401 quominus
1393 2371 1544 2401 susceptam
1560 2373 1668 2401 quoque
1684 2365 1867 2401 Origeniano-

1080 2419 1138 2439 rutn
1159 2419 1271 2446 operum
1288 2412 1432 2439 editionem
1450 2416 1476 2439 et
1498 2419 1639 2440 censuram
1657 2411 1826 2442 absolveret.
1843 2416 1868 2438 et

1079 2457 1204 2492 Origeuis
1226 2458 1398 2485 adversarios
1424 2457 1576 2490 refelleret,
1593 2457 1793 2491 impedimento
1808 2457 1865 2484 fuit.

1079 2501 1107 2528 ln
1120 2509 1152 2530 ea
1175 2510 1266 2537 porro,
1288 2510 1347 2537 quae
1364 2506 1462 2536 exstat,
1486 2510 1607 2530 censurae
1627 2507 1704 2537 parte
1722 2503 1865 2537 antiquum

1079 2547 1208 2575 Erasmus
1222 2548 1350 2582 obtinuit,
1364 2555 1409 2576 res
1426 2555 1478 2576 non
1491 2549 1557 2576 satis
1568 2552 1693 2575 accurate
1706 2553 1866 2582 perspectas

1078 2591 1209 2626 praecipiti
1234 2591 1338 2626 judicio
1362 2592 1535 2627 diseeptans,
1558 2597 1585 2619 et
1600 2592 1782 2627 disceptando
1797 2599 1864 2619 non-

1078 2644 1215 2672 nunquam
1230 2637 1389 2672 impingens.
1408 2638 1584 2673 Summopere
1597 2638 1706 2665 iuterim
1717 2637 1862 2673 Origenes]:

1078 2683 1251 2710 aversabatur
1268 2683 1397 2710 Martinus
1413 2683 1557 2715 Lutherus,
1571 2683 1656 2718 leuius
1670 2691 1703 2710 ea
1719 2691 1772 2710 vox
1792 2683 1861 2709 fuit:

1080 2736 1090 2754 ι
1108 2726 1251 2762 Origeuem
1269 2727 1426 2762 jamdudum
1439 2729 1507 2756 diris
1520 2728 1624 2756 devovi.
1651 2738 1661 2754 ι
1677 2728 1728 2756 Cui
1748 2728 1862 2755 subinde

1079 2774 1240 2808 astipulatus
1258 2778 1299 2801 est
1314 2774 1471 2802 Theodorus
1483 2774 1564 2808 Beza,
1575 2781 1636 2801 cum
1647 2775 1788 2802 sexcentis
1798 2774 1862 2802 locis

1078 2819 1280 2847 adnotatiouum
1297 2820 1427 2854 majorum
1447 2821 1472 2847 in
1499 2819 1646 2854 Epistolam
1660 2821 1695 2846 nd
1717 2820 1859 2849 Romanas,

1078 2869 1134 2894 tum
1151 2866 1267 2894 maxime
1283 2866 1335 2894 sub
1357 2866 1443 2901 ipsum
1459 2866 1563 2894 initium
1578 2886 1584 2892 .
1612 2866 1765 2896 (mdissima
1791 2865 1861 2894 Ada-
