1927 3076
74 163 137 192 "8|

511 163 796 193 ORIGENIANORUM
815 164 880 194 LIB.
900 165 932 198 ll,
953 165 1027 194 CAP.
1049 166 1092 200 iV,
1112 167 1207 196 SECT.

1610 171 1681 199 ηεξ

72 223 172 251 manlio
187 224 314 259 stigmata
339 223 449 251 inurens
462 233 468 251 :
485 233 494 250 ι
516 223 608 259 Neque
631 216 694 253 vero
708 245 717 260 ,
741 225 826 260 inquit
839 247 846 259 ,
862 226 886 256 Α
899 233 983 254 ausos
996 234 1054 254 esse
1069 235 1118 262 pro
1133 228 1225 256 eodem
1235 235 1318 256 novas
1333 228 1413 257 edere
1431 229 1577 265 apologias,
1593 234 1621 257 et
1632 237 1678 260 au,-

72 278 128 298 cum
145 270 202 298 haec
227 270 304 304 dico,
325 270 470 306 quidquam
488 271 547 299 volo
563 270 672 299 Patrum
692 272 846 300 auctoritati

71 317 211 344 detrahere
227 326 233 343 :
252 317 300 344 sed
310 323 376 344 sane
396 317 466 352 quod
481 318 515 344 ad
526 325 568 345 me
584 318 691 351 attinet,
704 317 847 354 Origenem

71 369 121 389 non
136 369 247 396 possum
262 362 331 389 bona
346 362 511 390 conscientia
536 363 607 391 inter
620 371 666 391 eos
685 363 780 392 Patres
793 364 848 392 col-

70 407 166 440 locare,
184 414 251 442 quos
274 406 351 434 velim
365 407 476 435 imitari.
504 406 597 443 Itaque
621 415 673 436 non
692 409 801 444 pudebit
815 408 847 436 il-

69 453 119 481 lius
144 457 234 480 errata
260 453 361 488 passim
388 453 511 481 refellere
525 473 534 486 ,
560 453 633 481 nullo
656 453 704 490 (ita
722 461 765 482 me
779 455 847 482 bene

69 499 136 527 Deus
148 499 229 533 amet)
247 499 415 526 obtrectandi
432 499 519 526 studio
534 508 540 526 :
561 499 608 528 sed
623 499 694 534 quod
710 500 845 535 impurum

69 545 224 579 scriptorem
239 549 364 579 exoptem
392 548 437 571 aut
457 551 491 571 ex
514 544 644 572 lectorum
659 545 784 573 manibus
798 552 846 573 ex-

68 590 133 623 cuti,
145 594 192 617 aut
207 597 313 618 summo
326 597 386 617 cum
398 589 501 624 judicio
517 597 530 617 a
551 590 678 618 studiosis
690 591 810 618 tractari.
832 600 842 617 ι

68 635 230 663 Moderatius
244 635 277 663 de
288 634 406 670 Origene
427 639 455 663 et
468 635 571 671 aequius
586 640 728 664 senserunt
741 641 768 664 et
778 637 846 664 scri-

68 684 179 715 pserunt
195 680 439 715 Magdeburgenses
451 700 459 713 ,
474 687 524 715 pro
536 680 611 708 vitiis
624 688 686 709 eum
704 681 746 709 vel
758 681 846 709 virtu-

68 727 138 754 tibus
149 731 275 754 ornantes
289 736 295 753 :
313 733 466 762 quanquam
483 725 673 761 minimeipsos
687 726 846 759 feras,|Ada-

67 773 160 802 mantii
173 772 324 801 orthodoxa
340 773 478 804 nonnulla,
490 772 537 801 sed
552 777 633 800 sectae
644 780 698 801 suae
713 772 845 807 dogmatis

66 820 211 851 contraria,
230 819 257 847 in
272 820 373 847 crimen
391 818 544 851 trahentes;
563 818 651 853 aliqua
673 825 736 845 vero
748 825 845 853 perpe-

66 873 122 893 rem
137 865 187 900 ipsi
205 864 372 899 alliugentes.
388 865 540 892 Adamantii
562 865 590 892 in
613 864 742 891 Joannem
766 863 844 892 Com-

900 272 1024 300 ctoritate
1041 273 1182 301 catholicae
1205 273 1330 302 Ecclesiae
1346 273 1479 308 iudicatas
1490 275 1589 310 sacpius
1612 283 1678 303 con-

901 323 1038 346 troversas
1055 320 1143 347 denuo
1158 324 1258 347 temere
1271 320 1373 355 agitare
1385 341 1393 354 ,
1406 322 1476 355 quod
1491 321 1564 349 visus
1575 326 1616 349 est
1638 321 1679 349 le-

899 363 968 391 cisse
980 368 1024 392 aut
1036 365 1141 398 pridem
1161 365 1253 392 Sixtus
1266 364 1404 393 Senensis.
1423 375 1432 391 ι
1446 365 1503 393 Non
1523 366 1613 394 mitius
1622 367 1679 394 0ri~

903 416 998 443 genem
1023 409 1103 438 habet
1128 410 1261 438 Robertus
1274 410 1451 439 Bellarminus
1478 412 1621 440 cardinalis
1642 413 1679 445 ³⁸,

896 453 1073 490 Origenisque
1098 455 1166 483 adeo
1185 456 1327 491 partiario;
1350 463 1443 485 omnes
1467 461 1493 484 et
1510 456 1677 485 defensores.

933 500 1044 528 Summa
1063 508 1129 529 sane
1139 502 1268 536 aequitate
1278 509 1339 529 cum
1354 502 1516 529 Adamantio
1532 502 1585 537 egit
1595 501 1676 529 Clan-

896 545 957 573 dius
979 546 1141 582 Espencaeus
1166 547 1194 574 in
1213 547 1412 574 Commentariis
1434 548 1461 574 in
1477 547 1622 582 Epistolom
1641 549 1676 575 ad

899 590 1005 624 Titum;
1021 599 1084 619 nam
1110 599 1197 627 neque
1212 592 1307 620 insano
1322 592 1474 620 obcatcatus
1492 600 1583 620 amore
1599 594 1677 628 quid-

896 644 977 671 quam
988 637 1022 665 de
1039 637 1092 665 fide
1107 638 1228 666 historiae
1251 638 1400 674 decerpsit,
1418 646 1467 666 nec
1484 639 1622 668 erroribus
1636 638 1677 667 of-

894 681 988 710 fensus
1002 682 1097 711 laudes
1110 683 1193 718 ipsius
1212 684 1375 712 obscuravit.
1397 684 1544 712 Plurimum
1560 684 1610 719 ipsi
1634 684 1676 712 fa-

899 727 972 756 visse
985 728 1071 756 fertur
1094 736 1127 756 ae
1150 729 1233 756 multa
1250 730 1416 757 condonasse
1429 730 1547 758 Vicelius
1569 731 1596 757 in
1610 730 1677 759 ΙΙ)ῑο

895 772 934 800 De
962 775 1130 808 scriptoribus
1167 774 1367 808 ecclesiasticis;
1395 776 1466 810 quod
1504 777 1611 811 quidem
1641 784 1676 804 ex

896 819 984 847 aliena
999 819 1052 848 ﬁde
1071 819 1170 854 refero,
1195 828 1258 848 nam
1276 821 1372 849 librum
1389 821 1506 855 reperire
1521 828 1573 848 non
1591 822 1675 856 potui.

897 863 1072 899 Reliquorum
1090 872 1154 892 vero
1183 865 1211 892 in
1237 866 1360 893 ornando
1379 865 1495 900 Origene
1517 866 1676 893 industriam

66 896 193 938 mentaria
207 910 234 937 in
245 896 349 938 veneta
363 909 391 937 S.
410 909 492 937 Marci
511 910 675 937 Bibliotheca
690 909 783 937 Grrece
795 917 843 937 na-
857 896 882 927 Β
896 896 977 944 longe
996 906 1138 938 intervallo
1169 912 1305 946 superavit
1328 896 1466 939 Gilbert—us
1489 910 1676 939 Genebrardus

65 962 124 984 ctus
134 956 292 984 Ambrosius
304 956 446 984 Ferrarius
461 956 679 989 Mediolanensis,
696 956 845 984 monachus

65 1001 200 1035 Cassinas,
222 1001 324 1036 primus
342 1001 437 1029 Latine
452 1001 584 1028 convertit
603 1008 632 1028 et
647 1001 716 1036 typis
732 1001 845 1029 commi—

64 1049 100 1075 sit
116 1057 123 1075 :
138 1047 305 1083 Origeniauae
319 1055 383 1076 vero
407 1048 484 1075 fama
511 1056 596 1083 usque
619 1048 686 1076 adeo
709 1049 845 1076 studiosus

64 1093 126 1128 fuit,
144 1099 172 1121 ut
196 1094 259 1121 dum
274 1093 312 1121 illi
332 1093 519 1129 patrocinatus
531 1098 587 1126 est.
602 1101 698 1128 parum
711 1095 767 1129 ipse
789 1102 845 1122 sua:

63 1139 229 1168 consuluerit
244 1146 251 1166 :
265 1141 388 1174 quamvis
407 1139 479 1167 enim
507 1147 611 1168 summa
629 1148 658 1168 se
671 1141 696 1167 in
712 1141 762 1168 hoc
776 1140 844 1168 libro

64 1186 191 1214 vertendo
203 1193 281 1213 usum
299 1185 349 1213 fide
371 1187 407 1213 sit
427 1186 588 1220 obtestatus,
605 1186 732 1214 nonnulla
755 1191 843 1213 tamen

63 1231 185 1258 consulto
204 1235 308 1258 resecta
335 1231 519 1266 deprehendas
533 1251 540 1264 ,
566 1232 593 1259 in
618 1232 716 1267 quibus
731 1239 746 1259 a
769 1237 843 1259 recto

63 1273 224 1301 Christianae
239 1275 367 1302 doctrinae
381 1275 449 1302 calle
463 1274 594 1311 Origenes
610 1277 791 1304 aberraverat.
815 1276 842 1303 ln

63 1320 257 1354 nuncupatoria
278 1326 410 1356 praeterea
427 1321 460 1348 ad
484 1319 583 1349 Iulium
598 1321 719 1348 Tertium
734 1321 844 1357 pontiﬁ-

62 1372 123 1392 cem
148 1367 293 1392 maximum
322 1366 456 1402 epistola,
482 1367 588 1401 magnis
611 1374 670 1395 sese
693 1367 842 1402 sumptibus

63 1409 202 1437 adeundas
219 1417 328 1438 curasse
340 1415 434 1438 narrat
452 1411 652 1443 celeberrimas,
668 1420 728 1447 qua:
745 1412 843 1447 ubique

62 1455 184 1490 gentium
196 1459 270 1488 sunt,
286 1455 473 1489 bibliothecas,
493 1456 581 1484 missis
594 1457 675 1484 etiam
697 1457 742 1491 qui
759 1460 841 1484 totam

61 1502 259 1536 perlustrarent
285 1501 415 1529 Cra-ciam
429 1521 437 1534 ,
455 1507 482 1529 et
500 1502 523 1530 si
539 1509 600 1537 quae
623 1503 843 1531 nanciscerentur

61 1546 162 1581 scripta
180 1545 304 1581 Origenis
317 1568 324 1580 ,
342 1554 374 1574 ea
392 1547 424 1573 ad
439 1554 467 1574 se
488 1551 671 1582 asportarent.
691 1547 758 1575 Hine
775 1548 841 1575 adeo

60 1592 257 1628 locupletatus,
282 1592 364 1619 multa
391 1593 474 1627 ipsius
496 1598 523 1621 et
544 1595 642 1630 γνήσια
663 1601 743 1628 opera
767 1593 841 1628 prelo

60 1639 184 1674 parabat.
204 1638 270 1671 Qua
284 1645 333 1665 cur
347 1638 373 1665 in
389 1637 474 1666 lucem
489 1647 543 1667 non
567 1640 711 1673 venerint,
732 1640 842 1675 ignora-

61 1692 134 1713 mus.
147 1683 270 1711 Tutando
278 1683 402 1720 Origenis
415 1685 515 1712 nomini
528 1685 619 1714 utilem
636 1685 772 1717 aliquanto
783 1691 844 1720 pou

59 1738 171 1766 operam
199 1730 312 1758 contulit
332 1729 424 1757 Sixtus
443 1730 570 1758 Senensis
592 1739 608 1759 e
633 1732 842 1761 Praedicatorum

59 1776 163 1804 familia
178 1785 185 1803 :
199 1776 339 1811 egregium
350 1777 448 1812 quippe
460 1777 496 1805 illi
510 1778 537 1804 in
558 1777 733 1807 Bibliotheca
743 1783 843 1807 sancta:

59 1822 131 1850 libro
141 1826 240 1857 quarto
254 1822 371 1857 elogium
396 1824 574 1857 consecravit,
588 1824 616 1851 in
629 1832 682 1860 quo
699 1832 751 1852 non
769 1825 842 1853 illum

58 1869 148 1897 solum
161 1868 268 1896 extollit
280 1869 430 1904 praeconiis,
446 1869 494 1897 sed
519 1869 648 1897 librorum
662 1870 742 1898 etiam
758 1871 843 1905 ipsius

60 1922 206 1943 numerum
234 1919 379 1948 recenset,
400 1919 428 1943 et
450 1916 567 1950 genuina
584 1924 599 1943 a
616 1917 715 1952 spuriis
739 1917 844 1946 erudite

60 1962 191 1990 secernit.
201 1961 315 1989 Errores
328 1969 393 1990 vero
412 1962 438 1989 in
455 1963 665 1990 Adnotationum
679 1963 755 1991 libris
769 1967 843 1991 notat

59 2011 87 2035 et
98 2007 214 2035 excutit.
228 2006 326 2034 Parum
342 2007 425 2042 ipsius
439 2007 507 2035 ratio
520 2007 618 2035 Ctesari
628 2008 744 2036 Baronio
752 2009 776 2026 "
783 2017 844 2037 car-

57 2052 145 2080 dinali
160 2052 270 2087 probata
284 2056 344 2084 est;
360 2052 405 2087 qui
420 2059 481 2080 cum
507 2053 672 2081 alienissimo
694 2060 766 2082 esset
796 2055 843 2082 ad-

56 2106 155 2126 versus
167 2098 310 2133 Origenem
324 2098 415 2126 animo
428 2120 435 2132 ,
451 2105 639 2134 summamque
658 2099 685 2126 in
702 2107 764 2127 eum
781 2099 843 2135 styli

57 2144 236 2179 asperitatem
258 2147 286 2170 et
309 2143 508 2171 inclementiam
525 2143 551 2170 in
567 2145 715 2172 Annalibus
733 2152 844 2173 exerce—

56 2194 111 2222 ret,
128 2189 231 2224 carpsit
242 2188 325 2216 etiam
339 2193 367 2216 et
379 2189 478 2217 obiter'
490 2190 577 2224 tetigit
596 2190 722 2225 reliquos,
735 2191 844 2225 quicun-

897 955 1037 990 theologus
1066 955 1248 989 Parisiensis,
1283 961 1310 984 et
1336 956 1554 992 archiepiscopus
1580 957 1677 984 deinde

894 1002 1049 1036 Aquensis:
1066 1009 1126 1029 nam
1146 1002 1250 1037 priores
1271 1002 1402 1030 editiones
1424 1002 1569 1035 recensuit,
1591 1007 1618 1030 et
1640 1003 1674 1029 ad

895 1053 988 1074 vetera
1004 1054 1065 1074 cum
1082 1046 1176 1073 Graeca
1197 1050 1252 1073 tum
1272 1045 1367 1073 Latina
1382 1045 1553 1073 Bibliotheca:
1575 1045 1676 1080 Regize,

895 1091 1058 1126 exemplaria
1075 1091 1189 1118 contulit
1210 1095 1237 1118 et
1258 1091 1425 1124 emendavit;
1438 1098 1534 1119 novam
1548 1091 1669 1118 omnium

894 1145 1006 1172 operum
1028 1137 1173 1164 editionem
1189 1137 1299 1164 molitus
1308 1142 1359 1170 est,
1377 1137 1403 1164 in
1417 1145 1502 1172 eaque
1517 1137 1598 1165 multa
1610 1144 1676 1164 non-

895 1185 958 1212 dum
972 1184 1044 1211 edita
1061 1183 1218 1218 publicavit,
1237 1182 1415 1211 Philoeoliam
1435 1184 1462 1211 in
1475 1184 1599 1212 Latinum
1615 1192 1676 1211 ser-

894 1238 1003 1258 monem
1035 1229 1188 1263 transtulit;
1208 1229 1371 1258 collectanea
1392 1230 1504 1258 editioni
1529 1237 1585 1258 suae
1609 1238 1677 1264 prae-

895 1276 964 1309 fixit,
980 1275 1006 1302 in
1021 1275 1120 1310 quibus
1135 1275 1204 1302 nihil
1227 1274 1284 1302 fere
1303 1275 1513 1309 praetermissum
1530 1280 1582 1308 est,
1605 1275 1675 1310 quod

893 1320 927 1347 ad
952 1320 1118 1354 purgandum
1140 1318 1306 1354 Origenem,
1335 1323 1362 1346 et
1384 1319 1456 1347 omni
1484 1319 1676 1347 absolvendum

893 1364 1007 1392 crimine
1015 1365 1175 1399 pertineret.
1186 1364 1287 1392 Ultimo
1293 1365 1441 1400 przesertim
1452 1365 1676 1393 collectaneorum

896 1410 985 1444 capite
1013 1409 1111 1437 selecta
1148 1410 1272 1444 quadam
1301 1409 1425 1444 Origenis
1451 1415 1610 1445 prosecutus
1636 1414 1678 1438 est

892 1456 1034 1491 dogmata,
1052 1455 1086 1482 ab
1102 1455 1285 1483 ecclesiastica
1311 1463 1406 1484 norma
1430 1456 1630 1490 discrepantia;
1650 1456 1676 1482 in

894 1502 981 1536 iisque
994 1502 1112 1529 tutandis
1129 1502 1172 1528 vel
1183 1502 1345 1530 excusandis
1360 1502 1473 1529 nimium
1494 1509 1543 1530 suo
1563 1502 1589 1529 in
1604 1501 1676 1536 ,Ori-

855 1566 876 1595 ο
894 1557 990 1585 genem
1009 1549 1095 1577 amori
1108 1550 1254 1577 obsecutus
1265 1553 1317 1577 est.
1332 1548 1476 1584 Equiores
1502 1556 1531 1577 se
1553 1549 1580 1576 in
1597 1549 1677 1577 rebus

895 1597 977 1632 ipsius
994 1595 1143 1624 tractandis
1162 1597 1335 1630 praebuerunt
1354 1595 1485 1623 Antonius
1514 1595 1677 1623 Possevinus

895 1642 922 1669 in
936 1641 1036 1676 Appar.
1063 1649 1133 1668 tacr.
1154 1640 1268 1669 Iacobus
1286 1641 1429 1668 Gretserus
1441 1640 1480 1668 De
1489 1641 1551 1675 jure
1562 1645 1586 1668 et
1606 1649 1677 1668 more

895 1686 1048 1721 prohibendi
1063 1686 1143 1714 libros
1154 1686 1247 1720 malos,
1261 1686 1308 1714 lib.
1336 1694 1365 1718 x,
1382 1693 1441 1720 cap.
1452 1686 1481 1713 11
1497 1690 1544 1718 ;et
1561 1685 1676 1720 Stepha-

896 1739 947 1759 nus
964 1731 1075 1759 Binetus
1090 1731 1117 1758 in
1131 1730 1222 1758 libello
1237 1730 1270 1757 de
1291 1729 1378 1757 salute
1389 1729 1523 1764 Origenis,
1536 1729 1676 1757 veritatem

894 1780 1048 1810 spectantes
1068 1783 1161 1808 unam,
1174 1774 1237 1802 odio
1261 1774 1303 1802 vel
1328 1775 1414 1801 amori
1438 1773 1505 1801 nihil
1532 1775 1676 1802 admodum

895 1821 1058 1849 tribuentes.
1078 1821 1186 1848 incerta
1200 1827 1266 1847 vero
1288 1819 1438 1847 Abrahami
1461 1819 1573 1848 Sculteti
1595 1821 1675 1853 ratio,

894 1867 939 1902 qui
957 1871 1100 1902 postquam
1114 1867 1147 1894 de
1161 1865 1277 1901 Origene
1301 1873 1329 1893 se
1351 1865 1444 1900 paucis
1459 1870 1581 1893 acturum
1597 1866 1676 1898 dixit,

894 1913 957 1949 quia
972 1913 1042 1940 inter
1053 1913 1197 1940 haereticos
1208 1913 1266 1940 fore
1280 1913 1380 1948 potius,
1401 1919 1480 1946 quam
1497 1912 1568 1940 inter
1583 1911 1678 1940 Patres

893 1963 1064 1993 numeratur,
1077 1967 1139 1986 mox
1154 1959 1200 1986 ubi
1219 1959 1253 1986 ad
1270 1959 1329 1993 ejus
1347 1958 1497 1986 doctrinam
1512 1962 1622 1985 ventum
1635 1963 1678 1985 est

894 2009 922 2033 et
936 2011 1053 2038 errores,
1071 2004 1139 2032 vela
1153 2004 1285 2032 librorum
1307 2003 1531 2038 depravatoribus
1542 2002 1677 2038 profectos

898 2051 971 2086 ipsos
980 2057 1040 2079 esse
1054 2055 1156 2083 censet,
1169 2050 1211 2078 vel
1224 2050 1250 2077 in
1269 2050 1303 2078 iis
1319 2050 1462 2078 lluctuasse
1477 2048 1618 2085 Origenem
1630 2050 1678 2077 de-

896 2101 1030 2125 monstrat
1045 2097 1071 2124 in
1088 2096 1205 2124 Medulla
1218 2096 1308 2124 Theol.
1328 2096 1418 2130 Patr.,
1439 2095 1486 2123 lib.
1503 2103 1540 2130 vt,
1555 2103 1605 2130 cap
1624 2097 1636 2123 Ι
1650 2099 1678 2123 et

897 2144 924 2171 6.
939 2143 1084 2171 Dissimilis
1098 2143 1205 2170 illorum
1220 2143 1320 2170 Petrus
1335 2142 1475 2170 Halloxius
1498 2141 1655 2170 Leodiensis
1667 2161 1676 2174 ,

896 2190 1069 2224 nuperrimus
1081 2189 1125 2217 ille
1140 2189 1262 2224 Origenis
1277 2189 1388 2223 vindex,
1418 2188 1502 2223 ipsius
1514 2188 1609 2220 vitam,
1623 2188 1678 2215 vir-

55 2242 112 2270 que
138 2235 166 2262 in
192 2241 252 2262 eum
270 2234 460 2269 propensiores
481 2239 572 2262 essent
587 2243 595 2263 :
615 2244 624 2261 t
646 2234 758 2262 Miratus
783 2242 843 2262 sum
860 2240 882 2268 D
902 2239 985 2269 tutes,
1001 2240 1027 2262 et
1045 2236 1204 2263 documenta
1232 2235 1308 2263 libris
1321 2238 1437 2269 quatuor
1455 2233 1591 2261 fusissime
1605 2241 1678 2261 com-

54 2283 245 2312 vebementer,
273 2280 380 2315 inquit,
404 2285 466 2315 post
488 2281 693 2309 damnationem
722 2281 781 2314 ejus
809 2282 843 2309 ab

52 2327 206 2356 Anastasio
218 2333 284 2361 papa
299 2326 435 2361 pontificia
447 2327 608 2354 auctoritate
629 2327 766 2360 inﬂictam,
782 2332 844 2361 post

52 2375 182 2410 ejusdem
197 2373 412 2408 reprobationem
428 2374 454 2402 in
467 2378 542 2401 sexta
560 2373 663 2408 synodo
684 2374 843 2408 pronuntia-

52 2427 127 2454 tam,
150 2425 213 2455 post
230 2425 268 2448 tot
284 2422 455 2456 antiquorum
470 2420 577 2447 Patrum
592 2420 618 2448 in
638 2420 752 2455 idipsum
776 2427 841 2448 con-

50 2468 197 2504 spirantes
224 2467 388 2502 sententias,
412 2467 500 2495 adhuc
524 2466 689 2494 recentiores
710 2466 841 2501 quosdam

89 2568 115 2586 ⁸⁵
131 2568 230 2598 Baron.
246 2568 277 2596 ad
292 2575 353 2596 ann.
375 2569 438 2603 236,
453 2577 511 2605 cap.
527 2569 569 2596 ll.

897 2281 992 2316 plexus
1009 2289 1017 2309 :
1037 2281 1070 2308 ad
1087 2281 1113 2309 id
1135 2285 1256 2309 attentus
1276 2287 1369 2313 unum,
1395 2283 1425 2306 ut
1447 2279 1489 2306 vel
1502 2280 1633 2314 integram
1650 2283 1677 2306 et

896 2327 1086 2360 orthodoxam,
1105 2334 1136 2355 ac
1148 2327 1217 2354 labis
1231 2327 1377 2354 immunem
1391 2326 1514 2361 Origenis
1528 2326 1677 2353 doctrinam

895 2372 978 2400 fuisse
989 2372 1169 2406 demonstret;
1181 2372 1224 2400 vel
1237 2372 1259 2400 si
1273 2372 1338 2407 quid
1346 2372 1458 2400 veritate
1470 2372 1555 2400 victus
1565 2372 1626 2399 huic
1636 2372 1677 2399 in-

895 2418 1007 2446 bmsisse
1014 2417 1154 2445 vitiifateri
1170 2418 1283 2453 cogitur,
1297 2418 1324 2446 id
1335 2423 1363 2447 ut
1374 2418 1492 2455 quaesitis
1502 2418 1678 2453 undecunque

898 2465 1120 2493 excusationibus
1134 2464 1227 2494 diluat.

613 2569 635 2585 ³⁸
650 2568 775 2597 Bellarm.
790 2568 815 2596 in
833 2567 878 2596 lib.
891 2567 929 2596 De
940 2568 1031 2603 script.
1047 2568 1109 2596 eccl.
