1927 3076
81 105 152 136 tias

606 101 892 133 ORIGENIANORUM
909 105 971 133 LIB.
987 103 1037 138 ‘.ll,
1056 104 1132 133 CAP.
1151 99 1173 132 Ῐ.

1627 106 1695 135 “86

82 165 280 202 sxcipientibus
297 172 328 194 ex
339 172 387 193 ore
399 164 458 201 ejus
469 169 572 200 septem
590 165 715 198 notariis,
735 165 862 193 totidem-
875 168 900 197 Α
914 172 973 199 cap.
993 164 1022 196 5.
1048 164 1074 191 itt
1100 164 1173 192 omni
1198 163 1338 199 Scriptura
1362 169 1493 200 perpetuo
1507 167 1695 194 errasserdicit

82 217 133 246 que
145 209 322 237 velocissimis
341 209 368 236 in
385 209 528 237 scribendo
545 208 650 244 puellis,
664 209 777 244 aliisque
797 209 865 237 scri-

82 255 214 291 ptoribus,
231 255 277 290 qui
294 253 341 283 eas
361 254 530 291 (conciones)
545 255 579 282 ad
600 259 802 282 monumentum
816 262 864 290 po-

82 302 211 330 steritatis
225 301 405 329 tradiderunt.
422 310 433 327 ι
449 300 542 335 Neque
563 307 630 328 sane
649 300 675 328 id
698 300 767 328 dixit
782 300 863 328 Pam-

81 348 182 383 philus,
210 354 291 383 quem
317 351 413 375 testem
439 347 522 380 citat,
549 346 596 373 sed
617 346 682 373 illud
711 347 861 373 duntaxat:

81 403 91 420 ι
104 394 238 428 praecipue
250 400 316 420 vero
330 399 376 428 per
390 399 436 420 eos
448 397 577 419 tractatus
587 399 654 427 quos
667 400 734 427 pene
745 391 864 427 quotidie

83 440 110 466 in
131 438 249 467 Ecclesia
275 438 392 466 habebat
415 444 449 466 ex
473 443 612 473 tempore,
627 446 695 473 quos
717 443 744 466 et
763 438 864 466 descri-

80 483 176 512 hentes
193 483 342 512 notarii-ad
360 484 555 511 monimentum
581 484 751 519 posteritatis
776 484 864 512 trade-

78 529 154 558 bant.
171 534 181 556 t

113 574 159 602 Ill.
179 574 244 602 Inde
265 582 346 610 porro
367 575 527 610 scriptiones
546 575 672 612 Origenis‘
681 579 741 604 sese
756 577 864 605 vitiatas

79 620 162 656 supra
178 622 339 649 notavimus.
356 622 391 649 At
405 622 543 650 ferendum
561 622 625 650 illud
641 627 709 655 erat,
723 623 745 651 si
766 631 819 651 non
832 630 865 651 eo

79 667 164 694 etiam
184 668 343 695 accessisset
365 668 495 695 malorum
524 669 660 696 hominum
677 669 804 703 nequitia.
820 677 864 696 er—

79 720 156 740 r0res
168 720 232 741 suos
254 713 331 741 malls
351 714 454 741 artibus
475 715 710 750 propugnantium,
730 720 757 742 et
771 715 865 743 alienis

79 758 207 792 operibus
240 758 377 786 adulteras
411 766 508 786 manus
535 758 719 786 inferentium.
747 759 774 786 ld
808 759 865 794 ipso

79 803 227 830 etiamnum
241 803 302 830 vivo
316 806 483 830 attentamnt‘
494 803 624 832 nonnulli.
638 803 703 831 Ausi
719 808 781 830 sunt
795 803 864 831 idem

79 848 250 882 postmodum
264 848 367 881 Ariani,
383 848 533 883 ltorumque
556 849 663 876 demum
678 853 863 884 corruptorum

79 888 221 920 audaciam
244 892 357 922 Ruﬁnus
369 894 417 921 lib.
429 893 466 921 De
480 894 620 921 adulterat.
633 894 758 921 librorum
773 893 865 930 Orige-

79 939 120 966 nis
133 939 268 975 coarguit.
285 939 384 967 Verum
399 948 451 968 non
474 940 555 968 alium
581 947 740 975 quemquam
755 939 864 976 Origeni

79 989 188 1013 tantum
209 985 321 1020 perﬁdia
347 993 394 1014 sua
419 991 447 1014 et
466 986 617 1015 temeritate
639 988 762 1015 nocuisse
783 995 864 1022 quam

80 1030 207 1058 Ruﬁnum
219 1031 318 1066 ipsum,
337 1032 432 1059 merito
449 1031 582 1060 aﬁirtnare
595 1034 713 1067 possunt.
728 1032 795 1060 Nam
807 1035 864 1068 eius

81 1077 184 1110 scripta"
197 1077 389 1112 interpretans,
409 1078 445 1105 ita
460 1078 650 1106 additamentis
671 1082 698 1106 et
717 1078 864 1106 detractio-

81 1123 163 1150 nibus
180 1123 289 1150 vexavit
309 1127 336 1151 et
352 1124 484 1158 corrupit,
498 1128 526 1151 ut
548 1124 691 1158 Origenem
707 1124 734 1152 in
749 1119 864 1160 Origene

80 1170 228 1198 desideres.
249 1170 396 1206 Acceptum
415 1171 477 1198 huic
491 1170 599 1206 quidem
627 1171 707 1200 refert
727 1172 863 1200 Adaman-

80 1215 146 1249 tius,
162 1216 233 1251 quod
248 1221 335 1250 opera.
352 1216 437 1251 ipsius
458 1223 473 1243 a
492 1215 596 1244 Latinis
617 1217 770 1245 hominibus
785 1218 863 1245 intel-

80 1260 169 1289 lectus
181 1265 209 1289 et
229 1258 374 1297 usurpatus
388 1266 446 1295 est;
460 1266 486 1289 et
505 1262 575 1296 quod
588 1264 754 1297 consumptis
770 1270 864 1290 exent-

83 1306 316 1342 plaribusGraacis
326 1307 354 1335 in
373 1307 501 1334 Romanis
518 1307 784 1342 interpretationibus
798 1315 864 1343 quo-

85 1353 233 1381 dammodo
245 1353 352 1381 revixit.
361 1352 460 1381 Verum
476 1353 571 1380 iisdem
579 1353 790 1388 expositionibus
802 1361 864 1380 cum

82 1398 169 1434 ignari
189 1398 290 1427 Graeca:
312 1398 410 1434 linguae
432 1398 555 1426 homines
579 1399 793 1432 acquiescerent,
818 1407 864 1426 ne-

80 1444 163 1479 glecti
182 1444 241 1472 fere
256 1443 365 1472 codices
385 1443 471 1471 Graeci
486 1444 634 1479 perierunt,
655 1444 722 1471 adeo
744 1447 774 1471 ut
795 1444 864 1471 bona

78 1490 179 1518 Graeca
201 1490 325 1526 pessimis
342 1489 443 1518 Latinis
459 1493 620 1517 commutata
635 1489 699 1517 sint.
709 1489 767 1524 (55)
782 1490 864 1523 Quot-
876 1503 899 1533 ο

79 1541 148 1573 quot
161 1536 225 1572 ergo
237 1536 320 1564 libros
332 1535 458 1570 Origenis
470 1535 503 1562 ad
517 1543 567 1563 nos
583 1535 690 1562 fortuna
705 1536 864 1569 transmisit,

79 1584 199 1612 violatos
217 1588 278 1611 esse
295 1581 441 1609 verisimile
453 1586 505 1615 est,
521 1586 549 1608 at
569 1589 615 1609 eos
631 1581 799 1617 potissimum
819 1581 865 1616 qui

78 1634 181 1665 praeter
192 1628 356 1656 notariorum
373 1627 529 1663 σφάλματα,
542 1631 571 1655 et
586 1627 774 1655 haereticorum
790 1628 866 1655 adul-

81 1674 245 1706 terationes,
273 1668 451 1708 interpretum
480 1673 562 1701 etiarn
589 1673 813 1701 hallucinationes
839 1677 866 1701 et

80 1718 224 1753 perﬁdiam
237 1722 392 1745 senserunt.

120 1763 165 1791 IV.
185 1762 243 1791 Non
256 1771 305 1798 par
315 1770 379 1798 ergo
396 1767 423 1790 et
436 1762 529 1790 eadem
543 1766 584 1790 est
600 1762 729 1790 librontm
744 1762 864 1790 omnium

79 1810 241 1842 auctoritas,
257 1809 412 1844 quicunque
435 1817 469 1836 ex
493 1809 619 1844 Origenis
639 1809 735 1837 incude
753 1809 866 1844 profecti

79 1861 157 1884 sunt.
171 1855 402 1889 Quemadmodum
417 1854 489 1882 enint
506 1853 626 1889 suspecti
645 1859 724 1881 erant
735 1854 753 1880 ii
770 1854 866 1888 praeci-

79 1910 144 1938 pue,
157 1907 185 1930 et
199 1901 412 1929 damnosissimis
426 1905 531 1928 scatere
547 1900 695 1932 erroribus,
718 1903 746 1926 et
764 1899 798 1925 ab
817 1898 866 1926 Ec-

79 1950 172 1976 clesia‘.
183 1947 322 1982 disciplina
338 1947 465 1975 recedere
472 1946 645 1979 dicebantur,
663 1952 731 1980 quos
746 1945 804 1980 ipse
818 1951 866 1979 per

78 1995 167 2023 otium
190 1994 294 2021 secreto
315 1991 497 2023 incubrasset,
511 1997 543 2018 ac
568 1990 629 2017 libri
651 1989 784 2024 praecipue
796 1988 866 2024 Περὶ

78 2039 194 2074 ἀρχῶν,
209 2039 236 2066 in
252 2037 350 2073 quibus
365 2037 518 2071 dogmatnm
534 2043 644 2064 suorum
660 2034 792 2063 ollicinam
808 2040 866 2063 sta-

80 2088 183 2118 tuerat,
202 2088 232 2111 ut
257 2087 349 2111 narrat
367 2081 524 2117 Pamphilus
553 2082 581 2109 in
611 2081 761 2116 Apologia:
777 2082 813 2108 ita
833 2082 866 2108 ad

79 2132 141 2166 ejus
169 2137 265 2158 sensus
288 2129 395 2164 penitus
426 2127 663 2162 introspiciendos,
691 2135 723 2154 ac
749 2127 866 2154 eruenda

916 209 1070 244 Origenetu,
1092 215 1206 243 eamque
1226 209 1326 244 ingenti
1350 209 1480 236 librorum
1511 209 1583 236 mole
1605 209 1696 242 expla-

915 262 992 282 nusse
1005 263 1013 282 :
1028 260 1081 282 tum
1091 255 1245 282 subnectit:
1260 255 1307 286 Εἰς
1321 255 1437 290 ἑκάστην
1452 255 1560 290 γραφὴν
1576 254 1607 281 οὐ
1620 262 1696 291 παρ-

914 301 1034 337 ῃτήσατο
1055 301 1141 326 εἰπεῖν
1157 299 1175 326 ἃ.
1188 299 1262 335 αὐτῷ
1278 299 1365 333 ἔδοξε·
1387 300 1432 326 καὶ
1447 300 1497 327 ὅσα
1511 300 1558 335 μὲν
1569 300 1599 329 ὲν
1611 308 1697 335 προσ-

913 346 1041 381 ομιλίαις,
1058 347 1105 373 καὶ
1119 345 1163 372 διὰ
1177 345 1231 373 τῶν
1252 346 1400 382 προοιμίων
1423 345 1463 377 είς
1477 345 1528 381 ἤθη
1542 352 1571 372 τε
1586 346 1634 374 καὶ
1657 345 1697 377 εἰς

914 392 1008 427 φύσεις
1023 391 1100 424 ζώων
1116 400 1145 418 τε
1171 391 1218 418 καὶ
1239 391 1293 418 τῶν
1314 391 1399 418 ἄλλων
1421 391 1537 427 εἴρηται,
1556 391 1637 426 μέσος
1651 400 1697 426 φε-

915 438 1026 474 ρόμενος
1047 438 1176 470 πολλάκις
1198 437 1327 473 χαρίεντα
1347 437 1512 473 διηγήσατο·
1531 437 1581 464 ὅσα
1602 437 1631 464 δὲ
1657 439 1697 469 είς

913 483 1033 519 δόγματα
1044 484 1215 519 ἐδογμάτισε,
1230 484 1275 510 καὶ
1286 483 1351 519 περὶ
1373 483 1500 515 πίστεως.
1516 484 1562 511 καὶ
1576 483 1696 519 μείζονος

914 529 1039 565 θεωρίας,
1058 529 1112 557 τῶν
1137 529 1245 557 πάντων
1263 529 1425 556 ἀτοπώτατα
1447 529 1502 555 τῶν
1519 529 1572 564 πρὸ
1600 527 1695 561 αὑτοῦ,

914 575 960 602 καὶ
973 575 1031 610 μετ’
1043 574 1125 602 αὐτὸν
1139 575 1306 611 εὑρίσκεται,
1323 575 1394 610 πλὴν
1404 574 1458 602 τῶν
1475 575 1504 601 ὲν
1518 576 1577 607 ταῖς
1591 575 1696 611 αἰρέσε-
1726 600 1730 606 ,

915 629 957 648 σιν
978 622 1186 657 αἰσχρουργιῶν.
1217 621 1269 648 «In
1294 621 1416 656 singulos
1444 620 1590 655 Scriptura:
1615 620 1696 648 libros

915 674 967 693 non
987 667 1119 693 dubitavit
1141 667 1231 694 dicere
1244 674 1304 701 quae
1323 666 1375 693 sibi
1387 665 1447 692 visa
1474 671 1548 693 sunt.
1565 665 1695 698 Quaecun-

914 718 966 746 que
980 716 1069 738 autem
1089 713 1115 738 in
1136 711 1264 744 homiliis,
1276 715 1303 738 et
1323 711 1348 738 in
1364 711 1504 746 pt'ocemiis
1527 710 1698 740 denmribul

914 761 941 784 et
955 762 1057 783 natura
1073 757 1241 787 animalium,
1260 757 1430 791 aliorumque
1453 757 1523 784 dicta
1543 761 1616 788 sunt,
1639 762 1697 783 me-

916 802 974 829 dius
989 802 1114 829 incedens
1127 810 1199 837 saepe
1215 802 1352 838 eleganter
1365 803 1494 830 disseruit
1508 811 1514 829 :
1529 807 1697 837 quascunque

880 834 902 864 Β
917 854 981 875 vero
996 848 1028 874 de
1044 834 1213 882 dogmatibus
1227 834 1424 882 pronuntiavit,
1436 853 1463 875 et
1487 847 1521 876 de
1537 834 1602 880 lide,
1621 834 1697 876 aliis-

915 901 967 928 que
993 893 1104 929 majoris
1128 894 1376 929 contemplationis,
1399 893 1525 922 omnibus
1551 893 1696 929 protulisse

914 940 1082 974 absurdiora,
1099 944 1127 967 et
1146 941 1192 975 qui
1215 944 1413 975 praecesserunt
1437 940 1534 973 ipsum,
1549 944 1576 967 et
1592 940 1637 974 qui
1652 947 1697 967 se-

914 986 967 1013 cuti
990 987 1233 1022 sunt,‘reperitur;
1258 987 1379 1022 exceptis
1401 985 1535 1014 duntaxat
1558 987 1696 1014 hatreseon

913 1031 1092 1060 fmditatibus.
1107 1041 1117 1058 ι
1140 1031 1291 1067 Utrumque
1305 1037 1396 1060 autem
1421 1033 1598 1067 scriptionum
1619 1031 1696 1060 Gne-

914 1083 1005 1105 carum
1028 1086 1123 1113 genus,
1147 1079 1273 1106 homilias
1292 1079 1364 1112 dico,
1385 1083 1412 1106 et
1433 1078 1517 1106 libros
1544 1079 1598 1114 per
1608 1079 1694 1106 otium

913 1128 1066 1156 accuratos,
1082 1128 1110 1150 et
1124 1123 1254 1158 quidquid
1271 1119 1388 1158 denique
1403 1122 1497 1150 διίκεο
1520 1124 1555 1151 ab
1577 1123 1694 1158 Origene

914 1169 1043 1203 scriptum
1062 1173 1159 1201 exstat,
1185 1168 1264 1203 longe
1289 1169 1322 1197 iis
1341 1169 1467 1204 anteponi
1484 1169 1576 1203 jubco,
1595 1177 1654 1204 quae
1667 1169 1696 1197 in

913 1213 1041 1251 Latinum
1058 1222 1211 1242 sermonem
1224 1215 1345 1250 derivata
1363 1220 1437 1253 sunt,
1454 1219 1481 1242 et
1492 1215 1533 1243 vel
1547 1215 1695 1243 sublestam

917 1260 1095 1295 interpretum
1109 1260 1208 1293 ‘Iidem,
1224 1260 1266 1287 vel
1284 1261 1518 1293 hallucinationes,‘
1533 1262 1575 1289 vel
1591 1267 1696 1291 utrum-

914 1314 966 1341 que
989 1307 1186 1342 sustiuueryut.
1215 1306 1288 1334 Inter
1315 1307 1477 1341 scriptiones
1496 1315 1555 1342 qua:
1573 1307 1667 1335 Latine
1680 1317 1696 1337 ιι

914 1352 1050 1378 veteribus
1069 1359 1206 1379 conversae
1220 1356 1337 1384 exstant,
1354 1353 1450 1387 prima
1470 1353 1523 1380 erit
1537 1360 1629 1380 earum
1646 1362 1696 1381 au-

915 1399 1039 1431 ctoritas,
1055 1406 1124 1433 quas
1137 1398 1298 1433 Hieronymi
1324 1399 1398 1426 dedit
1417 1399 1605 1434 interpretatio
1621 1408 1628 1426 :
1647 1408 1695 1435 po-

915 1449 1044 1472 stremum
1069 1445 1196 1472 tenebunt
1219 1445 1317 1477 locum,
1330 1452 1389 1480 quae
1408 1453 1423 1472 a
1443 1445 1542 1474 Rullno
1555 1445 1697 1474 Lnlinitati

914 1490 1022 1517 donatas
1042 1495 1114 1517 sunt.
1130 1490 1184 1517 Nec
1203 1490 1263 1525 plus
1278 1490 1338 1518 lidei
1353 1499 1419 1519 sane
1435 1493 1517 1519 veteri
1531 1491 1698 1520 Commenta-

916 1537 1014 1562 riorum
1033 1537 1059 1564 in
1075 1536 1230 1564 Matthamm
1254 1537 1406 1571 interpreti,
1417 1537 1573 1572 quicunque
1589 1539 1697 1566 tandem

916 1582 961 1610 ille
977 1583 1022 1614 sit,
1038 1590 1119 1616 quam
1138 1582 1236 1609 Itulino
1260 1582 1442 1610 adhibendum
1462 1587 1514 1611 est.
1532 1584 1607 1611 Illum
1625 1584 1647 1611 si
1662 1583 1697 1612 ad

915 1627 1049 1659 Graecum,
1074 1635 1153 1661 quem
1175 1628 1281 1659 damus,
1302 1633 1459 1655 contextum
1481 1629 1616 1664 exegeris,
1629 1630 1700 1657 Deus

916 1673 996 1704 bone,
1015 1673 1086 1707 quod
1111 1673 1344 1708 interpretationis
1363 1679 1513 1701 monstrum
1528 1676 1697 1709 comperiesl

916 1718 998 1746 Totas
1021 1717 1143 1752 paginas,
1163 1723 1219 1744 tota
1243 1718 1306 1744 l'olia
1324 1724 1425 1750 assuta,
1450 1723 1505 1746 tota
1520 1720 1638 1747 detracta
1652 1720 1700 1748 de-

912 1763 1076 1799 prehendes.
1096 1762 1156 1789 Hec
1177 1763 1266 1796 inter,
1293 1764 1490 1792 observandum
1526 1766 1590 1792 illud
1617 1766 1699 1794 etiam

915 1809 1058 1837 discrimen
1075 1814 1126 1840 est,
1148 1809 1276 1842 majorem
1296 1816 1390 1836 eorum
1417 1817 1478 1837 esse
1499 1811 1630 1838 librorum
1649 1818 1698 1838 au-

915 1856 1086 1889 ctoritatem,
1104 1862 1172 1889 quos
1197 1862 1279 1882 senex
1303 1855 1499 1888 Adamantius,
1518 1856 1626 1891 ingenio
1652 1864 1700 1891 per

915 1907 1021 1930 attatem
1037 1902 1122 1937 magis
1139 1901 1250 1928 subacto
1262 1901 1394 1933 elimavit,
1414 1910 1494 1936 quam
1512 1903 1559 1937 qui
1570 1902 1700 1930 eil'erente

916 1954 976 1975 sese
997 1947 1023 1974 in
1039 1946 1187 1980 iuventutis
1200 1950 1266 1973 testu
1281 1945 1445 1974 fecunditate
1459 1940 1561 1980 profusi
1574 1953 1648 1976 sunt.

951 1993 985 2021 ν.
1006 1992 1060 2020 Nec
1073 1992 1218 2026 aliquantis
1233 1993 1365 2019 duntaxat
1387 1992 1612 2027 Origenianarum
1631 1994 1700 2021 scri-

917 2040 1040 2075 ptionum
1065 2039 1198 2072 partibus,
1217 2038 1258 2065 vel
1275 2039 1443 2066 notariorum
1458 2039 1642 2073 properantia,
1658 2039 1702 2067 vel

917 2088 1107 2119 corruptorum
1124 2084 1217 2110 nocuit
1231 2084 1342 2111 audacia
1354 2093 1362 2117 ;
1374 2085 1420 2111 sed
1440 2084 1466 2111 in
1488 2089 1543 2111 tota
1557 2084 1638 2111 etiam
1657 2092 1700 2112 vo-

917 2131 1017 2158 lumina
1058 2129 1208 2157 invidorum
1227 2129 1451 2166 Jntemperantia
1479 2135 1601 2165 grassata
1635 2134 1700 2158 est:

83 2177 225 2212 dogmata,
241 2175 322 2202 iidem
339 2180 411 2201 nunc
428 2172 596 2207 potissimum
613 2172 705 2199 valere
715 2171 822 2199 debent.
836 2171 864 2198 In

917 2184 979 2204 nam
1004 2176 1050 2212 qui
1076 2181 1151 2203 tanto
1170 2181 1270 2203 conatu
1287 2176 1312 2203 in
1328 2176 1454 2211 Origenis
1479 2177 1632 2203 doctrinam
1650 2183 1700 2203 sue-

79 2222 204 2251 hotniliis
222 2221 322 2256 quippe
347 2220 381 2247 ad
400 2219 472 2254 vulgi
498 2225 558 2246 sese
579 2218 796 2245 accommodavit
809 2225 865 2244 .ca-

78 2274 170 2305 ptum,
188 2275 237 2295 nec
257 2266 407 2302 exquisitas
427 2265 557 2293 doctrina:
577 2271 681 2292 merces
697 2273 713 2291 e
727 2264 865 2300 myrothe-

79 2315 134 2342 ciis
150 2314 208 2341 suis
222 2313 393 2348 depromptas
405 2311 523 2339 indoctis-
539 2311 695 2338 hominibus
703 2311 864 2345 propinavit.

78 2362 117 2388 At
137 2360 165 2387 in
178 2358 324 2386 elaboratis
347 2357 509 2392 diligentiori
541 2364 606 2384 cura
637 2356 866 2384 luoubrationibus

79 2404 246 2433 eruditionis
272 2411 328 2432 sua:
345 2402 529 2438 promptuaria
559 2402 699 2430 reseravit.
723 2401 807 2436 Igitur
833 2402 866 2429 de

80 2451 197 2483 Grtecis,
213 2450 261 2486 qui
277 2453 434 2486 supersunt,
447 2449 524 2476 libris
541 2449 580 2476 sic
600 2448 773 2476 statuendum
789 2451 864 2482 pulo,

79 2502 113 2526 ut
133 2501 299 2533 postremum
323 2496 445 2523 ordinem
471 2495 588 2523 homilias
606 2499 725 2527 teneant,
747 2495 864 2529 priorem

80 2544 202 2579 cogitate
215 2548 245 2570 ‘et
265 2547 368 2570 attente
391 2542 490 2577 scripta
511 2548 603 2575 opera,
626 2540 775 2576 cujusmodi
802 2544 865 2567 sunt

56 2603 62 2606 -
80 2589 146 2616 libri
169 2593 260 2615 contra
281 2587 397 2620 Celsum,
411 2592 437 2615 et
451 2587 522 2621 Περὶ
535 2585 646 2621 ἀρχῶν,
663 2590 688 2612 et
701 2585 776 2619 tomi,
791 2584 863 2620 judi-

81 2635 156 2663 cium
177 2634 210 2661 de
226 2633 268 2661 his
287 2640 365 2660 suum
381 2640 533 2668 proponens
553 2631 718 2667 Epiphanius
735 2631 800 2657 hmr.
819 2629 865 2663 64,

118 2725 177 2759 (55)
192 2724 323 2759 Quotquot
340 2731 400 2759 ergo
420 2722 498 2750 libros
508 2722 628 2759 Qrigettis
645 2722 678 2748 ad
697 2729 743 2748 nos
756 2720 862 2759 fortuna

81 2755 244 2791 tfdnrntiiit,
268 2755 381 2786 ololato}
406 2766 460 2785 esse
481 2755 620 2784 verisimile
640 2761 688 2791 est,
714 2761 766 2784 etc.
798 2755 862 2783 Vide

83 2790 273 2823 Pnefationem
294 2799 414 2821 nostram
424 2798 502 2819 torno
520 2792 607 2825 primo
630 2790 778 2826 praa'tixam,
799 2798 860 2825 pag.

81 2831 153 2864 2,3,
171 2830 198 2862 ι,
214 2830 259 2858 ubi
273 2828 440 2857 ostendimus
452 2827 640 2855 haereticorum
653 2826 866 2854 adttlterationcs

917 2223 1036 2255 viebant,
1052 2221 1146 2257 ejusne
1161 2222 1344 2256 pepercissent
1358 2221 1445 2253 libris,
1458 2225 1487 2248 et
1498 2229 1551 2248 non
1564 2228 1611 2248 eos
1626 2221 1702 2248 omni

918 2268 1007 2295 studio
1025 2267 1223 2295 abolevissent?
1236 2267 1415 2295 Accesserunt
1429 2267 1524 2295 crebra
1537 2267 1701 2302 syttodorum

917 2317 946 2339 et
968 2311 1156 2346 cpiscoporutn
1177 2312 1363 2344 anathemata,
1385 2312 1483 2346 quibus
1510 2312 1702 2344 Adamantius,

917 2357 1124 2391 Adamantiique
1141 2357 1264 2384 doctrina
1280 2359 1406 2385 damnata
1432 2362 1491 2385 est:
1506 2361 1561 2384 tum
1580 2357 1702 2391 promulé

918 2406 977 2436 gata
994 2402 1065 2436 apud
1083 2402 1250 2430 recentiores
1265 2402 1374 2431 Graecos
1385 2403 1505 2436 decreta,
1520 2402 1617 2437 quibus
1631 2403 1701 2430 vetiv
1723 2415 1726 2423 ι

917 2450 974 2474 tum
991 2451 1034 2474 est
1052 2454 1085 2474 ne
1102 2447 1163 2482 quis
1181 2446 1240 2481 ejus
1251 2447 1337 2476 libros
1353 2447 1500 2476 describat.
1520 2447 1594 2475 Unde
1608 2444 1696 2474 marti-

918 2499 968 2520 [ηπ
984 2491 1153 2526 Latinorum,
1177 2500 1209 2520 ac
1233 2492 1388 2521 Graecorum
1409 2493 1543 2528 praecipue
1562 2492 1700 2526 exempla-

919 2539 988 2566 rium
1006 2538 1074 2574 parti
1090 2538 1180 2566 clades
1192 2538 1265 2566 illata
1279 2543 1331 2570 est,
1344 2544 1372 2566 et
1391 2539 1491 2573 oppido
1505 2545 1589 2573 pauca
1604 2545 1637 2565 ex
1649 2538 1702 2566 hoc

919 2585 1028 2612 interitu
1048 2590 1154 2612 servata
1179 2589 1251 2612 sunt.
1276 2584 1435 2619 Quanquam
1453 2586 1526 2612 enim
1544 2585 1637 2619 ingens
1653 2585 1703 2611 adv

919 2630 972 2658 huc
997 2629 1222 2665 Origenianorum
1253 2636 1366 2663 operum
1398 2629 1523 2657 volumen
1556 2633 1702 2664 superest,

916 2720 1025 2755 scriptis
1033 2718 1160 2754 Origenis
1175 2728 1228 2747 non
1241 2726 1338 2746 nocere
1346 2719 1465 2755 potuisse
1479 2727 1511 2747 ex
1521 2728 1574 2755 quo
1587 2721 1701 2749 ιιιιιειιεηι

916 2754 1150 2788 ιὶριίειειιιβιλιτίει
1163 2763 1272 2781 suorunt
1292 2755 1407 2788 llperutn
1421 2754 1477 2788 ipse
1494 2762 1563 2790 (ante
1586 2761 1702 2784 mortem

916 2792 943 2818 in
956 2790 1116 2819 Cccsariensi
1131 2789 1298 2818 Bibliotheca
1312 2790 1445 2824 ti('pUSlliI.
