1927 3076
270 114 335 145 “8'!

896 115 928 142 Ρ.
948 115 1104 142 DAMELIS
1122 115 1240 141 ﬂUE'l’Il

1807 117 1865 144 M88

267 178 348 210 quota
366 173 410 200 illa
422 179 486 207 pars
496 175 538 200 est
553 171 642 207 magni
663 171 744 206 hujus
762 171 981 200 lucubrationum
997 180 1049 199 nu-
1062 175 1088 204 Α
1101 169 1295 207 legere,‘quos
1326 170 1370 198 ille
1393 177 1444 198 non
1466 169 1594 205 scripsit;
1621 160 1775 204 faciliusque
1798 172 1867 200 crate

267 220 344 251 meri,
358 225 427 253 quas
442 217 476 244 ab
491 223 525 244 eo
545 216 700 244 elaboratas
730 216 813 244 fuisse
832 221 940 244 veteres
960 217 1051 251 prodi-

266 264 383 292 derunt?
403 263 504 290 Scribit
528 261 693 296 Theophilus
728 261 826 289 Pasch.
852 263 864 289 Ι
891 267 920 289 et
941 262 959 289 2
981 262 1052 290 hunc

270 320 279 337 ι
292 309 502 338 innumerabiles
519 308 639 336 texuisse
654 308 748 340 libros,
763 313 790 335 et
803 308 972 342 garrulitatis
985 316 1050 341 suae,

267 356 343 390 quasi
364 354 502 381 damnosm
519 352 698 388 possessionis
715 352 814 380 mundo
831 352 972 387 reliquisse
997 353 1051 380 hae-

267 401 418 428 reditatem.
430 409 440 426 ι
461 400 534 426 Ἀνω
555 399 602 426 καὶ
629 398 703 425 κάτω
724 397 893 432 ταυτολογῶν
907 398 1050 434 ἐπλήρωσε

265 445 315 481 τὴν
340 445 507 480 οἰκουμένην
533 445 646 480 ἀμέτρῳ
672 444 806 480 φλυαριᾳ-
828 444 867 471 ait
894 443 1052 471 Eustathius

267 491 450 518 Antiochenus
477 490 514 517 De
540 495 654 525 engaatr.
672 498 682 514 ι
697 489 762 523 Quis
776 494 910 521 nostrum,
935 498 945 515 ι
966 489 1053 523 inquit

267 536 447 572 Hieronymus
465 537 545 572 epist.
571 536 614 567 65,
644 536 678 563 ad
705 535 862 564 Pammaeh.
888 540 915 564 et
940 535 1050 568 0cean.,

266 589 327 617 cap.
346 583 374 614 5,
393 591 402 608 ι
417 586 491 610 tanta
513 586 603 617 potest
624 581 727 617 legere,
743 586 843 616 quanta
862 581 908 609 ille
933 580 1050 609 conseri-

266 627 336 662 psit?
348 637 357 653 ν
382 627 454 655 ldem
480 627 558 662 epist.
580 627 625 660 l8,
651 627 684 654 ad
701 627 822 655 Marcell.
839 637 846 655 :
861 637 871 653 ‹
883 627 1051 660 Ambrosius,

266 680 320 708 quo
348 674 466 704 chartas,
491 677 624 708 sumptus,
646 673 766 700 nutarios
797 673 977 705 ministrante,
997 677 1052 700 tam

267 717 479 747 innumerabiles
503 717 586 745 libros
612 724 676 745 vere
701 718 879 745 Adamantius
909 723 999 746 noster
1026 721 1053 745 et

265 765 458 792 Chalcenterus
468 764 607 799 explicuit.
620 773 630 790 ο
647 763 803 792 Vincentius
819 763 968 792 Lirinensis
982 764 1052 792 Con-

266 814 308 837 tra
325 810 401 842 Ιιατνη
413 817 472 844 cap.
486 809 523 836 25
538 817 545 835 :
563 819 572 835 ε
583 809 636 837 Sed
654 810 734 837 credo
757 817 842 844 pauca
867 810 1048 844 conscripsit;

266 862 346 882 nemo
363 854 516 881 mortalium
533 853 619 888 plura,
638 858 666 881 ut
685 854 751 881 mihi
767 861 815 881 sua
828 853 918 881 omnia
939 861 991 880 non
1010 860 1050 881 so-
1065 847 1086 875 Β

266 901 320 928 Ιιιιιι
337 908 388 928 non
410 901 522 936 perlegi,
540 901 587 928 sed
602 908 636 928 ne
651 900 766 928 inveniri
783 900 893 935 quidem
919 907 998 934 posse
1010 901 1052 926 vi-

265 947 414 974 dcantur.)
430 946 468 973 Ex
499 947 629 973 immenso
659 946 709 974 hoc
738 953 804 982 ergo
829 946 1047 974 lucubrationum

238 990 239 993 “
266 999 379 1019 numero
400 991 539 1026 syntacliei
564 998 659 1018 nomen
679 991 789 1020 meruit.
810 990 941 1018 Futurum
962 995 1050 1017 autem

266 1037 452 1072 praesentiens,
476 1041 506 1063 ut
529 1036 659 1063 immensa
687 1037 744 1063 ham
773 1035 914 1063 scribendi
941 1035 1050 1063 licentia

267 1083 455 1110 nonnullorum
479 1083 531 1110 sibi
546 1082 771 1117 reprehensiones
783 1082 976 1115 c0nscisceret,
987 1081 1052 1108 mul-

267 1129 301 1156 tis
312 1137 371 1156 eam
395 1133 509 1157 excusat
527 1133 600 1157 tomo
614 1129 639 1155 v'
652 1128 680 1155 in
702 1128 795 1162 10am,
817 1135 892 1155 num.
906 1128 932 1161 Ι,
947 1127 964 1154 2
980 1132 1008 1154 et
1022 1127 1050 1160 4,

266 1173 344 1208 cujus
383 1173 567 1202 excusationis
602 1173 753 1208 fragmenta
785 1172 868 1202 habes
896 1172 1051 1200 Philocaliw

269 1228 329 1255 cap.
348 1220 375 1247 5.

300 1273 424 1300 Attamen
439 1274 539 1309 ingenti
557 1274 619 1301 huic
634 1274 705 1301 libro
713 1282 771 1302 rum
793 1275 888 1309 copiae,
912 1282 992 1309 quam
1010 1275 1051 1302 in-

266 1319 460 1346 numerabilem
475 1327 535 1347 esse
551 1319 644 1347 dicunt
666 1320 798 1353 nonnulli,
814 1325 918 1348 certum
937 1321 982 1347 alii
1000 1329 1051 1347 nu-

267 1371 370 1391 merum
392 1365 574 1399 assignarunt.
599 1364 766 1400 Epiphanius
782 1365 848 1393 hazr.
864 1365 910 1398 64,
925 1373 986 1400 cap.
1002 1365 1048 1400 65,

266 1409 452 1443 percrebuisse
467 1414 560 1437 narrat
572 1417 619 1437 sex
635 1410 765 1437 librorum
779 1410 861 1436 millia
878 1409 913 1437 ab
923 1417 955 1438 eo
968 1409 1052 1438 fuisse

265 1455 429 1488 conscripta.
447 1455 535 1489 Atque
559 1454 586 1482 id
609 1461 644 1482 ex
666 1454 756 1489 seipso
773 1454 866 1487 refert,
881 1462 933 1481 non
948 1463 981 1482 ex
996 1455 1052 1482 Me-

266 1500 369 1531 thodio,
395 1504 424 1526 ut
448 1507 589 1534 perperam
608 1504 768 1527 asseverant
787 1499 1047 1535 Magdebnrgenses,

264 1551 337 1574 cent.
352 1547 380 1578 3,
396 1553 456 1580 cap.
473 1546 517 1573 10.
536 1545 666 1573 Eutndcm
679 1547 820 1580 assignant
835 1553 977 1573 numerum
994 1545 1048 1572 llo-

266 1593 359 1620 uerius
374 1591 626 1627 Augustodunensis
643 1592 683 1618 De
701 1591 793 1624 script.
809 1591 911 1620 τίσιες..
928 1599 988 1625 cap.
1003 1591 1048 1625 55,

265 1643 292 1665 et
313 1637 451 1665 Cedrenus
473 1637 501 1664 in
526 1636 632 1670 Severo,
651 1641 679 1664 et
705 1645 737 1665 ex
755 1637 878 1665 Cedreno
904 1635 1002 1665 Suidas
1022 1637 1050 1664 in

264 1684 386 1718 Origene,
402 1687 430 1710 et
445 1682 542 1718 Glycas
558 1687 628 1718 part.
651 1691 694 1715 tu,
708 1682 805 1710 Annal.
831 1682 963 1710 Praeterea
977 1683 1051 1710 Butl-

265 1737 317 1757 nus
333 1730 359 1756 in
380 1728 471 1756 libello
490 1728 528 1756 De
547 1729 740 1756 adulteratione
762 1729 888 1756 librorum
915 1728 1048 1764 Origenia,

263 1777 297 1803 de
321 1774 471 1809 Epiphanio
488 1775 523 1801 ita
550 1775 691 1810 loquitur:
708 1784 717 1800 ‹
734 1775 852 1810 Denique
876 1775 986 1811 quidam
1016 1783 1051 1804 ex

264 1820 341 1854 ipsis,
356 1819 402 1855 qui
423 1827 452 1847 se
468 1820 541 1847 velut
561 1820 764 1855 evangelizandi
790 1821 981 1848 necessitatem
997 1828 1045 1855 per

265 1873 360 1893 omnes
380 1870 485 1900 gentes,
507 1870 535 1892 et
559 1873 608 1900 per
622 1873 715 1893 omnes
729 1865 832 1901 linguas
845 1866 946 1894 habere
962 1871 1049 1901 putat,

264 1912 298 1938 de
311 1910 426 1945 Origene
438 1909 510 1938 male
526 1909 663 1945 loquendi,
683 1917 730 1937 sex
742 1909 826 1938 millia
846 1910 976 1938 librorum
988 1911 1047 1945 ejus

267 1963 297 1984 re
319 1957 415 1991 legisse
443 1955 641 1990 quamplurima
668 1956 781 1983 fratrum
802 1956 974 1984 multitudine
1000 1965 1050 1985 au-

265 2001 356 2029 diente
379 2000 519 2028 confessus
537 2004 588 2029 est.
605 2009 615 2026 ι
633 2001 674 2028 Ad
697 2008 728 2027 ea
747 2000 935 2037 Hieronymus,
955 2001 1001 2036 qui
1020 2009 1050 2029 se

263 2046 354 2074 omnia
374 2045 501 2081 Origenis
519 2046 629 2078 habere,
644 2045 740 2080 legisse
762 2053 826 2073 vero
846 2047 1047 2082 quamplurima

261 2091 381 2126 iactabat
405 2091 467 2119 libr.
490 2098 511 2118 tt
544 2091 633 2126 Apal.,
652 2098 713 2126 eap.
735 2091 762 2125 4,
777 2092 834 2119 haec
862 2093 967 2127 reponit
987 2093 1047 2120 libri

263 2136 384 2170 ejusdem
399 2141 476 2164 sexto
492 2137 580 2172 capite
594 2145 601 2164 :
623 2146 632 2163 ι
650 2136 688 2164 De
703 2145 749 2174 vx
773 2138 890 2166 millibus
911 2143 1000 2166 autem
1017 2139 1049 2165 li-

264 2183 386 2214 brorum,
402 2190 471 2218 quos
484 2183 517 2210 ab
532 2190 565 2210 co
578 2190 638 2210 esse
660 2183 746 2212 lectos
761 2184 904 2220 contingis,
918 2185 977 2219 quis
992 2192 1049 2212 cre-

264 2229 310 2254 dat
331 2233 379 2256 aut
400 2234 426 2256 te
447 2237 539 2257 verum
562 2230 663 2262 dicere,
675 2235 721 2257 aut
744 2230 818 2257 illum
833 2230 952 2265 potuisse
972 2238 1048 2258 men-

266 2273 330 2300 tiri!
342 2274 370 2300 Si
385 2274 457 2301 enim
473 2274 607 2310 Origenes
621 2282 668 2303 sex
690 2275 773 2302 millia
791 2275 946 2309 scripsisset
961 2276 1046 2303 libro-

265 2326 335 2350 ntm,
353 2324 476 2353 potuerat
501 2321 557 2348 iieri
583 2326 612 2348 ut
633 2321 675 2348 vir
691 2321 822 2354 eruditus,
839 2326 866 2348 et
883 2322 917 2348 ab
932 2321 1045 2349 infatttia

263 2365 349 2392 sacris
371 2365 468 2393 litteris
487 2366 627 2394 institutus
649 2375 699 2402 pro
714 2367 871 2395 curiositate
891 2372 918 2394 et
935 2368 1047 2395 scientia

265 2411 375 2446 legisset
390 2411 498 2438 aliena:
517 2413 587 2445 quod
606 2420 670 2440 vero
696 2414 740 2440 ille
762 2420 814 2440 non
840 2413 961 2447 scripsit,
984 2421 1049 2448 quo-

263 2458 408 2485 modoisto
422 2457 513 2493 legere
536 2459 644 2493 potuit?
658 2458 774 2487 Numera
794 2460 898 2487 indices
916 2460 1045 2487 librorum

263 2503 330 2538 ejus,
345 2503 392 2539 qui
412 2504 438 2531 in
456 2504 536 2532 tertio
548 2504 685 2532 volumine
696 2505 814 2538 Eusebii,
831 2505 858 2532 in
880 2512 933 2539 quo
952 2505 1048 2533 scribit

264 2549 354 2577 Vitam
372 2549 515 2585 Pamphili,
529 2550 706 2578 continentur
719 2559 726 2583 ;
740 2557 767 2578 et
781 2558 833 2577 non
853 2551 913 2578 dico
925 2558 972 2577 sex
985 2550 1048 2577 ιιιὶΙ-

263 2595 310 2628 lia,
334 2589 380 2622 sed
405 2596 510 2622 tertiam
539 2601 643 2630 partem
671 2604 722 2623 non
749 2596 880 2630 reperies.
913 2596 1048 2624 Habemus

264 2641 404 2675 epistolam
420 2641 568 2675 supradicti
583 2641 729 2675 pontiﬁcis,
751 2641 777 2667 in
793 2648 846 2675 qua
867 2641 928 2668 huic
943 2634 1048 2668 calum-

264 2687 314 2713 nim
329 2691 390 2716 tuae,
406 2687 469 2713 dum
484 2687 572 2713 adhuc
585 2693 660 2713 esses
678 2687 703 2713 in
718 2686 839 2717 Oriente,
855 2687 1007 2721 respondet,
1021 2691 1049 2712 et

265 2732 464 2765 apertissimum
494 2733 663 2759 mendacium
686 2733 778 2762 Hibera
814 2732 934 2759 veritatis
960 2732 1050 2759 fronte

265 2776 402 2810 confutet;
416 2779 463 2812 det
478 2778 503 2804 in
517 2778 596 2813 epist.
612 2779 656 2810 62,
685 2780 717 2806 ad
733 2778 923 2813 Theophilum,
933 2786 993 2812 cap.
1007 2778 1024 2804 2
1040 2785 1046 2802 :

269 2832 277 2846 ι
293 2821 342 2848 Sex
360 2823 442 2850 millia
463 2822 586 2858 Origenis
612 2829 699 2853 tomos
714 2832 766 2852 non
786 2829 891 2860 poterat
906 2825 1047 2861 quisquam

1104 222 1200 245 testem
1224 216 1303 251 hujus
1319 217 1462 249 sermonis,
1476 223 1556 251 quam
1579 221 1714 243 auctorem
1729 223 1789 243 esse
1803 225 1866 244 men-

1103 264 1196 292 titum.
1212 273 1221 290 ι
1240 263 1324 298 Negat
1341 263 1519 298 Hieronymus
1531 262 1629 289 dixisse
1643 261 1818 297 Epiphaniutn
1829 270 1867 290 sex

1102 310 1233 337 librorum
1250 309 1374 345 Origenis
1398 309 1482 336 millia
1503 316 1517 335 a
1541 315 1570 335 se
1587 309 1670 341 lecta;
1687 309 1742 335 imo
1765 316 1823 335 vero
1836 313 1868 336 tot

1101 355 1136 382 ab
1154 353 1270 390 Origene
1291 362 1408 389 unquam
1425 353 1507 380 fuisse
1532 352 1631 387 scripta
1646 357 1743 388 negat;
1760 353 1868 388 quamvis

1102 401 1129 429 id
1144 406 1233 429 tamen
1250 401 1435 436 percrebuisse
1450 400 1614 434 Epiphanius
1629 404 1743 428 asserat.

1137 448 1206 481 Quid
1218 447 1268 474 sibi
1281 446 1373 473 volunt
1391 446 1472 480 igitur
1484 445 1553 473 Beda
1570 445 1596 472 in
1617 444 1686 472 libro
1703 444 1742 471 De
1757 453 1800 472 rex
1812 450 1868 472 cta-

1102 494 1170 520 tilma
1186 493 1290 526 mundi,
1312 493 1370 520 Ade
1385 492 1559 524 Viennensis,
1581 491 1750 518 llermannns
1764 491 1865 518 Contra-

1103 542 1175 570 ctus,
1205 537 1343 565 Marianus
1362 537 1458 564 Scotus
1480 540 1507 564 et
1528 535 1665 563 Conradus
1680 535 1868 570 Urspergensis,

1101 587 1163 610 eum
1189 582 1380 618 Hieronymum
1403 582 1518 616 quodam
1543 581 1602 609 loco
1623 581 1766 616 scripsisse
1797 581 1868 613 aiunt,

1102 629 1220 663 quinque
1234 628 1315 656 millia
1335 627 1465 655 librorum
1479 627 1602 662 Origenis
1617 625 1710 654 fuisse‘
1723 625 1772 653 sibi
1797 626 1870 658 perte-

1101 675 1170 703 cta?
1196 674 1327 702 Martinus
1350 680 1414 701 vero
1439 673 1555 701 Polonus
1578 677 1605 700 et
1628 672 1716 700 Guido
1742 671 1868 699 Carmelita

1106 728 1155 749 sex
1170 720 1275 748 millia?
1296 720 1364 754 Quid
1389 720 1460 755 apud
1486 719 1556 746 hunc
1581 718 1733 746 Guidoncm
1752 717 1866 750 Isidorus,

1103 768 1150 803 qui
1161 768 1201 796 sic
1215 767 1368 802 loquentem
1384 766 1490 794 inducit
1502 765 1644 800 Origenem
1661 773 1668 791 :

1173 815 1301 845 Condere,
1313 815 1336 841 ei
1349 814 1445 845 credis,
1462 812 1551 840 studui
1564 815 1600 839 tot
1614 811 1702 838 millia
1716 811 1804 844 libros,

1171 850 1238 883 Quot
1250 850 1315 885 legio
1330 849 1421 876 minus
1436 848 1507 875 ducit
1524 848 1552 875 in
1568 855 1642 874 arma
1657 847 1749 873 uiros?

1104 908 1176 936 Sane
1189 907 1294 934 videtur
1310 906 1337 934 id
1352 909 1487 939 sumptum
1504 912 1537 932 ex
1559 903 1684 938 proxime
1708 902 1810 929 laudato
1826 902 1868 929 llu-

1104 954 1151 981 ﬁni
1173 953 1241 985 loco,
1260 953 1306 987 qui
1324 959 1384 979 cum
1405 951 1547 985 Epiphanii
1562 957 1659 977 nomen
1685 956 1739 976 non
1752 948 1866 980 exhibeat,

1104 999 1183 1027 facile
1202 1007 1263 1026 eum
1287 998 1321 1025 ad
1343 997 1536 1032 Hieronymum
1561 996 1715 1023 retulerunt
1737 994 1866 1029 scriptores

1104 1045 1153 1078 illi,
1167 1043 1392 1079 quemadmodum
1407 1043 1442 1070 ab
1454 1043 1566 1070 Erasmo
1580 1041 1678 1069 deinde
1696 1045 1722 1068 et
1734 1040 1866 1068 Genebrar-

1104 1091 1138 1119 do
1152 1091 1253 1119 relatus
1273 1094 1324 1118 est.
1347 1089 1423 1123 Quod
1440 1093 1529 1116 autem
1544 1089 1662 1123 quinque
1684 1087 1809 1114 librorum
1822 1086 1867 1113 mil-

1104 1137 1138 1165 lia
1155 1137 1276 1172 plerique
1292 1139 1398 1167 notant,
1412 1142 1474 1162 cum
1487 1142 1534 1162 sex
1555 1134 1601 1161 alii
1616 1137 1830 1165 commemorent,
1841 1139 1867 1159 ex

1103 1183 1250 1217 corruptis,
1268 1186 1298 1208 ut
1317 1181 1372 1209 fere
1387 1181 1426 1213 tit,
1444 1180 1603 1208 numerandi
1623 1179 1700 1207 notis
1712 1185 1798 1207 ortum
1808 1185 1867 1205 erro-

1105 1234 1161 1254 rem
1173 1231 1249 1261 puto.
1265 1226 1323 1254 Utri
1336 1230 1426 1253 autem
1442 1225 1647 1252 assentiendum
1662 1223 1807 1259 potius,vel
1817 1222 1866 1250 Hie-

1104 1279 1218 1307 ronymo
1241 1276 1281 1299 tot
1305 1271 1421 1305 scriptos
1441 1270 1474 1298 ab
1490 1270 1607 1306 Origene
1618 1270 1706 1298 libros
1722 1268 1866 1304 perneganti,

1103 1326 1138 1346 an
1163 1318 1312 1353 Epiphanio
1344 1317 1371 1345 id
1400 1317 1470 1352 vulgi
1495 1323 1621 1344 sermone
1650 1316 1720 1343 ferri
1745 1314 1865 1344 asscrenti.

1104 1364 1227 1400 equidem
1243 1363 1344 1391 nescio.
1362 1361 1447 1390 Fama
1461 1362 1572 1398 quippe.
1588 1361 1678 1388 futilis
1691 1366 1785 1388 auctor
1798 1370 1805 1388 :
1819 1360 1867 1386 llic-

1104 1409 1211 1445 ronymi
1227 1417 1293 1437 vero
1317 1409 1399 1436 inane
1423 1413 1629 1442 argumentum;
1647 1414 1713 1434 nam
1727 1406 1836 1442 quamvis
1846 1405 1864 1434 in

1104 1456 1238 1483 indicibus
1261 1455 1390 1482 librorum
1418 1454 1551 1488 Origenis,
1566 1461 1634 1488 quos
1661 1454 1691 1481 in
1717 1453 1794 1481 tertio
1816 1453 1864 1478 Vim:

1104 1501 1237 1536 Pamphili
1262 1501 1331 1529 libro
1371 1501 1504 1528 Eusebius
1534 1504 1734 1535 pertexuerat,
1761 1506 1808 1526 non
1830 1506 1863 1524 sua

1102 1548 1187 1581 mille,
1201 1548 1248 1575 sed
1261 1555 1294 1575 ne
1307 1548 1385 1576 tertia
1399 1548 1506 1582 quidem
1519 1554 1582 1582 pars
1596 1551 1709 1581 reperta
1721 1545 1765 1577 sit,
1778 1544 1864 1571 nliuitac

1101 1592 1165 1620 hinc
1193 1591 1308 1620 ellicitur
1333 1598 1386 1618 non
1412 1591 1503 1626 plures
1530 1591 1563 1617 ab
1584 1590 1707 1625 Origene
1722 1588 1862 1616 lucubratos.

1100 1644 1180 1671 quam
1197 1640 1262 1671 quot
1278 1639 1452 1663 recensuerat
1466 1634 1607 1662 Eusebius.
1633 1634 1706 1660 Pars
1727 1633 1809 1666 aliqua
1821 1631 1863 1665 jam

1101 1682 1291 1714 interciderat;
1305 1688 1367 1715 pars
1383 1680 1466 1716 ipsius
1473 1678 1600 1715 eiIngerat
1613 1679 1782 1713 diligentiam
1794 1687 1800 1704 :
1817 1677 1864 1704 licet

1101 1728 1172 1756 enim
1183 1727 1229 1755 lib.
1243 1735 1269 1754 vt
1289 1727 1402 1759 Hirtam,
1418 1734 1478 1761 cap.
1491 1725 1534 1758 3‘2,
1552 1732 1715 1752 accuratum
1730 1731 1815 1751 eorum
1829 1730 1863 1749 ca-

1102 1775 1220 1810 talogum
1241 1773 1360 1801 texuisse
1380 1779 1409 1800 se
1429 1772 1539 1804 scribat,
1560 1779 1613 1798 nou
1626 1778 1730 1806 omnes
1746 1775 1824 1796 tamen
1838 1767 1861 1794 ad

1101 1820 1186 1855 ipsius
1200 1820 1324 1847 notitiam
1338 1818 1498 1854 pervenisse
1508 1817 1683 1846 crediderim.

1138 1865 1176 1893 Ne
1190 1865 1251 1900 quis
1263 1872 1329 1892 vero
1345 1868 1454 1892 censeat
1467 1871 1515 1891 sex
1532 1862 1576 1890 illa
1601 1862 1734 1890 librorum
1757 1861 1836 1892 millia,
1847 1859 1862 1886 si

1101 1912 1180 1939 modo
1206 1911 1316 1939 totidem
1344 1910 1378 1937 ah
1400 1909 1516 1946 Origene
1556 1909 1649 1944 scripti
1668 1914 1743 1940 sunt,
1767 1906 1861 1943 ingentia

1100 1959 1223 1992 quaedam
1254 1957 1390 1985 volumina
1421 1956 1524 1988 fuisse,
1557 1955 1710 1989 cujusmodi
1735 1959 1794 1990 puta
1812 1959 1862 1987 opus

1100 2009 1191 2029 contra
1219 2001 1334 2033 Celsum,
1352 2002 1394 2028 \el
1415 2008 1481 2036 opus
1496 2000 1564 2035 Περὶ
1582 1999 1698 2035 ἀρχῶν,
1712 2000 1751 2026 vel
1779 1998 1831 2026 tonti
1844 1997 1862 2022 in

1099 2048 1240 2080 Joannem,
1258 2048 1299 2075 vel
1313 2047 1430 2074 homilias
1448 2047 1476 2074 in
1487 2046 1599 2075 Lucam.
1618 2046 1748 2081 Epistolas
1762 2044 1860 2080 singula.

1100 2094 1198 2129 singuli
1215 2093 1290 2125 tomi,
1310 2093 1422 2128 singulae
1453 2093 1579 2124 homilia‘,
1602 2100 1653 2120 suo
1677 2099 1788 2127 qumque
1804 2089 1861 2117 titulo

1100 2146 1127 2167 et
1146 2141 1253 2168 nomine
1281 2140 1307 2167 in
1334 2140 1406 2168 hunc
1429 2147 1539 2166 censum
1567 2144 1722 2171 venerunt;
1744 2143 1815 2172 atque
1835 2136 1860 2162 iu

1102 2185 1181 2213 facile
1198 2186 1292 2220 ingens
1316 2185 1361 2213 ille
1376 2193 1505 2213 numerus
1520 2185 1631 2220 prodiit,
1647 2184 1695 2219 qui
1714 2193 1763 2212 nec
1774 2186 1860 2217 superat

1101 2232 1193 2265 fidem,
1224 2239 1273 2260 nec
1301 2231 1377 2259 valde
1405 2232 1537 2260 mirabilis
1557 2235 1607 2259 est.
1637 2231 1738 2259 Fertur
1759 2230 1860 2264 Didymus

1100 2276 1301 2305 Alexandrinus
1313 2278 1506 2313 grammaticus
1529 2277 1561 2304 ad
1577 2277 1628 2304 tria
1644 2277 1731 2304 millia
1746 2277 1859 2303 librorum.

1100 2328 1128 2350 et
1144 2322 1306 2358 quingentos
1323 2323 1474 2357 scripsisse.
1497 2322 1596 2350 Narrat
1609 2322 1747 2358 Georgius
1765 2321 1859 2349 Alexan-

1102 2368 1196 2396 drinus
1212 2369 1275 2403 pios
1289 2370 1418 2403 quosdam
1437 2369 1510 2396 viros
1527 2373 1586 2403 post
1606 2368 1787 2403 Chrysostomi
1804 2374 1858 2393 mor-

1103 2419 1167 2448 tem,
1180 2414 1306 2442 homilias
1320 2415 1378 2449 ejus
1393 2414 1566 2449 octingentas
1577 2421 1658 2449 supra
1671 2419 1783 2449 quatuor
1795 2411 1856 2438 millr.

1101 2468 1163 2488 eum
1178 2468 1272 2488 omnes
1291 2468 1343 2488 non
1359 2465 1479 2495 possent,
1497 2461 1522 2487 in
1542 2468 1623 2487 unum
1643 2459 1790 2494 collegisse.
1804 2457 1856 2483 Tan-

1102 2512 1156 2534 tam
1175 2514 1240 2534 vero
1266 2506 1395 2534 librorum
1420 2505 1606 2542 Chrysostomi
1635 2505 1754 2540 ejusdem
1776 2503 1856 2537 copiam

1101 2553 1186 2581 fuisse
1206 2553 1286 2581 tradit
1302 2553 1412 2585 Suidas,
1426 2557 1455 2580 ut
1476 2560 1615 2580 numerum
1629 2555 1784 2588 superarent
1797 2557 1803 2575 :
1816 2553 1855 2574 tum

1101 2600 1177 2634 quasi
1203 2607 1259 2627 rem
1289 2607 1341 2626 non
1362 2600 1429 2627 satis
1452 2599 1643 2634 significasset,
1672 2592 1855 2625 διίόίιετὼνδὲ

1102 2645 1324 2681 συγγραμμάτων
1345 2645 1427 2672 αὑτοῦ
1450 2645 1608 2678 καταλέγειν
1622 2644 1668 2671 τὸν
1691 2641 1806 2679 ἀριθμὸν,
1819 2638 1854 2664 εἰκ

1102 2691 1254 2726 ἀνθρώπου,
1273 2691 1341 2717 Θεοῦ
1357 2692 1385 2717 δὲ
1400 2690 1499 2726 μᾶλλον
1511 2690 1558 2717 τοῦ
1583 2690 1617 2717 τὰ
1635 2690 1724 2717 πάντα
1735 2686 1852 2722 γινώσκον-

1102 2744 1158 2767 τος.
1179 2736 1264 2770 tEjus
1280 2744 1344 2764 vero
1372 2736 1588 2764 lucubrationum
1614 2741 1754 2762 recensere
1781 2735 1851 2758 nume-

1103 2789 1174 2814 rum,
1193 2790 1245 2809 non
1269 2782 1397 2814 hominis,
1417 2783 1462 2810 sed
1477 2782 1523 2810 Dei
1550 2783 1639 2817 potius
1652 2787 1707 2812 est.
1725 2780 1766 2814 qui
1784 2775 1849 2804 omnia

1102 2827 1250 2862 cognoscit.
1267 2837 1275 2854 ι
1298 2827 1396 2855 Fertur
1414 2827 1571 2856 Theodorus
1597 2827 1790 2861 lilopsuestcnus
1806 2820 1847 2854 Nl“
