1927 3076
99 120 168 147 ΙΙδῢ

534 118 816 151 ΟΒΙΟΕΝΙᾸΝΟΠΗΜ
833 119 895 151 LIB.
916 118 960 157 ill,
982 124 1057 152 CAP.
1075 124 1107 158 ll,
1127 124 1222 152 SECT.
1243 125 1264 152 Ι.

1640 125 1708 154 “90

98 187 177 213 quant
196 179 286 207 decem
299 178 464 206 voluminum
487 178 571 206 millia
592 179 719 212 edidisse,
734 179 875 216 Raymun-
891 186 914 212 Α
931 181 1110 217 Hieronymus
1133 182 1158 209 in
1187 181 1322 209 Prooemio
1355 181 1537 208 Traditionum
1570 181 1708 210 llebraicn-

97 225 147 252 dus
161 232 224 252 vero
245 224 346 252 Lullius
361 224 420 259 plus
437 231 517 258 quam
533 229 660 258 quatuor.
679 224 766 252 Causa
794 225 878 259 igitur

96 278 152 298 non
177 274 236 298 erat
256 278 303 296 cur
321 278 368 297 sex
394 269 467 297 mille
491 269 575 297 libros
597 270 631 297 ab
655 269 771 304 Origene
794 271 878 298 fuisse

96 314 211 348 scriptos
233 319 287 341 tam
308 314 451 348 praefracta
473 314 675 342 asseveratione
697 314 878 350 Hieronymus

96 358 283 392 inticiaretur;
304 366 366 386 cum
390 366 451 386 eum
473 359 621 393 praesertim
635 359 835 387 fateaturmille
851 364 878 387 et

95 411 130 432 eo
145 403 259 440 amplius
274 409 403 432 tractatus
423 405 449 432 in
468 404 586 432 Ecclesia
607 405 690 432 fuisse
713 404 840 438 locutum,
852 409 879 433 et

95 449 307 477 innumerabiles
329 454 460 483 prmterea
490 454 577 477 tomos
602 449 729 477 edidisse.
754 449 875 478 [ndicem

92 502 178 529 porro
198 494 325 522 librorum
350 495 443 530 ipsius,
462 501 523 530 post
546 494 701 528 Eusebium,
724 495 794 523 idem
810 503 878 530 quo-

92 547 150 573 que
185 539 396 568 concinnaverat
424 539 605 576 Hieronymus
638 540 666 568 in
691 541 874 570 voluminibus

91 585 281 620 epistolarum,
297 593 365 620 quas
385 587 417 614 ad
433 586 541 614 Paulam
564 585 723 621 scripserat;
735 592 762 615 et
777 587 872 622 Orige-

91 639 157 659 ncm
166 639 226 659 cum
237 631 366 665 Varrone,
375 633 432 660 viro
440 632 605 668 πολυγράφῳ
613 632 774 665 contulerat,
783 637 811 660 ut
819 633 878 668 ipse

91 678 129 706 de
145 686 174 705 se
187 683 299 706 testatur
316 679 342 706 in
361 679 428 706 libro
447 678 485 705 De
498 680 617 713 scriptor.
639 679 739 712 κείω..
758 686 817 713 cap.
832 678 875 706 85.

131 725 178 752 Vl.
197 725 327 752 Caeterum
345 732 407 752 cum
427 725 498 752 circa
513 724 596 753 libros
616 732 708 753 sacros
725 725 801 752 labor
816 723 878 752 Ori-

91 769 182 804 genis,
196 774 223 796 et
245 768 377 796 industria
411 768 581 804 putissimum
608 774 715 796 versata
740 769 795 802 sit,
819 776 874 797 non

92 816 192 842 eadem
219 815 337 842 editione
357 815 383 842 in
408 814 441 842 iis
466 815 673 850 interpretandis
692 822 755 842 usus
766 818 809 842 est
826 822 834 841 :
849 814 877 841 in

92 861 218 889 homiliis
231 861 362 896 siquidem
374 867 440 895 quas
456 861 489 888 ad
501 860 590 895 populi
600 864 707 894 captum
721 866 876 887 accommo-
893 877 915 905 Β

91 907 189 940 dabat,
218 907 362 934 editionem
390 906 552 941 sequebatur
582 913 771 937 communem,
795 911 876 939 quam

93 961 147 981 usu
158 952 317 988 quotidiano
332 952 447 988 populus
473 951 647 985 conterebat;
663 950 690 977 in
709 951 788 978 tomis
810 957 873 978 vero

92 998 256 1026 llebraicam
269 999 419 1031 veritatem,
430 997 550 1032 aliasque
561 997 697 1025 editiones
706 995 875 1024 consulebat.

930 233 1008 253 rum:
1024 235 1033 252 ι
1047 227 1083 253 De
1110 226 1270 254 Adamantio
1290 231 1379 254 autem
1402 226 1487 260 sileo,
1512 227 1589 262 cujus
1612 235 1708 255 nomen

929 271 961 306 (si
983 278 1066 306 parva
1080 271 1144 299 licet
1157 278 1320 306 componere
1341 271 1455 306 magnis)
1472 279 1533 299 meo
1545 274 1654 300 nomine
1671 274 1709 300 lti-

928 317 1060 345 vidiosius
1077 317 1272 352 est:qui'cum
1301 317 1327 344 in
1351 317 1470 345 homiliis
1496 317 1563 350 suis,
1586 326 1654 353 quas
1675 319 1709 346 ad

929 362 1036 397 vulgum
1051 362 1185 398 loquitur,
1199 369 1370 390 communem
1395 363 1540 390 editionem
1565 368 1710 397 sequatur;

929 409 955 435 in
982 409 1070 439 tomis.
1086 408 1112 435 id
1134 413 1175 436 est
1197 408 1223 435 in
1252 408 1429 442 disputatione
1453 408 1548 443 majori
1576 408 1709 436 llebraica

929 453 1044 480 veritate
1069 453 1194 488 stipatus,
1214 457 1242 479 et
1261 459 1371 479 suorum
1389 453 1572 480 circumdatus
1595 454 1710 488 agmini-

929 498 991 531 bus,
1007 499 1142 526 interdum
1168 498 1266 533 lingua:
1285 498 1434 533 peregrina;
1457 499 1554 533 querit
1572 499 1682 526 auxilia.
1697 508 1708 525 ι

929 543 1061 577 Quocirca
1085 543 1233 578 Scriptura
1255 543 1410 571 testimonia
1425 543 1458 570 ab
1474 551 1505 571 eo
1525 551 1709 578 saepenumero

929 589 1007 617 aliter
1034 588 1117 616 relata
1143 589 1273 624 reperies,
1295 596 1327 616 ac
1345 588 1373 616 in
1394 589 1559 617 editionibus
1574 595 1706 624 concepta
1735 613 1739 620 .

930 637 1001 667 sunt,
1024 640 1083 668 qua:
1108 633 1187 660 hodie
1210 633 1454 660 circumferuntur:
1474 635 1544 668 quod
1565 639 1591 661 ct
1607 642 1639 661 ex
1654 643 1709 662 me-

929 678 1022 706 morias
1046 679 1157 713 perﬁdia
1176 678 1320 713 aliquando
1340 679 1462 714 contigit.
1475 679 1528 706 Par
1545 679 1571 706 in
1588 680 1708 714 Evange-

929 722 1024 750 liorum
1037 723 1205 758 depromptis
1226 723 1260 750 ab
1273 729 1305 751 eo
1317 723 1385 750 locis
1402 723 1547 751 discrimen
1567 724 1708 757 occurrit;

929 776 990 796 nam
1013 773 1194 803 przeterquam
1219 768 1291 803 quod
1314 768 1449 796 variantes
1493 776 1556 796 suas
1583 768 1710 797 lectiones

929 814 996 842 Novi
1017 821 1123 849 quoque
1139 813 1304 842 Testamenti
1327 814 1435 842 codices
1456 814 1600 846 habebant,
1615 819 1644 841 ut
1661 815 1710 842 lio-

928 859 1024 893 dieque
1035 859 1152 891 habent;
1168 858 1294 886 utebatur
1313 858 1347 886 ad
1361 859 1424 886 hinc
1435 865 1621 893 sa'penumero
1639 859 1711 886 Ada-

930 904 1054 932 mantius
1073 903 1218 938 Evangelio
1237 904 1383 932 secundum
1414 904 1551 936 llebrmos,
1579 909 1606 931 ut
1627 904 1710 931 tradit

930 950 1109 985 llleronymus
1124 949 1149 976 in
1159 949 1269 984 “lu-De;
1277 950 1370 983 script.
1395 950 1495 980 eules"
1514 957 1573 984 cap.
1590 949 1617 982 4,
1631 954 1710 985 atque

930 994 992 1022 inde
1009 994 1220 1030 discrepantiam
1241 994 1313 1022 illam
1336 995 1473 1022 exstitisse
1494 995 1619 1030 conjicio.

94 1101 1705 1117 HW

756 1199 944 1245 CAPUT
974 1199 1042 1243 II.

605 1297 755 1338 Origenis
776 1296 937 1337 exegetica
958 1299 989 1329 et
1008 1301 1201 1339 ὲρμηνευτικά.

128 1446 240 1484 (ΞΑιητιε
252 1453 361 1475 εεευκυι
374 1453 562 1484 narrum—7
576 1447 747 1476 Sectionibus
768 1448 855 1476 tribus
867 1448 883 1476 b

934 1453 1016 1484 caput
1027 1449 1195 1477 'continctur.
1216 1447 1236 1476 l.
1252 1447 1334 1484 Varia
1348 1447 1569 1483 Origenianorum
1583 1448 1710 1484 ἐξηγητι-

91 1481 151 1508 κῶν
166 1489 264 1516 genera
283 1487 485 1520 percensentur.
501 1483 533 1520 ll.
548 1483 661 1520 _Singula
677 1484 800 1518 Origenis
816 1481 982 1520 ὲξηγητικὰ“,
1001 1492 1114 1520 quorum
1139 1484 1245 1518 quidem
1271 1484 1304 1520 ad
1324 1481 1487 1520 hanc'diem
1515 1481 1643 1510 memoria
1661 1481 1711 1520 ἐιμ-

91 1522 206 1555 peras},
223 1522 423 1555 e_n_umerantur_.
444 1517 653 1555 ll_l._Agitur_de
671 1517 816 1555 exegetieis
835 1517 900 1555 qua!
914 1517 1058 1555 supersunt
1070 1539 1078 1550 .
1097 1517 1185 1553 deque
1204 1519 1317 1555 vetustis
1341 1518 1459 1555 ipsorum
1477 1518 1709 1555 interpremtioni-

89 1553 154 1578 bus.
174 1550 217 1578 IV.
232 1551 388 1586 Disputatur
404 1552 436 1580 de
452 1550 575 1588 Origeitis
596 1550 742 1588 Tetraplif,
761 1550 889 1589 Πρεαριὶε
902 1572 910 1586 ,
925 1550 955 1582 ei
967 1554 1085 1590 Octaplis
1107 1550 1194 1589 deique
1206 1554 1320 1589 vulgata
1345 1550 1462 1581 editione
1475 1550 1649 1590 Septuaginta
1666 1553 1710 1580 In-

91 1590 253 1620 terpretum.

112 1737 192 1760 VARIA
211 1738 429 1760 OHlGENMNORUI
447 1740 650 1762 EXEGETlGORUK
669 1740 773 1761 GENEIIA
784 1742 860 1762 'PER-

405 1775 566 1796 CENSENTUR.

91 1800 121 1829 ί.
137 1801 303 1835 Scriptura»:
322 1803 575 1844 sacr‘amldmbrosii
590 1809 683 1844 rogatu
697 1803 820 1844 Origenes
834 1803 877 1830 in-

128 1842 286 1873 terpretatus
306 1844 352 1865 est.
368 1837 545 1871 Confutantur
559 1837 687 1872 nonnulli,
706 1837 753 1872 qui
764 1839 877 1873 primum

130 1870 277 1907 ﬁeriplurw
296 1881 378 1900 sacrm
391 1870 553 1904 interpretem
573 1874 657 1907 ipsum
676 1870 874 1907 fuisse'volunt.

176 1906 335 1934 Dividunmr
351 1907 470 1942 origanis
483 1905 612 1941 exegeticu
628 1909 655 1934 in
668 1905 777 1940 scholia,
789 1908 875 1934 homi-

127 1940 179 1977 iifts
198 1946 223 1967 et
243 1947 341 1977 tomos;
361 1940 407 1968 IIII
425 1943 458 1977 der
474 1940 565 1976 quibus
586 1942 719 1976 sigillatim
734 1943 873 1977 quaeritur.

129 1974 175 2001 IV.
197 1976 265 2008 Quid
285 1979 335 2002 sint
355 1974 529 2011 σημειώίὲεις
548 1974 706 2009 disputatur.
722 1974 751 2006 νζ
772 1977 876 2011 Ἑρμη-

127 2011 248 2037 νευτικὰ
256 2019 319 2045 pars
341 2011 537 2045 Ἑξηγητιχῶν
559 2012 689 2046 Epistolas
703 2012 770 2039 inter
783 2018 875 2046 synta-

127 2052 218 2079 ymam
238 2046 405 2073 collocamus.
425 2046 466 2073 Vl.
486 2046 610 2081 Origenes
634 2047 798 2079 historicum,
818 2055 876 2081 my-

129 2084 226 2109 sticum
241 2085 265 2107 et
288 2081 413 2116 moralem
433 2089 536 2108 sensum
554 2083 710 2116 μένην-ηιρνὶ
725 2082 799 2108 solet.
821 2081 874 2108 VII.

128 2118 184 2144 Cur
202 2116 285 2142 minor
297 2116 324 2144 in
344 2115 416 2142 Novo
431 2124 508 2150 quam
524 2117 550 2143 in
569 2115 651 2143 Veteri
666 2115 828 2144 Testamento
842 2116 874 2143 ab

127 2151 266 2180 Ambrosio
281 2151 367 2177 dictus
379 2151 422 2184 sil,
443 2152 619 2186 investigatur.

137 2196 159 2224 Ι.
192 2195 343 2229 Antequam
383 2196 458 2222 varia
488 2195 710 2229 Origeuianorum
745 2195 874 2232 ἐξηγητι-

87 2243 149 2271 κῶν
167 2249 267 2278 genera
286 2248 470 2276 percenseam,
490 2246 649 2268 revocentur
672 2242 698 2269 in
718 2242 874 2269 memoriam

87 2295 152 2325 quae
166 2295 246 2323 supra
260 2292 349 2315 notata
362 2292 435 2319 sunt,
447 2287 479 2314 ad
495 2287 712 2321 iuterpretamlos
727 2287 875 2322 Scriptura:

88 2341 179 2362 sacra:
200 2332 298 2365 libros,
312 2332 448 2359 Ambrosii
464 2331 593 2364 consiliis,
610 2332 769 2359 auctoritate
785 2337 812 2359 ct
831 2340 875 2359 ro-

88 2383 155 2413 gatu
169 2377 312 2412 Origeuem
329 2378 411 2405 fuisse
424 2376 578 2411 impulsum,
595 2380 622 2403 et
640 2378 716 2410 quasi
738 2377 873 2409 adactum,
892 2368 912 2394 D

88 2428 121 2450 ut
136 2422 222 2450 amice
238 2423 272 2450 ab
287 2430 319 2451 eo
335 2423 391 2458 ipse
405 2420 555 2456 expOstulat
574 2421 601 2447 in
617 2420 822 2452 Commentariis
839 2421 874 2448 ad

88 2468 188 2503 psalm.
199 2476 217 2500 ι,
228 2476 300 2496 num.
309 2468 336 2502 2,
347 2476 373 2503 p.
382 2467 433 2495 526
443 2467 510 2503 (57),
519 2470 546 2494 et
555 2466 616 2494 utin
625 2466 740 2501 qttadam
749 2466 872 2501 cpistola,

89 2521 174 2549 quant
188 2514 314 2541 exhibent
328 2513 464 2541 Ccdrenus
479 2517 506 2541 et
525 2512 632 2544 Suidas,
648 2512 742 2539 leviter
754 2518 872 2546 conque‘

90 2561 171 2592 ritur,
186 2560 242 2595 (56)
255 2566 282 2588 et
297 2565 325 2587 ut
339 2561 396 2595 ipse
411 2560 505 2587 scribit
522 2559 680 2587 Ambrosius
703 2559 730 2586 in
753 2558 868 2593 epistola

88 2605 126 2633 ad
143 2605 296 2640 Origeiiem,
312 2613 390 2640 quam
407 2605 489 2633 refert
517 2605 694 2641 Hieronymus
714 2605 740 2632 in
758 2604 871 2640 epistola

88 2651 136 2685 18,
156 2651 190 2678 ad
202 2651 367 2678 Marcellam.

129 2722 183 2759 (56)
199 2724 232 2750 Ει
249 2727 275 2748 ul
294 2722 347 2756 ipse
365 2721 620 2759 seribit‘Ambrosius
641 2721 668 2747 in
692 2719 814 2759 Epistula
836 2719 870 2745 ad

91 2754 241 2793 Origeuem,
251 2754 330 2793 quam
342 2756 420 2793 refert
433 2754 676 2793 Hiero_nyni_us,etc.
690 2756 871 2790 Hieronymus

91 2795 119 2822 in
135 2790 185 2820 hac
202 2793 235 2818 ad
258 2790 409 2818 Marcellam
424 2791 534 2825 epistola
551 2790 593 2818 t3.
609 2790 749 2824 (incertum
763 2797 796 2817 an
815 2797 871 2816 me-

91 2829 185 2856 moriae
201 2827 298 2861 lapsu),
312 2824 453 2854 Ambrosio
467 2825 559 2853 tribuit
577 2826 661 2860 ipsam
677 2825 800 2858 Origenis
812 2824 870 2859 epi-

890 1701 912 1732 c
963 1696 1145 1727 Gonl'utandus
1162 1696 1258 1724 deinde
1269 1695 1342 1723 venit
1355 1695 1544 1723 nonnullorum
1559 1703 1645 1728 error,
1662 1696 1708 1731 qui

926 1744 1042 1780 primum
1057 1742 1200 1777 Origenem
1223 1741 1377 1776 Scripturas
1398 1741 1708 1782 fuisse_interpretatum

926 1789 1025 1817 litteris
1039 1787 1226 1823 prodiderunt.
1238 1786 1266 1813 ln
1277 1787 1319 1814 his
1330 1787 1424 1814 beatus
1437 1786 1582 1814 Rhenanus
1596 1788 1628 1814 ad
1641 1786 1707 1814 Her.

927 1842 1054 1862 manuum
1076 1833 1307 1868 archiepiscopum
1323 1831 1511 1860 Coloniensem
1538 1833 1574 1859 ita
1591 1833 1624 1860 de
1647 1833 1708 1860 Ori-

927 1887 994 1916 gene
1008 1880 1135 1908 disserit:
1154 1887 1164 1905 ι
1182 1879 1286 1913 Quippe
1301 1878 1347 1905 hic
1362 1878 1493 1913 scriptor,
1507 1885 1569 1905 eum
1582 1879 1652 1913 quod
1667 1879 1710 1906 in-

925 1926 1004 1962 genio
1021 1925 1265 1960 perspicacissimo,
1280 1916 1311 1950 et.
1326 1924 1436 1958 optimis
1459 1923 1608 1958 disciplinis
1621 1925 1708 1951 omni-

926 1971 1022 1998 fariam
1044 1969 1150 1997 exculto
1177 1969 1305 2004 prmditus
1333 1969 1398 2001 fuit,
1414 1973 1469 1996 tum
1491 1969 1561 2003 quod
1587 1969 1708 2004 improbo

924 2016 1012 2044 studio
1026 2016 1111 2043 sacris
1127 2014 1308 2042 monumentis
1323 2013 1488 2049 invigilavit,
1506 2015 1608 2048 primus
1630 2015 1707 2049 quasi

925 2062 1035 2096 glaciem
1060 2061 1140 2088 scidit
1166 2061 1242 2096 juxta
1270 2060 1462 2095 proverbium,
1487 2060 1512 2087 iu
1549 2061 1709 2088 enarrandis

926 2107 1073 2142 Scripturis
1088 2106 1196 2134 divinis.
1213 2105 1278 2139 Quae
1287 2113 1350 2133 vera
1369 2106 1435 2137 laus,
1451 2114 1587 2140 quamque
1600 2107 1707 2140 copiosa

926 2153 1056 2180 debeatur
1070 2151 1164 2186 primis
1175 2151 1324 2186 quibusque
1337 2159 1425 2178 rerum
1439 2149 1602 2185 optimarum
1616 2156 1710 2179 aucto—

925 2198 1016 2231 ribus,
1034 2197 1134 2224 nemini
1152 2197 1306 2232 ambiguum
1323 2201 1374 2224 est.
1394 2206 1403 2222 ι
1423 2197 1454 2224 Et
1470 2196 1561 2224 Sixtus
1583 2196 1710 2224 Senensis

926 2243 971 2271 lib.
995 2250 1021 2269 IV
1042 2242 1167 2269 Bibliotlt.
1198 2242 1243 2276 qui
1260 2241 1299 2269 sic
1314 2241 1370 2269 ait:
1391 2250 1400 2267 ι
1417 2241 1463 2268 llis
1480 2241 1613 2268 similibus
1635 2241 1711 2268 exciv

926 2287 1081 2315 tatiuncalis
1098 2287 1197 2321 ubique
1213 2287 1250 2314 uti
1271 2287 1371 2319 voluit,
1396 2291 1476 2321 prout
1493 2286 1607 2313 decebat
1623 2286 1709 2313 homi-

928 2340 986 2359 nem
1010 2339 1077 2366 pene
1101 2331 1303 2365 αὐτοδίδακτον,
1325 2336 1352 2358 et
1375 2331 1419 2366 qui
1444 2331 1547 2365 primus
1568 2338 1708 2366 aggressus

927 2382 998 2404 esset
1011 2377 1226 2411 explanationem
1241 2377 1360 2403 omnium
1380 2377 1533 2403 divinarum
1555 2376 1708 2411 Scriptura-
1735 2411 1737 2415 ν

927 2430 996 2455 rum,
1012 2423 1128 2449 nondum
1152 2423 1186 2450 ob
1204 2423 1340 2457 ingentem
1364 2429 1456 2449 earum
1479 2421 1659 2449 dillicultatem
1674 2422 1709 2450 ab
1734 2417 1739 2429 “

926 2468 1016 2503 aliquo
1029 2472 1198 2495 attentatam.
1220 2478 1230 2494 ι
1248 2469 1281 2496 Et
1293 2468 1482 2496 Genebrardus
1497 2468 1522 2495 in
1536 2467 1656 2502 Epistola
1673 2468 1708 2496 ad

925 2513 1051 2540 Carolum
1072 2512 1118 2544 IX,
1136 2513 1212 2546 cujus
1234 2514 1291 2541 bzec
1305 2515 1386 2541 verba
1413 2519 1474 2541 sttut
1493 2522 1500 2540 :
1527 2523 1536 2538 ι
1557 2512 1708 2548 Theologize

925 2558 1130 2594 liquidissimum
1147 2558 1227 2585 veluti
1252 2559 1442 2594 scaturiginem
1467 2559 1579 2593 aperuit,
1595 2564 1622 2587 et
1644 2567 1707 2586 cum

928 2604 996 2639 frugi
1021 2603 1064 2631 illo
1080 2603 1229 2631 Salomonis
1245 2604 1303 2630 viro
1327 2604 1458 2631 derivavit
1480 2604 1569 2631 fontes
1584 2612 1647 2632 suos
1663 2605 1706 2632 fo-

929 2659 982 2678 ras.
1002 2660 1012 2677 ›
1028 2649 1095 2676 Tum
1122 2650 1236 2677 deinde:
1266 2658 1275 2675 (
1293 2649 1325 2676 Et
1349 2657 1413 2677 sane
1435 2650 1569 2683 omnium,
1591 2657 1705 2685 quorum

925 2719 1033 2750 stolam,
1051 2726 1130 2753 quam
1147 2719 1274 2745 exhibent
1291 2719 1427 2747 Cedrcnus
1441 2724 1468 2747 et
1482 2720 1590 2752 Suidas,
1609 2728 1706 2754 quam-

925 2762 976 2789 que
999 2759 1071 2791 t_om_o
1087 2758 1185 2791 nostrm
1199 2754 1323 2791 editionis
1339 2762 1357 2784 ι,
1377 2762 1403 2788 p.
1422 2755 1454 2787 5,
1471 2760 1598 2790 tauquam
1612 2756 1706 2791 genui-

925 2788 986 2817 tiam
1006 2789 1088 2823 ipsius
1100 2788 1224 2821 Origenis
1244 2789 1389 2815 edidimus.

960 2822 1021 2858 (57)
1033 2822 1099 2851 Vide
1113 2828 1210 2851 nostra:
1223 2824 1358 2857 editionis,
1373 2829 1437 2852 tom.
1452 2823 1472 2858 l,
1486 2832 1546 2860 pag.
1560 2825 1588 2852 5.
