1927 3076
219 92 278 126 t‘tot

844 84 878 118 ἶ).
899 85 1057 119 ὀΑΝιΕιιε
1076 88 1192 120 HUETll

1764 86 1834 113 H92

219 159 323 195 quidem
337 157 363 185 in
375 156 465 185 divina
480 155 578 189 scripta
603 151 789 180 commentarii
812 155 927 185 exstent,
952 151 1002 180 fuit
1015 153 1095 184 Aliis
1114 153 1270 181 obscuriora
1296 157 1411 187 quasque
1432 148 1594 181 illustravit;
1618 146 1662 175 vel
1685 146 1720 173 ad
1745 145 1835 180 populi

218 204 431 241 antiquissimus.
449 211 459 228 ι
484 202 558 228 Itane
581 199 664 227 vero?
688 198 860 233 antiquiorne
877 198 999 232 Philone,

218 251 262 285 qui
289 254 328 278 tot
346 247 454 283 scriptis
474 246 608 281 hodieque
629 245 823 280 superstitibus
849 244 1002 280 Scripturas

218 299 310 320 sacras
331 289 487 325 explanavit
504 288 516 315 ’ἒ
541 287 713 322 antiquiorne
734 286 884 321 Theophila
905 287 1002 314 Antio-

214 338 313 370 clieno,
324 335 401 371 cujus
415 338 523 362 exstant
533 333 728 361 commentaria
742 332 769 359 in
790 337 905 367 quatuor
915 331 1003 359 Evan-

218 383 310 420 gelia?
325 381 494 410 Vetustiores
510 387 617 415 quoque
629 376 741 406 luerunt
758 378 803 405 illo
820 377 912 406 Melito
925 378 1004 405 Asia-

218 437 280 460 nus,
295 428 340 464 qui
364 427 461 454 librum
476 427 622 461 scripserat
643 425 677 452 de
693 424 852 460 Apocalypsi
872 423 1002 457 Joannis;

218 480 245 503 et
263 475 387 507 Rhodon,
400 478 427 501 et
440 473 586 505 Candidus,
600 476 627 500 et
640 471 755 506 Appian,
769 470 816 506 qui
832 475 963 500 tractatus
977 471 1003 497 in

218 521 403 549 Hexaemeron
425 518 560 555 sigillatim
574 521 800 552 composuerunt;
815 521 842 544 et
851 515 945 549 ludas,
957 516 1004 551 qui

219 569 253 596 de
277 567 447 601 septuaginta
471 564 540 600 apud
556 563 692 591 Danielem
711 562 922 594 hebdomadibus
937 561 1005 590 scri-

218 615 281 650 psit.
296 613 389 648 itaque
409 611 570 641 Ambrosius
588 610 622 638 ad
645 609 716 645 psal.
731 617 825 642 cxvm,
847 609 894 642 28,
911 607 1006 642 Orige-

219 667 281 687 nem
304 659 341 686 ait
361 667 370 684 ι
388 657 532 685 multorum
556 655 794 690 interpretationes
815 654 934 689 diligenti
949 654 1005 682 dis-

219 705 338 733 cussisse
352 704 495 738 indagine:
514 713 522 729 ι
539 709 608 736 quos
621 705 649 728 et
662 707 733 734 saepe
748 700 844 728 citatos
860 700 929 733 apud
942 706 1005 727 eum

222 750 359 786 reperias:
378 750 449 777 velut
475 748 568 777 homil.
582 748 616 775 l5
641 747 670 774 in
694 745 801 778 Genes.,
823 753 899 772 num.
922 745 949 777 7,
962 745 1006 772 ubi

222 796 261 823 ait
279 805 285 823 :
306 804 315 821 ι
335 795 411 822 Nunc
430 794 539 822 interim
555 801 608 821 non
625 792 762 820 videbitur
781 791 883 825 absque
904 791 1007 818 ratione

216 842 286 874 dici,
307 841 383 876 quod
407 840 596 875 etvprioribus
620 839 721 866 nostris
744 836 904 872 quibusdam
920 836 1006 864 visum
1024 828 1044 857 Β

222 892 281 920 est,
306 887 473 922 prophetiam
496 885 641 921 quamdam
669 884 696 912 in
719 884 772 911 hoc
787 882 954 918 designatam
969 881 1009 909 vi-

222 934 290 962 deri.
310 943 319 960 ι
345 933 378 960 Et
400 932 495 960 homil.
516 932 588 959 l3in
605 931 787 963 Ezod.,num.
804 928 844 956 5:
864 937 874 954 ‹
891 927 1009 955 Arietem

222 980 305 1008 etiam
320 983 383 1006 ante
401 986 450 1006 nos
467 978 577 1012 quidam
594 984 644 1013 pro
659 975 751 1003 furore
770 978 927 1010 posuerunt.
945 982 956 999 ι
978 972 1011 1001 Et

223 1024 317 1052 homil.
332 1024 349 1052 8
371 1024 399 1051 in
413 1023 507 1056 I.evt'l.,
526 1029 602 1049 num.
615 1021 631 1048 6
644 1030 650 1048 :
664 1030 674 1047 ι
689 1021 727 1048 De
742 1021 792 1048 hoc
807 1020 916 1055 quidam
929 1019 1011 1046 etiam

225 1077 288 1100 aute
310 1078 354 1099 me
370 1072 506 1098 dixerunt.
521 1078 531 1096 ι
551 1069 583 1096 Et
602 1067 697 1096 homiL
715 1067 731 1095 9
746 1068 773 1094 in
781 1065 876 1099 Nnm.,
894 1073 969 1094 num.
983 1065 1011 1093 5:

227 1128 237 1145 ι
258 1118 372 1152 Quidam
396 1122 485 1144 tamen
512 1123 545 1143 ex
570 1115 602 1142 iis
625 1113 670 1149 qui
687 1117 751 1140 ante
773 1120 824 1140 nos
844 1112 1012 1147 interpretati

225 1169 289 1192 sunt
309 1164 398 1192 locum
416 1164 487 1190 hunc
500 1181 508 1195 ,
526 1160 636 1188 memini
656 1159 727 1195 quod
753 1164 874 1186 mortuos
888 1158 1014 1187 dixerunt

227 1219 286 1243 eos.
301 1210 348 1245 qui
364 1210 503 1236 nimietate
527 1208 661 1236 scelerum
686 1206 712 1234 in
731 1205 849 1241 peccatis
865 1204 963 1231 mortui
977 1203 1016 1230 in-

228 1257 393 1292 telliguntur.
405 1265 413 1282 ι
425 1255 457 1282 Ει
474 1254 565 1282 homil.
577 1253 612 1280 26
633 1260 701 1288 seq.,
721 1260 795 1279 num.
811 1251 828 1278 4
844 1258 851 1277 :
866 1259 877 1277 ε
896 1249 1015 1292 Ειειιιιίιὶ

228 1304 261 1331 de
273 1290 390 1337 Egypto
404 1301 517 1336 figuram
534 1301 640 1328 duobus
656 1298 742 1326 modis
765 1297 866 1333 accipi,
884 1304 899 1324 a
916 1290 1016 1332 priori-

229 1350 279 1377 bus
292 1348 392 1375 nostris
403 1368 411 1381 ,
429 1352 456 1374 et
470 1355 484 1373 ιι
510 1346 587 1373 nobis
609 1352 681 1380 saepe
700 1344 756 1380 jam
772 1344 873 1371 dictum
887 1347 938 1370 est.
957 1352 967 1368 ι
983 1342 1024 1372 Et

230 1394 323 1423 homil.
340 1395 356 1422 8
372 1394 400 1420 in
413 1393 515 1425 Judic.,
532 1399 605 1419 num.
623 1391 640 1418 4
659 1400 665 1417 :
689 1399 698 1416 ι
710 1389 816 1417 Memini
828 1389 910 1417 etiam
924 1395 1017 1424 quem-

230 1441 291 1468 dam
304 1447 337 1467 ex
351 1436 595 1474 prmdecessoribus
613 1437 714 1464 nostris
732 1436 758 1462 in
781 1435 878 1462 libellis
893 1435 950 1462 suis
965 1434 1018 1461 vel-

232 1494 273 1525 |us
299 1486 366 1512 laute
392 1484 518 1520 populum
544 1483 645 1510 dixisse
671 1481 763 1509 Israel.
782 1490 791 1507 ι
819 1481 853 1508 Ει
875 1480 966 1508 homil.
985 1480 1016 1507 ll

226 1535 262 1564 in
271 1532 462 1564 Jercm.,,num.
477 1530 505 1561 2,
518 1528 605 1556 ταῦτα
620 1528 648 1555 δὲ
665 1528 711 1555 καὶ
727 1527 780 1563 πρὸ
792 1527 871 1563 ἡμῶν
882 1526 955 1559 ἄλλοι.
964 1526 1021 1562 διη-

232 1579 360 1615 γήσαντο.
376 1577 408 1604 Ει
425 1576 517 1604 homil.
532 1575 577 1608 14,
593 1582 652 1609 seq.
669 1582 743 1601 num.
760 1574 795 1606 5,
815 1573 870 1600 τῶν
886 1573 938 1609 πρὸ
953 1572 1020 1609 ἐμοῦ

232 1625 262 1652 δέ
288 1633 330 1656 τις
356 1622 471 1650 ἐπέϐαλε
489 1621 528 1657 τῷ
552 1621 637 1656 τόπῳ.
664 1620 697 1647 Ει
721 1625 786 1648 tom.
819 1627 836 1647 Χ
859 1620 887 1646 in
911 1619 1039 1651 Mallh.,'

234 1679 308 1698 num.
337 1669 392 1702 22,
420 1676 481 1704 pag.
510 1667 584 1700 ﬁl,
613 1667 730 1703 ἐτήρησε
753 1666 802 1702 μὶν
829 1663 875 1693 οὖν
904 1674 946 1697 τις
963 1665 1025 1701 κπρὺ

234 1715 321 1753 ἡμῶν.
337 1716 370 1743 Et
384 1714 484 1750 passim
498 1714 524 1741 in
539 1697 741 1741 Comma-uariis
753 1697 782 1739 in
797 1712 927 1739 Joannem
940 1697 1022 1740 Ηυξ·
1035 1697 1038 1706 γ

235 1763 359 1791 cleonem
372 1761 542 1792 haereticum,
559 1760 636 1794 hujus
650 1758 823 1794 evangelista:
846 1758 1020 1792 interpretem

237 1810 397 1837 insectatur.
413 1807 464 1841 Qui
483 1815 548 1842 ergo
572 1806 632 1834 aliis
658 1805 692 1832 ad
715 1804 870 1840 Scripturas
891 1804 1023 1837 interpre-

238 1856 332 1883 tandas
351 1854 481 1889 Origenes
497 1854 568 1880 viant
583 1852 723 1888 prteivisse
739 1851 793 1879 dici
810 1849 916 1885 potest?
930 1849 964 1877 At
976 1856 1023 1878 ex~

237 1902 327 1928 cusari
359 1904 447 1936 potest
473 1899 545 1934 quod
570 1899 608 1929 ait
632 1897 726 1925 Sixtus
751 1896 881 1925 Senensis
907 1895 968 1923 libr.
996 1901 1023 1921 tv

238 1946 383 1975 Biblioth.:
397 1955 407 1973 ι
429 1946 476 1975 llis
493 1943 626 1973 similibus
639 1941 858 1971 excitatiunculis
872 1940 971 1976 ubique
984 1940 1023 1966 uti

240 1994 341 2026 voluit,
371 1997 451 2028 prout
481 1992 593 2023 decebat
622 1989 758 2017 hominem
790 1994 858 2023 pene
885 1984 1023 2015 αὐτοδίδα-

240 2048 316 2072 κτον,
330 2043 357 2067 et
373 2039 418 2073 qui
433 2038 536 2073 primus
551 2043 694 2071 aggressus
717 2039 791 2062 esset
805 2032 1023 2068 explanationem

239 2086 361 2114 omnium
373 2084 526 2112 divinarum
543 2082 767 2116 Scripturarum,
788 2080 905 2107 nandum
928 2079 962 2106 ob
983 2077 1024 2105 in-

241 2137 346 2168 gentem
362 2138 456 2159 earum
472 2128 657 2157 dilIicullatem
670 2127 704 2155 ab
720 2127 811 2161 aliquo
824 2129 994 2152 attentatam.
1006 2131 1022 2154 γι

1034 1504 1056 1532 C

1051 205 1159 236 captum
1175 207 1235 228 sese
1251 199 1376 232 demisit,
1391 202 1420 226 et
1435 197 1551 225 selectas
1565 195 1698 230 quasdam
1712 193 1838 226 Scriptu-

1052 254 1089 274 ra;
1102 247 1244 282 pericopas
1258 245 1346 273 minus
1357 248 1484 272 accurate
1500 249 1547 277 per
1559 240 1688 269 homilias
1699 239 1838 274 exposuit.

1052 292 1230 328 Hieronymus
1250 291 1277 318 in
1295 291 1407 325 Prologo
1423 296 1478 317 suae
1492 286 1729 323 interpretationis
1750 285 1840 312 homi-

1053 340 1158 372 liarum,
1168 346 1236 373 quas
1248 338 1274 366 in
1287 337 1451 365 Ezechielem
1461 335 1590 371 Origenes
1600 333 1697 361 habuit
1709 341 1715 360 :
1735 341 1745 358 ι
1761 331 1841 364 illud,

1053 385 1148 421 inquit,
1164 385 1281 413 breviter
1305 385 1461 415 admonens,
1477 386 1507 410 ut
1532 382 1602 409 scias
1628 379 1759 415 Origenis
1773 385 1843 412 opu-

1053 431 1126 458 scula
1141 431 1168 457 in
1182 436 1289 457 omnem
1307 429 1476 463 Scripturam
1492 434 1552 455 esse
1573 425 1699 461 triplicia.
1718 424 1842 451 Primum

1053 475 1111 510 ejus
1132 477 1270 510 excerpta,
1283 480 1343 508 qua:
1361 473 1454 501 Graece
1475 471 1567 506 σχόλια
1584 472 1799 504 nuncupantur,
1815 466 1842 494 in

1053 521 1153 556 quibus
1169 527 1202 547 ea
1216 527 1275 555 qua:
1291 519 1340 546 sibi
1363 518 1522 546 videbantur
1544 516 1659 544 obscura
1685 518 1772 548 atque
1796 513 1845 539 ha-

1055 567 1119 594 bere
1143 566 1245 614 aliquid
1269 564 1454 595 diliicultatis,
1478 562 1644 592 summatim,
1666 559 1843 592 breviterque

1056 605 1221 648 perstrinxit.
1237 610 1392 638 Secundum
1414 608 1607 637 homiliaticum
1622 613 1728 640 genus.
1745 605 1780 632 de
1794 612 1846 638 quo

1056 663 1083 686 et
1095 664 1215 692 praesens
1226 655 1415 691 interpretatio
1428 653 1486 688 eius
1500 658 1550 681 est.
1564 652 1687 679 Tertium
1700 649 1776 685 quod
1790 649 1846 683 ipse

1057 703 1194 737 inscripsit
1207 702 1323 738 τόμους,
1340 708 1389 728 nos
1406 699 1540 727 volumina
1567 704 1715 733 possumus
1743 701 1845 722 nuncu-

1056 757 1134 786 pare,
1151 750 1178 777 in
1192 756 1246 784 quo
1260 755 1343 783 opere
1359 751 1413 775 tota
1428 745 1528 781 ingenii
1544 744 1586 772 sui
1601 742 1660 770 vela
1676 740 1847 777 spirantibus

1059 796 1144 823 ventis
1158 795 1247 827 dedit,
1271 798 1299 821 et
1314 792 1444 820 recedens
1465 799 1478 818 a
1499 795 1569 818 terra
1589 789 1616 816 in
1635 788 1759 815 medium
1778 786 1848 820 pela-

1059 848 1109 876 gus
1131 840 1243 875 aufugit.
1261 849 1271 865 ι
1286 839 1400 866 Ruﬁnus
1424 837 1451 865 in
1470 835 1585 870 Prologo
1610 831 1847 868 interpretationis

1059 894 1115 915 sua
1127 885 1385 914 Commentariorum
1400 881 1533 918 Origenis.
1548 881 1577 908 in
1598 878 1734 907 Numeros
1745 899 1753 911 ,
1770 883 1848 912 quem

1061 933 1127 961 mihi
1164 932 1228 960 olim
1258 931 1397 966 Blgotiana
1437 927 1599 956 bibliotheca
1634 923 1848 960 suppeditavit:

1055 990 1074 1006 -‹
1093 980 1262 1014 Quaecunque
1274 979 1301 1005 in
1319 977 1498 1008 Numerorum
1516 973 1596 1005 libro,
1608 973 1667 1000 sive
1681 970 1849 998 homiliatico

1063 1026 1150 1062 stylo,
1167 1025 1224 1053 sive
1238 1024 1319 1052 etiam
1334 1031 1368 1051 ex
1384 1023 1426 1050 his
1439 1028 1498 1056 quae
1519 1023 1645 1054 excerpta
1668 1016 1849 1052 appellantur,

1062 1073 1162 1108 scripta
1177 1072 1335 1107 reperimus,
1353 1070 1411 1098 haec
1435 1071 1600 1104 perurgente
1619 1070 1656 1098 te,
1675 1064 1802 1091 Romana
1824 1066 1852 1088 ut

1064 1119 1199 1156 potuimus
1214 1124 1280 1145 voce
1294 1124 1328 1144 ex
1342 1115 1458 1143 diversis
1477 1114 1505 1142 in
1520 1119 1601 1140 unum
1623 1110 1751 1138 ordinem
1774 1107 1852 1135 colle-

1031 1184 1035 1187 -
1065 1168 1107 1193 cta
1130 1162 1297 1235 digessimus.
1316 1170 1325 1187 ι
1342 1160 1375 1187 Ει
1395 1159 1474 1194 paulo
1488 1162 1567 1193 post:
1586 1165 1595 1182 ι
1617 1155 1696 1183 Scire
1719 1159 1813 1181 tamen
1830 1157 1853 1179 ιε

1065 1209 1135 1235 volo.
1170 1214 1251 1235 rater.
1273 1206 1344 1235 quod
1368 1206 1426 1233 haec
1442 1203 1527 1235 {lectio
1539 1203 1595 1229 vias
1613 1201 1726 1235 quidem
1751 1198 1853 1233 aperiat

1065 1209 1135 1243 volo,
1158 1198 1251 1241 l‘rater,
1273 1206 1344 1242 quod
1368 1206 1426 1233 haec
1442 1203 1527 1239 {lectio
1539 1203 1595 1229 vias
1613 1201 1726 1236 quidem
1751 1198 1854 1233 aperiat

1048 1255 1260 1293 ,_intel|igentia:,
1273 1260 1325 1280 non
1339 1257 1428 1280 tatnen
1443 1249 1581 1284 sigillatim
1595 1251 1692 1275 cuncta
1712 1252 1777 1280 qum
1790 1245 1854 1271 scri-

1068 1300 1112 1336 pta
1120 1289 1188 1328 sunt
1203 1299 1323 1329 disserat.
1340 1301 1371 1324 ut
1386 1296 1412 1323 in
1427 1293 1637 1329 explicationqu
1653 1291 1733 1318 libris
1749 1289 1853 1324 legisti:

1068 1334 1121 1383 quo
1137 1345 1240 1374 scilicet
1252 1344 1334 1371 etiam
1357 1342 1441 1369 lector
1462 1347 1515 1367 non
1533 1338 1660 1365 reddatur
1673 1336 1793 1365 otiosus.
1810 1334 1855 1361 sed

1067 1380 1169 1427 pungat
1177 1397 1224 1418 cor
1236 1395 1314 1417 suum
1329 1387 1364 1420 “,
1378 1387 1446 1414 sicut
1460 1385 1587 1418 scriptum
1603 1386 1662 1414 est.
1674 1386 1702 1408 et
1725 1380 1856 1416 producat

1056 1432 1187 1470 sensum,
1204 1441 1232 1464 et
1254 1435 1346 1463 audito
1369 1433 1453 1461 verbo
1467 1433 1548 1464 bono,
1564 1434 1595 1457 ut
1620 1429 1732 1464 sapiens
1750 1427 1857 1462 adjiciat

1072 1483 1105 1511 ad
1119 1483 1183 1511 illud
1197 1481 1229 1508 ".
1249 1490 1259 1508 ι

1108 1528 1150 1556 ιιι.
1165 1526 1271 1554 Scholia
1289 1526 1386 1554 breves
1400 1528 1477 1552 erant
1492 1526 1562 1550 notae
1574 1520 1727 1549 enodandis
1742 1519 1810 1546 locis
1824 1518 1859 1544 iu-

1072 1572 1267 1604 tricatioribus,
1284 1575 1312 1598 et
1337 1567 1548 1597 abstrusioribus
1569 1566 1697 1594 sensibus
1720 1563 1855 1594 emendis,

1072 1619 1165 1655 quales
1176 1618 1306 1646 habemus
1316 1616 1343 1643 in
1353 1622 1449 1644 omnes
1462 1614 1519 1641 fere
1531 1613 1640 1641 Graecos
1654 1617 1763 1647 poetas.
1796 1611 1856 1637 Ern-

1072 1672 1147 1692 smus
1170 1664 1208 1691 De
1226 1663 1309 1690 doclr.
1328 1666 1353 1688 et
1376 1660 1424 1688 lib.
1451 1659 1556 1695 Origen.
1574 1658 1663 1686 Otiola
1687 1658 1764 1685 reddi
1776 1657 1857 1692 jubet.

1073 1710 1165 1738 Sixtus
1176 1708 1304 1736 Senensis
1324 1707 1370 1734 lib.
1388 1713 1416 1734 ιν
1429 1705 1498 1732 Bibl.
1515 1704 1641 1739 exponit:
1661 1713 1671 1729 ι
1686 1703 1858 1734 Vacationes.

1072 1756 1129 1783 sive
1141 1755 1205 1786 alia,
1222 1754 1280 1782 sive
1303 1760 1351 1788 per
1369 1752 1455 1779 otium
1471 1756 1598 1784 excerpta
1611 1770 1619 1783 ,
1638 1749 1741 1784 quibus
1758 1750 1859 1784 quoties

1060 1802 1106 1835 Ind
1122 1801 1226 1837 plenam
1241 1797 1497 1827 commentationem
1514 1796 1598 1824 otium
1617 1796 1737 1828 deesset,
1753 1803 1787 1822 ea
1804 1800 1860 1822 tan-

1073 1853 1129 1876 tum
1142 1855 1201 1883 qua:
1222 1845 1273 1873 sibi
1289 1845 1449 1872 videbantur
1463 1844 1591 1875 obscura,
1607 1841 1738 1869 brevibus
1755 1841 1861 1876 quibus-

1073 1893 1134 1920 dam
1148 1890 1365 1920 adnotationibus
1381 1889 1536 1927 summatim
1552 1888 1764 1923 perstringebat.
1779 1896 1789 1913 ι
1809 1887 1862 1913 Ine

1073 1944 1120 1975 pte
1137 1944 1257 1972 uterque.
1273 1936 1407 1972 |Scholion
1431 1935 1623 1962 diminutivum
1649 1937 1693 1961 est
1717 1941 1732 1959 a
1753 1932 1860 1960 schola:

1074 1985 1173 2014 Schola
1189 1984 1282 2012 Graece
1298 1987 1326 2010 et
1342 1982 1449 2014 Latine,
1466 1986 1563 2016 prmter
1583 1979 1711 2015 volgatas
1728 1979 1862 2014 signiﬁca-

1074 2032 1173 2064 tiones,
1203 2028 1411 2057 lucnbrationem
1437 2028 1518 2055 etiam
1532 2031 1621 2058 sonat,
1643 2033 1705 2060 qum
1722 2026 1757 2052 de
1776 2033 1807 2052 re
1819 2024 1862 2052 ali-

1075 2084 1126 2111 qua
1152 2083 1200 2111 per
1223 2075 1307 2102 otium
1333 2073 1497 2101 elaboratur.
1523 2071 1651 2099 Scholion
1668 2079 1736 2106 ergo
1754 2077 1859 2105 parvam

1075 2121 1196 2150 scholam
1215 2120 1362 2154 signiﬁcat,
1379 2119 1430 2146 hoc
1456 2122 1498 2145 est
1521 2115 1793 2144 lucubratiunculam.
1808 2115 1863 2149 Spe

243 2159 310 2207 Eam
325 2178 394 2205 alios
409 2177 519 2212 quidem
537 2183 591 2202 non
605 2179 687 2209 negat
700 2159 803 2208 partem
822 2171 939 2205 aliquam
954 2169 1024 2196 Scri-
1039 2173 1062 2203 ι)
1075 2168 1167 2196 ciatim
1191 2173 1256 2194 vero
1271 2164 1373 2194 scholia
1395 2163 1562 2198 appellantur
1577 2161 1809 2192 commentarioli,
1827 2159 1863 2186 vel

244 2231 386 2261 pturarum
412 2223 601 2258 exposuisse;
633 2220 753 2248 omnium
799 2224 864 2244 vero
903 2215 1027 2250 Scriptu-

244 2279 335 2299 rarum
371 2269 587 2304 explanationem
626 2273 779 2302 aggressum
814 2269 876 2291 esse
910 2262 1026 2296 aliquem

244 2320 307 2342 ante
334 2313 493 2348 Origeuem,
515 2312 541 2338 id
570 2318 635 2338 vero
664 2313 767 2344 negat,
785 2313 812 2336 et
842 2307 940 2334 merito
966 2305 1028 2341 qui-

245 2363 316 2389 dem.

282 2406 311 2433 ll.
321 2404 513 2433 Verumtamen
528 2403 650 2437 quamvis
660 2402 774 2428 aliorum
785 2399 939 2434 exemplum
956 2398 1028 2433 quod

246 2458 404 2488 sequeretur
419 2450 523 2483 habuit,
537 2449 674 2476 fatendum
690 2447 865 2474 nihilominus
880 2446 950 2472 hanc
965 2452 1027 2472 eum

247 2498 413 2534 explicandae
436 2497 583 2531 Scriptura:
605 2499 690 2522 artem
715 2493 829 2520 multum
851 2491 1026 2527 provexisse:

249 2554 298 2573 nec
311 2545 382 2572 enim
394 2543 543 2578 simplicem
558 2541 701 2576 quemdam
713 2538 904 2574 interpretandi
921 2537 1028 2564 modum

248 2592 389 2625 adhibuit;
407 2590 455 2618 sed
471 2589 545 2616 varia
568 2586 786 2622 explanationum
805 2591 904 2619 genera
926 2583 1029 2618 primus

249 2639 397 2672 Scriptura:
425 2634 646 2664 accommodavit.
671 2632 737 2660 Nam
759 2631 799 2658 vel
827 2630 931 2658 dill‘usis
955 2636 1031 2656 com—

250 2683 401 2716 mentariis,
415 2681 544 2716 quidquid
561 2679 768 2715 suppeditabant
787 2677 922 2712 ingenium
940 2681 966 2702 et
981 2675 1030 2702 do-

250 2730 347 2760 ctrina.
359 2729 462 2764 prolixe
475 2727 626 2762 congessit;
639 2726 679 2753 vel
693 2725 817 2752 brevibus
829 2728 930 2750 tantum
945 2721 1028 2750 scito-

255 2827 275 2843 "‘
290 2827 371 2855 Eccli.
387 2835 453 2859 χχιι,
465 2827 510 2854 24.
549 2827 571 2843 ¹⁹
585 2825 667 2853 Eccli.
688 2832 743 2857 sal,
762 2823 805 2851 l8.

1080 2212 1332 2243 dissertatiunculae.
1352 2210 1487 2238 Praeterea
1499 2209 1619 2243 excerpti
1636 2215 1669 2235 ex
1690 2212 1807 2235 auctore
1820 2206 1864 2232 alio

1080 2267 1134 2296 quo
1145 2259 1196 2287 loci
1209 2259 1336 2286 dicuntur
1357 2255 1478 2288 scholia,
1493 2253 1642 2288 cuiusmodi
1658 2260 1690 2280 ex
1711 2252 1863 2287 Evangelro,

1081 2314 1134 2341 quo
1146 2305 1271 2332 utebatur
1283 2303 1401 2330 Marcion
1417 2301 1546 2329 nonnulla
1562 2299 1736 2335 deprompsit
1754 2299 1865 2334 Epipha-

1082 2352 1143 2379 nius
1151 2351 1217 2378 hazr.
1227 2356 1293 2382 XLII,
1304 2352 1331 2375 et
1342 2348 1442 2376 scholia
1457 2346 1609 2382 appellavit.
1621 2345 1712 2379 Atque
1726 2345 1784 2371 hmo
1797 2344 1866 2370 scho-

1082 2397 1117 2424 lia
1136 2396 1228 2423 Latine
1247 2398 1375 2429 excerpta
1399 2393 1506 2428 proprie
1529 2392 1667 2418 dicuntur.
1692 2389 1765 2416 Male
1782 2394 1865 2416 autem

1081 2443 1132 2470 hoc
1147 2441 1256 2469 nomine
1277 2439 1380 2467 allicias
1404 2440 1498 2466 breves
1526 2436 1713 2472 expositiones
1725 2440 1752 2461 et
1769 2435 1864 2462 disser-

1082 2489 1218 2515 tationes:
1235 2487 1306 2521 quod
1320 2490 1411 2513 tamen
1435 2484 1559 2512 fecerunt
1577 2482 1763 2516 Hieronymus
1779 2485 1806 2508 et
1819 2479 1866 2506 ltu-

1082 2535 1162 2567 linus,
1177 2541 1237 2560 cum
1253 2532 1378 2567 Origenis
1397 2529 1641 2559 Commentariolos
1655 2528 1683 2555 in
1699 2527 1865 2562 Scripturam

1083 2586 1209 2615 excerpta
1233 2580 1380 2611 dixerunt;
1396 2584 1476 2605 omne
1504 2576 1668 2604 scholiorum
1693 2582 1783 2610 genus
1797 2581 1866 2600 cont-

1084 2627 1157 2655 muni
1183 2629 1372 2660 excerptorum
1398 2622 1529 2650 vocabulo
1565 2622 1716 2652 donantes,
1745 2619 1817 2654 quod
1839 2618 1866 2644 ad

1085 2678 1185 2701 certam
1209 2673 1354 2707 quamdam
1376 2670 1494 2704 speciem
1510 2672 1568 2696 erat
1594 2667 1825 2701 restringendtmt.
1839 2665 1866 2689 At

1086 2720 1213 2754 quoniam
1232 2718 1357 2746 brevibus
1373 2715 1514 2744 sententiis
1532 2715 1589 2742 lucc
1609 2712 1713 2741 scholia
1737 2710 1863 2746 Origenis,
