1927 3076
69 149 139 178 1195

504 150 784 179 ORIGENIANORUM
805 151 866 179 LIB.
890 152 932 185 Ill,
950 151 1025 180 CAP.
1045 152 1077 183 II,
1100 152 1185 180 SECT
1205 153 1226 181 Ι.

1608 158 1677 187 1196

70 209 127 237 sive
153 207 374 236 Commentarioli
402 208 628 237 concludebantur
641 231 648 241 .
663 211 764 239 idcirco
783 218 853 239 com-
866 214 890 243 Α
906 211 1005 245 posuit,
1028 210 1142 238 fideliter
1161 211 1246 244 magis
1269 218 1350 246 quam
1372 217 1466 240 omate
1490 213 1680 248 interpretatus

67 256 199 283 uiaticum
213 255 445 290 interpretationis
464 265 548 292 genus
560 264 592 284 ea
611 256 789 292 Hieronymus
803 265 848 292 ap-

66 302 160 338 pellat.
176 302 293 330 Procem.
309 302 462 330 Comment.
480 303 506 330 in
529 302 624 330 Matth.
644 312 653 329 ι
677 303 785 338 Legisse
807 311 850 331 me

67 349 163 382 fateor,
182 349 282 383 inquit,
301 354 362 376 ante
386 356 470 376 annos
497 349 624 383 plurimos
648 350 673 376 in
698 349 848 376 Mattbaenm

64 395 193 431 Origenis
209 395 303 430 viginti
331 396 450 430 quinque
463 396 595 423 volumina
605 416 614 429 ,
627 402 654 424 et
668 396 778 424 totidem
792 396 849 431 ejus

65 442 203 473 homilias,
227 443 471 477 commatieumque
487 443 714 478 interpretationis
729 451 822 477 genus.
835 453 845 470 ι

65 487 97 513 Ει
115 486 395 515 Ρτοωιιι.ϐοπιῐηεηι.
407 489 435 514 in
451 488 534 522 Epist.
548 489 581 514 ad
594 487 681 515 Galat.
691 496 701 514 :
713 497 722 514 ι
736 488 850 523 Scripsit

63 533 137 561 enim
153 534 196 561 ille
217 534 258 560 vir
278 532 426 569 (Origenes)
443 534 467 561 in
495 526 638 569 Epistolam
655 535 727 562 Pauli
752 536 784 562 ad
798 535 849 563 Ga-

63 579 135 606 latas
152 580 270 613 quinque
292 580 400 614 propria
418 581 551 608 volumina
562 601 569 612 ,
584 587 611 608 et
627 581 758 609 decimum
775 581 849 609 Stro-

62 629 166 650 matum
193 632 302 651 suorum
328 625 427 652 librttm
455 627 614 653 commatico
629 634 709 661 super
723 627 849 661 explana-

62 669 138 696 tione
153 669 211 704 ejus
227 677 350 697 sermone
370 670 522 705 complevit.
548 671 623 705 Quod
650 671 686 699 ita
711 672 846 707 intelligo,

61 717 167 744 scholia
189 717 215 744 in
227 716 371 751 Epistulam
390 717 422 744 ad
438 717 545 744 Galatas
563 718 666 745 decimo
687 717 849 745 Stromalum

61 770 173 790 suorum
197 762 266 790 libro
288 762 374 797 ipsum
395 762 551 792 inseruisse.
579 774 588 790 ι
611 764 719 792 Scholia
735 771 799 792 vero
815 764 847 792 ad

61 816 204 836 sacrorum
243 808 372 836 librorum
407 817 483 837 oram
521 811 670 838 attexuisse
701 809 847 843 Origenem

60 855 182 882 ostendit
200 854 269 882 liber
294 855 496 883 vetustissimus
520 855 615 883 Renati
638 855 776 887 Marcbali,
794 863 847 890 quo

61 900 239 927 continentur
254 901 393 935 prophetae
406 907 510 933 omnes,
527 901 627 936 quique
641 903 669 928 In
681 901 783 936 collegii
793 900 844 928 Pa-

61 945 186 972 risiensis
202 944 346 972 Societatis
359 944 422 972 Jesu
441 945 601 973 bibliotheca
616 951 749 977 servatur,
759 951 787 972 et
799 953 846 973 cu-

59 991 103 1025 jus
112 998 224 1018 usuram
237 990 430 1018 humanissime
441 991 504 1018 mihi
516 993 652 1019 concessit
665 990 847 1019 GubrielCos-

61 1037 165 1065 sartius
174 1037 345 1072 amplissimae
353 1037 416 1064 huic
425 1037 593 1065 bibliothecae
602 1037 743 1072 praefectus
752 1037 846 1073 βιϐλιο-

60 1083 136 1119 Θήκη
147 1083 203 1118 ipse
217 1082 347 1118 ἔμψυχος,
358 1087 386 1110 et
398 1083 525 1111 doctrina:
539 1083 628 1110 omnis
641 1083 844 1111 refertissimum

61 1136 146 1164 penu.
172 1128 323 1163 PrOphetia;
346 1128 493 1156 Ezechielis
524 1128 662 1163 praefixum
690 1130 741 1157 hoc
764 1129 846 1157 habet

62 1174 108 1202 ille
129 1174 197 1202 liber
218 1174 400 1211 εΜετελήφθη
423 1174 477 1201 ἀπὸ
497 1174 551 1202 τῶν
575 1174 645 1201 κατὰ
665 1175 713 1207 τὰς
728 1175 846 1207 ἐκδόσεις

65 1217 236 1250 Ἑξαπλῶν,
255 1219 302 1244 καὶ
321 1217 461 1254 διωρθώθη
477 1218 531 1245 ἀπὸ
556 1218 609 1245 τῶν
630 1218 782 1254 Ὡριγένους
798 1219 846 1246 αὐ-

59 1264 109 1291 τοῦ
125 1264 308 1299 Τετρπλῶν,
319 1264 398 1292 ἅτινα.
406 1264 451 1291 καὶ
465 1264 546 1291 αὑτοῦ
561 1265 632 1300 χειρὶ
643 1265 788 1301 διώρθωτο,
798 1265 846 1292 καὶ

60 1311 306 1347 ὲσχολιογράφητο’
321 1311 381 1338 ὅθεν
402 1311 536 1342 Ἐυσέῦιος
559 1311 613 1346 ἐγὼ
628 1311 662 1338 τὰ
679 1311 770 1347 σχόλια
778 1320 846 1348 παρ-

61 1358 160 1393 έθηκα.
177 1366 187 1383 ‹
202 1357 373 1392 Desumptum
391 1361 432 1384 est
451 1357 484 1383 ab
503 1356 641 1392 Hexaplis,
653 1356 730 1391 juxta
750 1358 846 1385 editio-

62 1412 124 1436 nes,
152 1407 179 1431 et
200 1403 370 1430 emendatum
392 1410 425 1430 ex
450 1403 532 1437 ipsius
557 1402 681 1438 Origenis
705 1402 845 1438 Tetraplis,

60 1458 123 1484 quae
138 1454 166 1477 et
181 1457 262 1476 manu
278 1448 362 1483 ipsius
377 1448 530 1480 emendata,
541 1453 567 1475 et
582 1449 693 1476 scholiis
706 1449 845 1476 succincta

61 1500 152 1524 erant.
171 1495 248 1524 Unde
266 1502 317 1530 ego
339 1495 469 1523 Eusebius
486 1495 587 1522 scholia
609 1496 731 1529 apposui.
751 1504 760 1520 ι
779 1495 847 1522 Hinc

60 1539 193 1566 discimus
214 1537 399 1573 Tetraplorum
424 1538 520 1566 limbos
541 1539 650 1567 scholiis
675 1540 709 1567 ab
731 1539 846 1574 Origene

60 1587 147 1614 fuisse
162 1585 327 1614 succinctos.
341 1585 368 1612 Si
386 1586 446 1620 quis
469 1589 557 1613 autem
582 1585 719 1613 existimet
745 1594 803 1621 quae
819 1587 846 1614 in

61 1632 115 1659 hoe
127 1631 257 1659 Marcbali
272 1631 364 1659 codice
377 1632 409 1658 ad
421 1638 495 1658 oram
510 1631 670 1664 Ezechielis,
680 1631 847 1664 aliorumque

60 1678 254 1713 prophetarum
271 1681 380 1704 attextae
391 1681 453 1704 sunt
467 1676 662 1708 adnotationes,
674 1683 705 1703 ea
719 1677 775 1710 ipsa
787 1683 848 1703 esse

60 1722 190 1757 Origenis
204 1721 318 1755 scholia,
333 1721 446 1749 multum
471 1722 493 1749 is
511 1729 577 1749 sane
591 1722 702 1749 errabit.
716 1722 847 1749 Constant

60 1768 135 1795 enim
148 1768 200 1795 illa:
215 1768 310 1802 partitn
322 1768 402 1794 variis
415 1767 680 1801 interpretationibus
693 1775 726 1795 ex
739 1767 846 1802 Aquila,

60 1813 249 1841 Theodotione
274 1817 302 1840 et
327 1812 490 1848 Symmacho
525 1812 692 1847 depromptis
713 1821 721 1846 ;
751 1813 846 1848 partim

61 1859 225 1886 lectionibus
241 1859 323 1886 variis
336 1879 343 1890 ,
362 1859 403 1886 vel
426 1859 499 1886 circa
524 1858 668 1886 lectionum
687 1859 846 1885 varietatem

61 1906 306 1933 observationibus.
323 1905 431 1934 Neutra:
445 1914 509 1934 vero
533 1913 580 1941 pro
596 1906 707 1933 scholiis
723 1904 847 1939 Origenis

62 1952 158 1980 haberi
183 1957 294 1986 possunt
315 1962 322 1980 τ
348 1946 525 1987 ηοιι’ρι·ἰοτεε
547 1960 555 1985 ;
581 1953 642 1987 quis
661 1952 732 1979 enim
754 1956 848 1987 putare

62 1998 150 2032 possit
175 1997 200 2023 in
216 1996 348 2032 Tetrapla,
364 2005 424 2033 qua}
445 1998 568 2031 scholiis,
581 2002 612 2025 ut
626 1997 693 2029 dixi,
711 1997 846 2025 succincta

61 2047 162 2076 erant,
181 2044 250 2071 unde
265 2049 292 2072 et
307 2045 358 2071 ista
382 2050 517 2079 assumpta
541 2049 620 2076 sunt,
638 2044 808 2079 depromptas
831 2052 846 2071 e

62 2090 180 2118 diversis
203 2090 377 2124 interpretum
392 2091 602 2125 expositionibus
619 2090 764 2125 particulas
781 2098 846 2117 con—

63 2135 164 2163 "ecisse
178 2135 334 2170 Origenem,
350 2144 411 2163 cunt
428 2137 454 2163 in
468 2137 502 2164 iis
516 2137 601 2171 plenae
616 2137 680 2172 ipsa:
691 2144 723 2164 ac
738 2135 847 2171 integrae

62 2181 304 2215 interpretationes
331 2182 514 2209 haberentur?
538 2189 589 2209 non
605 2182 787 2217 posteriores;
805 2187 846 2209 ul-

901 264 981 284 sum:
1005 264 1016 282 »
1036 260 1064 283 et
1085 256 1112 283 in
1135 256 1268 283 Protemio
1289 256 1464 284 Commentar.
1484 259 1511 285 in
1540 259 1623 293 Epist.
1646 261 1680 287 ad

900 300 990 330 Galat.
1009 310 1019 329 :
1038 311 1047 327 ‹
1066 301 1179 336 Scripsit
1194 302 1264 329 enim
1285 302 1329 330 ille
1349 302 1392 330 vir
1413 303 1562 339 (Origenes)
1578 305 1603 332 in
1618 305 1679 340 Epi-

900 347 997 375 stolam
1012 346 1085 374 Pauli
1098 347 1131 373 ad
1147 346 1254 374 Galatas
1270 347 1388 382 quinque
1403 348 1508 382 propria
1536 349 1680 381 volumina.

898 399 924 421 et
937 393 1070 421 decimum
1090 391 1251 420 Slromatum
1277 401 1386 421 suorum
1407 395 1503 422 librum
1522 396 1682 423 commatico

898 447 979 473 super
994 439 1186 474 explanatione
1209 439 1267 473 eius
1299 447 1422 468 sermone
1447 441 1610 475 complevit:
1627 446 1682 468 tra-

898 489 986 512 ctatus
1009 492 1117 520 quoque
1146 486 1251 517 varios,
1276 490 1302 513 et.
1322 491 1463 520 excerpta,
1487 493 1546 521 qua:
1566 487 1608 514 vel
1627 487 1681 514 sola

898 531 1002 567 possint
1018 531 1141 559 sullicere
1152 550 1160 563 ,
1178 531 1339 564 composuit.
1360 540 1370 557 ι
1394 531 1494 565 Nempe
1515 535 1619 564 tomos,
1634 533 1683 559 ho-

899 577 985 604 milias
1013 580 1040 603 et
1055 576 1159 604 scholia
1179 576 1315 611 signiﬁcat
1336 583 1385 610 per
1404 577 1522 610 quinque
1543 576 1586 603 illa
1607 577 1682 603 volu-

899 622 981 653 mina,
997 625 1024 648 et
1048 625 1191 652 tractatus,
1207 625 1234 648 et
1257 620 1447 648 comtnalicum
1469 628 1635 652 sermonem,
1650 628 1682 648 ac

897 671 1033 701 excerpta.
1057 666 1207 694 Concludat
1222 674 1284 694 vero
1307 666 1419 694 forsitan
1435 673 1469 693 ex
1484 667 1534 694 hoc
1560 667 1620 694 loco
1633 667 1680 694 ali-

899 714 969 748 qllls,
992 718 1118 747 excerpta
1140 717 1167 740 Cl
1189 713 1377 740 commaticum
1394 720 1545 740 sermonem
1562 721 1605 740 res
1621 721 1681 741 esse

898 758 1016 786 diversas
1036 759 1108 786 :sed
1132 758 1251 791 frustra;
1272 759 1297 786 id
1323 759 1393 786 enim
1422 759 1472 786 sibi
1500 759 1556 786 vult
1587 759 1681 788 Hiero-

899 811 1006 841 nymus,
1022 805 1073 832 alia
1092 805 1118 832 in
1136 795 1268 832 decimum
1289 804 1452 832 Stromatum
1468 804 1565 832 librum
1580 806 1681 833 inserta

897 859 957 879 esse
979 852 1091 885 scholia,
1114 851 1165 878 alia
1192 858 1314 879 seorsum
1334 850 1470 878 elaborata
1493 855 1520 878 et
1533 852 1680 887 descripta.

863 883 882 909 Β
894 897 1005 926 Fallitur
1020 898 1146 925 Erasmus
1161 905 1220 924 cum
1236 897 1360 925 homilias
1374 897 1431 924 illas
1447 901 1522 925 recte
1537 898 1590 925 dici
1605 902 1681 931 putat

895 944 1034 979 colloquia,
1054 952 1107 971 non
1125 944 1196 971 enim
1214 942 1344 978 Origenes
1364 950 1425 971 cum
1444 943 1611 971 auditoribus
1625 944 1681 970 eol-

895 990 1063 1024 loquebatur,
1082 990 1127 1018 sed
1145 990 1283 1017 auditores
1302 989 1497 1025 alloquebatur;
1516 997 1547 1017 ac
1567 989 1679 1024 proinde

895 1036 991 1063 melius
1017 1036 1169 1063 dicerentur
1191 1035 1316 1071 alloquio.
1335 1035 1363 1063 In
1384 1035 1416 1063 iis
1440 1035 1562 1070 phaleras
1583 1040 1611 1062 et
1623 1043 1681 1063 ora-

896 1082 963 1108 toria
978 1082 1112 1116 pigmenta
1136 1081 1253 1115 neglexit
1271 1082 1466 1115 Adamantius;
1481 1082 1587 1117 planum
1603 1089 1678 1114 vero,

895 1127 1027 1155 familiare
1055 1134 1087 1154 ac
1113 1127 1223 1162 simplex
1237 1146 1244 1160 ,
1268 1134 1317 1155 nec
1332 1127 1409 1154 valde
1432 1127 1577 1162 prolixum,
1599 1127 1680 1163 quale

895 1171 1001 1200 facilius
1028 1172 1165 1208 patiuntur
1193 1173 1328 1206 humilia},
1355 1172 1460 1201 dicendi
1479 1181 1563 1208 genus
1589 1182 1679 1209 persc-

895 1224 972 1246 CHIUS
993 1222 1044 1246 est.

929 1264 1006 1292 Tomi
1024 1265 1094 1292 idem
1110 1269 1174 1292 sunt
1189 1271 1249 1300 qua:
1261 1269 1289 1292 et
1304 1265 1454 1301 ὲξηγητικὰ
1468 1266 1578 1301 proprie
1588 1266 1676 1298 dicta;

895 1318 956 1338 nam
972 1311 1164 1346 quamvisrboc
1175 1312 1282 1339 nomine
1296 1311 1364 1340 allici
1383 1313 1499 1347 possint,
1511 1320 1678 1348 quaecunque

895 1357 1123 1392 interpretationis
1141 1359 1200 1385 vice
1217 1359 1363 1393 funguntur
1382 1367 1390 1392 ;
1419 1363 1501 1394 atque
1525 1360 1560 1386 ita
1577 1367 1629 1386 non
1645 1360 1679 1387 ad

895 1407 982 1430 tomos
999 1403 1097 1436 solum,
1113 1403 1160 1431 sed
1174 1408 1203 1431 et
1224 1404 1256 1430 ad
1272 1404 1397 1432 homilias
1413 1404 1506 1437 etiam,
1524 1409 1553 1432 et
1576 1405 1678 1432 scholia

896 1447 992 1475 referri
1008 1448 1095 1483 possit
1108 1455 1139 1474 ea
1153 1455 1217 1481 vox,
1236 1448 1362 1484 illamque
1375 1449 1485 1477 editioni
1502 1454 1610 1483 nostrae,
1621 1457 1679 1485 qua:

897 1493 976 1520 tomis
992 1497 1017 1520 et
1041 1494 1160 1521 homiliis
1183 1499 1288 1521 constat
1307 1494 1499 1529 praelixerimus
1518 1504 1525 1528 ;
1542 1495 1680 1522 nihilomi-

897 1547 946 1567 nus
962 1544 1052 1567 tamen
1067 1539 1100 1567 ad
1116 1545 1203 1567 tomos
1221 1540 1359 1574 speciatim
1384 1545 1411 1567 et
1432 1541 1540 1576 proprie
1553 1541 1679 1576 pertinet,

898 1585 984 1619 iisque
999 1592 1189 1618 nunquamnon
1214 1585 1240 1612 in
1264 1585 1382 1619 antiquis
1393 1585 1528 1612 codicibus
1542 1586 1679 1614 tribuitur.

897 1630 1110 1665 Explicationum
1137 1630 1220 1657 libros
1241 1631 1358 1665 appellat
1385 1631 1498 1658 Rufinus
1519 1631 1545 1658 iu
1567 1630 1681 1666 Prologo

896 1676 1127 1711 interpretationis
1140 1676 1404 1704 Commentariorum
1425 1676 1549 1711 Origenis
1570 1677 1597 1703 in
1620 1675 1680 1703 Nu-

896 1729 990 1748 meros.
1008 1720 1036 1748 In
1061 1721 1093 1748 iis
1116 1720 1247 1756 Origenes
1270 1721 1402 1749 Hebraica
1417 1722 1534 1748 veritate
1555 1722 1679 1756 stipatus,

896 1771 923 1794 et
947 1774 1057 1794 suorum
1079 1767 1262 1794 circumdatus
1277 1767 1429 1802 agminibus
1441 1786 1449 1800 ,
1466 1767 1613 1802 peregrina;
1637 1767 1679 1794 in-

898 1812 1002 1840 terdum
1018 1812 1114 1847 linguae
1130 1813 1266 1847 quaerebat
1280 1812 1389 1845 auxilia,
1404 1819 1432 1840 ut
1448 1812 1530 1840 tradit
1547 1812 1682 1848 Hierony-

897 1866 956 1885 mus
974 1858 1001 1885 in
1019 1858 1137 1886 Promm.
1156 1858 1256 1891 Quart.
1275 1858 1466 1885 llebrat'carum
1478 1865 1488 1884 :
1514 1859 1540 1886 in
1564 1859 1681 1887 homiliis

897 1910 985 1932 autem
1001 1912 1170 1932 communem
1186 1904 1330 1932 editionem
1355 1905 1531 1939 sequebatur,
1553 1909 1582 1932 ut
1600 1912 1681 1941 supe-

898 1950 969 1977 riore
988 1951 1109 1978 sectione
1125 1955 1247 1978 notatum
1262 1955 1312 1978 est.

932 1996 976 2024 IV.
994 1996 1231 2032 lnterpretationes
1251 2002 1380 2032 praeterea
1402 1997 1526 2033 Origenis
1540 1998 1681 2032 quasdam,

871 2067 874 2071 λ
898 2042 1060 2079 σημειώσεις
1081 2042 1228 2078 appellatas
1251 2044 1368 2078 reperio.
1396 2042 1493 2072 Utrum
1520 2044 1629 2072 scholiis
1647 2053 1681 2072 an

896 2090 1043 2126 exegeticis
1060 2090 1167 2126 proprie
1191 2090 1272 2117 dictis
1292 2097 1344 2118 vox
1367 2097 1397 2118 ea
1422 2091 1521 2118 tributa
1539 2091 1594 2123 sit,
1610 2098 1684 2125 qua:-

898 2137 1011 2164 rendum
1026 2140 1078 2164 est.
1100 2135 1279 2171 Hieronymus
1299 2137 1410 2164 scholiis
1427 2136 1571 2165 manifeste
1589 2137 1684 2164 tribuit

897 2190 1009 2218 pronam.
1030 2183 1057 2210 in
1078 2190 1086 2209 ι
1103 2182 1253 2210 Comment.
1280 2183 1381 2211 Isaiae:
1399 2182 1561 2216 «Feruntur,
1585 2183 1681 2218 inquit,

62 2231 127 2261 pote
143 2227 169 2254 in
185 2227 281 2261 quibus
298 2233 370 2262 saepe
383 2226 516 2261 Origenis,
526 2231 553 2254 et
569 2227 666 2254 alicubi
681 2227 762 2255 etiam
774 2227 844 2255 Con—
859 2229 882 2257 Ι)
895 2234 921 2256 et
934 2229 978 2256 alii
995 2228 1046 2257 sub
1067 2229 1175 2256 nomine
1202 2230 1259 2264 ejus
1285 2229 1431 2265 (Origenis)
1453 2229 1487 2257 de
1511 2230 1613 2258 visione
1638 2238 1684 2257 τε-

61 2273 174 2301 suntini
188 2273 356 2308 imperatoris
375 2273 474 2300 mentio
490 2273 544 2299 liat.

100 2318 223 2346 Homilite
237 2327 250 2346 a
269 2319 364 2346 Rufino
375 2323 402 2346 et
419 2318 582 2354 Hieronymo
597 2319 740 2346 Tractatus
754 2319 848 2354 appel-

61 2365 166 2392 lantur.
189 2365 316 2400 Apologia
344 2365 478 2400 Pamphili
514 2372 529 2391 a
560 2364 658 2392 liulino
688 2372 846 2394 conversa:

65 2419 74 2435 ι
95 2408 235 2444 Ρτωοίριιθ
249 2417 312 2436 vero
331 2416 378 2444 per
396 2417 442 2437 eos
458 2413 589 2437 tractatus
599 2430 606 2442 .
621 2417 689 2444 quos
704 2417 770 2445 pene
781 2418 848 2445 quo-

62 2455 130 2483 tidie
152 2455 179 2482 in
202 2455 320 2483 Ecclesia
339 2456 453 2483 habebat
476 2463 510 2483 ex
529 2462 664 2491 tempore,
678 2464 746 2491 quos
760 2462 787 2484 et
802 2457 848 2484 de-

61 2501 215 2529 scribentes
232 2501 327 2529 notarii
348 2502 382 2529 ad
400 2502 594 2529 monimentum
610 2503 778 2537 posteritatis
792 2507 848 2529 tra-

61 2548 176 2576 debant.
191 2557 200 2573 l
219 2547 396 2583 Hieronymus
414 2549 536 2575 adversus
556 2547 725 2583 Vigilantiam
738 2568 745 2581 ,
769 2549 848 2583 epist.

63 2593 109 2623 75,
127 2593 161 2620 de
175 2593 290 2621 homiliis
304 2594 329 2621 in
347 2593 396 2620 Job
410 2595 522 2630 loquens
535 2614 542 2627 ,
556 2602 624 2630 quas
647 2594 765 2622 Hilarius
784 2602 845 2621 ver-

62 2643 153 2665 terat:
173 2647 183 2664 t
198 2638 252 2665 Cur
268 2637 412 2666 Tractatus
425 2640 483 2673 ejus
497 2640 523 2667 in
536 2639 602 2673 Job,
625 2639 722 2675 inquit,
744 2641 845 2669 deseri-

61 2689 124 2718 ptos
142 2684 246 2711 habes?
260 2693 270 2710 ι
287 2690 313 2712 et
326 2685 352 2711 in
366 2684 524 2714 Praefatione
535 2687 569 2714 ad
584 2687 708 2715 homilias
721 2686 845 2723 Origcnis

61 2731 90 2756 in
104 2729 264 2757 Canticum:
282 2739 291 2756 ‹
306 2730 360 2757 Hos
374 2731 441 2757 duos
457 2736 598 2764 tractatus,
618 2740 686 2767 quos
700 2733 727 2760 in
744 2741 844 2760 morem

60 2775 214 2810 quotidiani
228 2775 326 2811 eloquii
339 2775 457 2810 parvulis
480 2777 568 2804 adhuc
588 2777 750 2806 lactantibus
771 2787 846 2807 eom-

98 2874 167 2910 (57‘)
182 2873 249 2902 Vide
259 2873 384 2901 editionis
399 2877 500 2901 nostrae
511 2878 575 2903 tom.
594 2875 624 2910 Il,
640 2883 699 2912 pag.
719 2877 776 2906 ll8.

216 2919 360 2952 ‘PA'rnnL.
376 2923 435 2954 (in.
449 2922 550 2954 XVII.

898 2274 1038 2311 τραπόδων
1055 2275 1107 2302 duo
1122 2274 1154 2302 ad
1177 2274 1287 2302 Gratam
1308 2276 1386 2307 libri,
1412 2275 1458 2310 qui
1484 2277 1682 2312 pseudographi

898 2325 1042 2356 putantur,
1060 2325 1087 2348 et
1107 2321 1201 2357 viginti
1226 2321 1345 2356 quinque
1365 2322 1497 2355 homilize,
1511 2327 1539 2349 et
1562 2322 1683 2358 σημειώ-

898 2375 964 2400 σεις,
994 2375 1061 2402 quas
1091 2375 1140 2395 nos
1170 2372 1294 2402 excerpta
1322 2375 1465 2402 possumus
1509 2369 1680 2403 appellare.)

897 2413 1030 2449 Excerpta
1059 2415 1151 2449 igitur,
1186 2423 1234 2443 seu
1265 2415 1370 2450 σχόλια,
1401 2423 1434 2443 ea
1470 2420 1534 2443 sunt
1562 2416 1683 2452 σημειώ-

901 2469 967 2493 σεις.
982 2461 1017 2487 At
1033 2459 1188 2489 Philucaliw
1210 2469 1269 2496 cap.
1295 2462 1349 2494 27,
1377 2466 1518 2497 postquam
1549 2462 1682 2497 prolixum

901 2506 1024 2541 Origenis
1038 2506 1218 2541 fragmentum
1235 2509 1262 2534 in
1278 2507 1367 2534 Exod.
1380 2515 1407 2541 x,
1420 2507 1466 2540 27,
1480 2507 1614 2543 prolatum
1628 2513 1682 2541 est,

901 2552 983 2579 verba
1008 2552 1065 2579 haec
1087 2553 1262 2587 sequentibus
1285 2554 1386 2589 aliquot
1413 2554 1570 2588 fragmentis
1595 2553 1686 2589 praell-

902 2603 999 2631 guntur
1019 2608 1026 2626 :
1047 2599 1094 2625 καὶ
1117 2598 1196 2626 πάλιν
1217 2599 1245 2626 ἐν
1264 2599 1336 2635 ἄλλῳ
1356 2600 1431 2636 τόμῳ
1452 2601 1479 2627 ὲν
1505 2601 1563 2632 ταῖς
1588 2600 1682 2633 αὑταῖς

896 2644 937 2676 εις
958 2643 1007 2680 τὴν
1031 2644 1139 2677 Ἔξηδον
1164 2644 1345 2680 σημειώσεσιν
1365 2645 1444 2683 (57·).
1460 2646 1543 2682 Igitur
1565 2644 1682 2681 σημειώ-

895 2700 951 2724 σεις
965 2694 1124 2721 constabant
1143 2694 1241 2727 tomis;
1256 2694 1339 2729 igitur
1360 2702 1526 2730 quaecunque
1550 2696 1599 2723 hoc
1616 2693 1682 2722 Plri-

895 2738 1000 2766 localia:
1023 2739 1111 2774 capite
1128 2740 1278 2775 fragmenta
1302 2740 1329 2767 in
1343 2739 1462 2768 Exodum
1485 2746 1682 2776 reprasentan-

898 2788 952 2818 tur,
969 2783 1054 2819 petita
1070 2789 1133 2812 sunt
1146 2785 1179 2812 ὲκ
1192 2784 1246 2812 τῶν
1260 2784 1444 2820 σημειώσεων.
1458 2785 1497 2814 Ea
1508 2793 1575 2815 vero
1596 2785 1683 2815 neuti-

1503 2926 1544 2956 38
