1927 3076
226 131 296 164 H95

845 126 877 155 Ρ.
897 124 1053 154 DANlELlS
1072 122 1186 151 HUETII

1758 116 1832 144 H96

225 203 304 231 quam
328 201 377 230 pro
399 191 508 221 scholiis
530 190 622 219 haberi
646 191 774 224 possunt,
796 187 842 214 sed
863 186 996 220 iustorum
1010 189 1034 218 Α
1047 184 1248 213 benedictione:
1259 186 1361 210 tantum
1375 187 1482 215 ,neque
1504 179 1656 206 futurorum
1681 175 1750 204 soia'
1763 183 1833 210 pra-

225 238 480 268 eommentariorum
496 237 581 263 vicem
603 235 732 270 explent;
746 240 778 260 ea
798 236 840 259 est
863 240 952 260 rerum
969 239 1000 259 ac

226 286 369 312 verborum
381 283 490 310 ubertas
503 286 530 309 et
542 281 630 315 copia.

260 331 316 365 Ego
336 329 442 364 quidem
455 326 616 363 σημειώσεις
630 328 753 362 generale
764 327 921 356 vocabulum
941 331 1002 352 esse

226 381 300 411 puto,
321 383 375 410 quo
397 374 462 403 tomi
485 379 511 401 et
528 373 629 401 scholia
658 374 838 401 continentur.
870 370 1002 407 Σημειοῦ-

227 422 288 448 σθαι
299 426 350 453 est,
367 430 376 446 ε
396 421 534 452 adnotare.
547 419 767 447 commentarium
789 418 918 449 scribere,
934 417 1002 444 scri-

226 472 300 501 ptum
315 465 423 500 aliquod
439 465 472 493 ad
487 464 559 492 aliud
573 464 699 499 adjicere,
716 463 870 495 ascribere;
886 461 1003 497 σημείω-

228 520 279 543 σις,
298 510 444 544 adnotatio,
471 509 680 538 commentarius
694 528 702 542 ,
728 508 856 543 quidquid
880 507 913 534 ad
932 505 1003 533 aliud

227 557 371 585 scribendo
398 555 533 590 adiicitur,
553 564 563 582 ι
589 555 736 589 cuiusmodi
755 559 817 582 sunt
848 553 950 581 scholia
977 555 1003 579 et

227 601 410 630 commentarii
422 601 467 636 qui
484 601 517 628 ad
528 608 605 628 oram
619 601 747 628 librorum
760 600 842 627 attexi
859 599 956 627 solent.
965 598 1004 625 lta

227 646 414 682 intelligendus
431 645 562 674 Eusebius
573 645 619 673 lib.
633 653 649 669 v
664 644 777 676 Hirtam,
788 652 813 673 c.
827 644 872 677 20,
887 651 947 671 cutn
961 650 1007 678 χα-

229 694 372 728 ριεστάτην
386 690 534 726 σημείωσιν
555 689 670 724 appellat
688 688 896 717 obtestationem
912 694 1006 721 quam-

228 735 289 762 dam
300 735 402 770 quaeiad
417 735 496 761 ﬁnem
514 733 573 761 libri
588 733 679 761 lrenazi
694 733 765 767 Περὶ
783 730 924 768 ὀγδοάδος
939 739 1008 766 pras-

230 786 271 808 Ier
284 784 436 808 contextum
456 778 559 813 adjecta
582 783 650 806 erat.
665 777 728 806 Inde
752 779 796 805 lux
810 784 915 813 quoque
929 775 1007 804 alteri

229 826 347 861 ejusdem
361 825 467 852 Eusebii
480 824 539 852 loco
556 824 604 852 lib.
617 831 654 857 vr,
670 831 730 858 cap.
748 823 793 854 l6.
809 824 853 850 ubi
871 823 903 850 de
916 822 1007 849 Hexa-

228 871 280 904 plt‘r
296 870 420 905 Origenis
434 877 526 905 agens,
543 870 629 904 deque
646 869 728 897 variis
755 869 854 903 quibus
876 868 921 895 illa
944 875 1009 895 con-
1023 864 1044 891 Β

230 917 340 944 stabant
367 915 644 950 interpretationibus,
659 915 696 942 ita
722 915 815 942 scribit
832 937 838 942 .
862 913 968 945 Ταύτας
980 913 1009 940 δὲ

230 963 337 994 ἁπάσας
352 962 398 988 ἐπὶ
414 961 511 988 ταύτὸν
527 960 696 995 συναγαγὼν,
711 960 803 987 διελών
817 969 846 987 τε
868 959 935 996 πρὸς
956 959 1009 986 κῶ-

230 1005 286 1037 λον,
316 1005 364 1032 καὶ⁸
388 1004 581 1040 ἀντιπαραθεὶς
609 1004 744 1039 ἀλλήλαις,
771 1005 840 1039 μετὰ
861 1005 908 1031 καὶ
926 1004 1010 1039 αὐτῆς

230 1051 280 1086 τῆς
300 1050 430 1086 Ἐϐραίων
447 1050 637 1086 σημειώσεως,
649 1051 684 1077 τὰ
700 1050 753 1076 τῶν
765 1050 915 1086 λεγομένων
931 1050 1011 1082 Ἐξα-

231 1095 317 1123 itde
331 1097 395 1132 ἡμῖν
409 1096 561 1130 ἀντίγραφα
573 1095 778 1123 καταλέλοιπεν.
804 1105 815 1121 α
826 1095 872 1123 His
887 1095 1011 1123 omnibus

233 1142 259 1168 in
271 1149 353 1168 unum
370 1141 404 1168 ab
415 1148 446 1168 eo
460 1141 592 1173 collectis,
604 1145 632 1168 et
650 1147 698 1175 per
723 1140 781 1168 cola
801 1140 904 1172 divisis,
922 1147 954 1167 ac
969 1140 1011 1167 ἰη-

231 1189 317 1215 viCcm
334 1195 348 1214 e
361 1188 471 1222 regione
484 1187 613 1222 oppositis
626 1206 635 1219 ,
649 1194 709 1214 cum
726 1186 884 1213 Hebraicum
903 1191 1013 1220 praster-

234 1242 266 1262 ea
296 1237 451 1261 contextum
461 1233 645 1267 ascripsisset,
656 1231 820 1266 exemplaria
832 1230 910 1258 nobis
924 1229 1013 1257 Heau-

233 1281 346 1315 ptorum,
361 1280 398 1307 uti
410 1279 537 1314 appellari
549 1278 647 1310 solent,
665 1277 784 1312 reliquit.
801 1286 812 1303 ι
840 1276 916 1310 Quod
931 1275 1013 1304 Euse-

235 1327 294 1354 bius
309 1325 457 1361 σημείωσιν
475 1325 607 1360 Ἑϐραίων
621 1324 698 1357 dixit,
715 1324 883 1351 commodius
896 1321 1015 1357 παραθέ-

236 1380 292 1403 σεις
307 1372 355 1407 τῆς
382 1370 528 1406 Ἐὁραῖκῆς
543 1370 690 1406 ἑρμηνείας
719 1369 886 1404 Epiphanius
912 1375 1015 1395 nuncu-

236 1419 320 1453 pavit,
338 1417 416 1452 quasi
445 1417 530 1449 dicas,
557 1425 566 1442 ι
585 1415 781 1450 adiunctiones,
806 1413 982 1448 adiectiones.
1002 1423 1011 1439 I

236 1465 341 1499 Optime
355 1470 462 1499 quoque
473 1462 639 1497 Nicephorus
651 1461 876 1497 παρασημειωσιν
889 1459 1014 1492 reddidit,

236 1511 288 1538 hoc
301 1515 352 1542 est,
364 1519 373 1535 I
388 1509 593 1544 descriptionem
607 1508 640 1535 ad
659 1507 730 1534 aliud
757 1507 892 1538 additam;
911 1515 921 1531 ›
939 1505 1015 1532 addi-

236 1561 263 1582 ta
280 1556 350 1583 enim
367 1554 518 1590 praepositio
543 1557 618 1581 notat
642 1560 703 1580 esse
719 1552 773 1579 τῶν
793 1551 860 1587 πρός
883 1559 919 1578 τι.
949 1551 1015 1579 Cum

237 1608 302 1636 ergo
315 1600 416 1628 scholia
440 1605 468 1627 et
492 1598 700 1632 commentaria,
726 1598 838 1625 alterius
862 1597 1018 1632 scriptionis

238 1646 403 1681 explicandae
418 1645 502 1680 gratia
518 1645 598 1672 scribi
609 1645 722 1676 soleant,
736 1644 815 1678 eique
825 1651 895 1678 saepe
910 1641 1019 1678 adiungi

237 1697 265 1719 et
293 1692 325 1718 ad
347 1698 423 1718 oram
456 1691 560 1723 atlexi,
589 1694 731 1725 propterea
758 1687 921 1724 σημειώσεις
947 1691 1020 1715 recte

238 1739 310 1766 dicta
332 1742 395 1765 sunt
417 1745 424 1763 :
456 1744 542 1771 neque
570 1736 706 1763 immerito
732 1734 886 1762 Pliilocalia:
901 1738 1020 1761 textores

239 1784 289 1810 hoc
306 1781 464 1809 vocabulum
479 1780 699 1813 Commentariis,
714 1779 893 1814 Hieronymus
904 1777 1021 1806 Scholiis

241 1827 368 1855 tribucre.

275 1872 308 1900 γ.
322 1871 464 1899 Communi
484 1878 590 1906 quoque
606 1869 775 1905 ὲξηγητικῶν
790 1868 868 1896 titulo
888 1867 1020 1903 Tetrapla,

241 1918 361 1953 ﬂexapla
380 1923 408 1946 et
430 1916 539 1951 Octapla
562 1915 685 1949 Origenis
717 1914 938 1950 complectimur,
961 1921 1022 1948 quas

240 1965 348 2000 proprio
364 1963 491 1990 vocabulo
506 1960 689 1998 ὲρμηνευτικὰ
703 1960 836 1994 appellare
852 1959 946 1994 possis.
955 1959 1022 1986 Cum

241 2012 312 2039 enim
327 2018 358 2037 ex
373 2010 454 2037 variis
472 2009 620 2043 Scriptura;
646 2007 760 2034 conﬂata
777 2007 832 2034 sint
861 2007 1022 2041 interpreta-

1029 1536 1052 1567 C

242 2057 369 2088 tionibus,
385 2057 412 2083 in
441 2062 502 2082 cum
533 2053 626 2081 venire
651 2053 801 2080 debuerunt
829 2060 951 2084 censum,
968 2058 1022 2086 quo

241 2109 407 2138 quaecunque
430 2100 463 2127 ad
487 2098 715 2134 interpretandum
740 2097 907 2132 Scripturam
932 2097 1024 2124 elabo-

244 2149 313 2175 ravit
325 2147 514 2178 Adamantius,
529 2145 713 2173 continentur.
731 2143 789 2171 Huc
805 2144 896 2177 adjicit
923 2143 1024 2176 episto-

1052 230 1194 263 nuntiatio,
1209 232 1336 264 quantum
1362 233 1451 254 mores
1470 225 1511 252 vel
1538 223 1704 260 propositum
1723 228 1833 251 eorum,

1052 277 1094 304 vel
1107 276 1188 303 etiam
1201 274 1323 310 quaedam
1336 272 1369 300 ab
1379 272 1419 299 eis
1445 275 1518 305 gesta
1539 268 1694 297 notabiliter
1708 274 1834 301 arguuno

1053 327 1109 350 tur.
1124 322 1188 355 Qum
1203 328 1247 348 res
1260 319 1338 347 nobis
1352 318 1510 352 tripartitam
1531 315 1572 352 (ut
1589 315 1615 342 in
1631 314 1692 341 aliis
1714 312 1834 339 fecimus

1054 366 1253 403 explanationis
1270 363 1411 392 materiam
1428 361 1547 395 subiicit,
1560 360 1596 386 ita
1617 364 1647 386 ut
1661 356 1834 385 benedictio-

1055 401 1102 442 nes
1113 413 1231 442 historia
1240 412 1327 440 locum
1346 414 1471 440 servent;
1485 406 1624 442 prophetia
1641 411 1707 431 vero
1734 401 1836 436 mysti-

1055 468 1116 488 cum
1139 464 1218 494 atque
1245 457 1438 493 dogmaticum;
1462 460 1566 481 morum
1595 449 1731 484 correptio
1750 453 1837 481 atque

1055 492 1206 540 obiurgatio
1220 492 1348 531 moralem
1365 501 1462 536 dirigat
1475 498 1584 534 stylum.
1601 505 1611 523 ι
1622 495 1700 529 Quod
1716 494 1790 521 idem
1808 492 1837 519 in

1057 553 1110 579 line
1124 551 1241 586 eiusdem
1270 548 1384 576 humilia:
1399 545 1507 581 repetit.
1531 544 1570 571 Ab
1591 541 1724 586 historico
1744 544 1836 586 autem

1057 584 1184 625 sensu‘ad
1207 595 1362 631 mysticum,
1388 600 1403 619 a
1428 591 1542 626 mystico
1565 588 1598 616 ad
1624 585 1756 615 moralem
1780 584 1840 611 fere

1057 642 1245 678 progreditur;
1259 639 1380 675 quamvis
1391 638 1463 665 hunc
1474 635 1594 663 ordinem
1614 635 1756 668 pervertat
1769 638 1840 658 non-

1058 675 1205 724 nunquam,
1228 687 1344 714 litteram
1375 682 1518 717 aliquando
1544 681 1679 715 negligat,
1706 684 1721 704 a
1741 675 1840 724 morali

1059 720 1224 769 expositione
1240 733 1274 759 ad
1288 730 1430 765 mysticam
1443 727 1602 763 quandoque
1623 726 1756 752 transeat.
1772 720 1838 754 Quae

1059 768 1183 815 quoniam
1204 785 1284 812 supra
1313 777 1463 804 luculenter
1477 772 1662 803 tractavimus,
1674 770 1735 797 haec
1749 768 1840 795 obiter

1061 826 1180 862 tetigisse
1191 824 1312 852 suiﬁciat.

1093 860 1148 900 Vll.
1160 871 1252 898 Finem
1266 869 1328 897 huic
1343 868 1511 903 imponemus
1522 863 1647 896 sectioni,
1671 860 1840 888 adducentes

1059 919 1123 947 illud
1153 917 1287 944 Ambrosii
1312 922 1326 942 e
1348 914 1396 941 lib.
1410 922 1437 946 v,
1466 912 1544 947 epist.
1561 911 1596 938 45
1612 918 1619 936 :
1642 918 1652 935 t
1670 908 1705 935 Et
1717 907 1741 934 si
1756 906 1840 933 sciam

1060 964 1130 1000 quod
1148 963 1214 990 nihil
1229 961 1363 990 diﬂicilius
1374 960 1419 991 sit,
1433 965 1513 994 quam
1526 957 1560 984 de
1584 953 1701 1000 apostoli
1724 951 1841 1000 lectione

1060 995 1203 1041 disserere,
1230 1015 1290 1035 cum
1319 1007 1377 1042 ipse
1399 1005 1529 1038 Origenes
1554 1001 1634 1036 longe
1655 999 1746 1026 minor
1765 997 1801 1024 sit
1813 995 1839 1022 in

1060 1056 1144 1088 Novo,
1160 1061 1239 1089 quam
1251 1054 1277 1080 in
1293 1052 1380 1080 Veteri
1396 1050 1579 1078 Testamento.
1598 1055 1608 1070 ι
1623 1045 1708 1079 Cuius
1720 1043 1761 1070 rei
1778 1049 1843 1089 cau-

1060 1107 1104 1128 sas
1117 1086 1245 1134 quairenti
1262 1097 1326 1124 mihi
1350 1096 1375 1123 id
1397 1093 1541 1125 succurrit,
1550 1096 1629 1119 aetate
1640 1088 1769 1124 Origenis
1785 1086 1843 1121 plu-

1062 1145 1137 1173 ribus
1156 1143 1367 1175 commentariis,
1379 1138 1654 1175 interpretationibus,
1667 1135 1842 1163 dissertatio-

1062 1192 1150 1224 nibus,
1161 1190 1350 1218 traditionibus
1364 1188 1524 1216 illustratum
1541 1184 1623 1212 fuisse
1637 1182 1842 1209 Testamentum

1063 1238 1157 1270 Vetus,
1170 1244 1249 1272 quam
1264 1235 1379 1267 Novum,
1396 1233 1473 1268 cuius
1493 1230 1687 1260 reconditiores
1700 1226 1845 1255 sententia:

1063 1291 1255 1320 perpaucorum
1271 1281 1401 1310 industria
1416 1279 1522 1307 fuerant
1537 1277 1571 1305 ad
1596 1277 1647 1303 hoc
1669 1279 1779 1308 tempus
1804 1271 1844 1298 in-

1063 1331 1221 1366 vestigata;
1247 1327 1413 1364 proindeque
1440 1325 1647 1353 lustrumentum
1681 1319 1767 1347 Vetus
1790 1323 1844 1344 tra-

1065 1380 1183 1403 ctantem
1200 1373 1389 1402 Adamantium
1409 1369 1504 1404 majori
1522 1369 1604 1396 fuisse
1620 1367 1648 1394 in
1670 1365 1731 1393 luce
1755 1371 1844 1390 versa-

1065 1425 1132 1453 tum,
1145 1427 1224 1455 quam
1236 1426 1297 1446 cum
1315 1416 1390 1445 Novo
1409 1414 1566 1451 explicando
1576 1419 1686 1448 operam
1699 1417 1778 1438 suam
1798 1416 1844 1435 na-

1065 1470 1150 1494 varet.
1160 1464 1217 1493 Huc
1229 1463 1332 1492 accedit
1345 1462 1461 1498 antiqua:
1474 1460 1540 1497 legis
1554 1459 1698 1494 abrogatas
1715 1463 1846 1485 caeremo-

1067 1512 1126 1541 nias
1150 1517 1177 1540 et
1198 1511 1299 1546 iudicia
1323 1514 1508 1540 enarrantem,
1534 1507 1638 1535 minore
1670 1503 1794 1539 periculo
1821 1502 1846 1528 in

1067 1558 1207 1593 allegorias
1221 1557 1373 1585 excurrisse
1388 1560 1415 1583 et
1440 1553 1608 1582 destruxisse
1626 1552 1757 1582 litteram,
1768 1555 1847 1583 quam

1067 1610 1129 1630 cum
1156 1601 1256 1629 Christi
1285 1602 1391 1629 decreta
1423 1605 1449 1627 et
1475 1597 1627 1626 sanctiones
1653 1594 1846 1631 apostolorum.

1068 1649 1218 1684 dogmatum
1227 1654 1336 1675 suorum
1351 1645 1469 1673 novitate
1485 1643 1653 1678 depravaret.

1367 1724 1489 1753 SECTIO
1505 1723 1540 1751 ll.

1069 1783 1180 1804 SINGULA
1199 1781 1322 1803 ORIGENIS
1339 1780 1499 1803 EIEGE’I‘ICA,
1519 1777 1626 1802 ουοιιυιι
1646 1776 1680 1795 ΔΙ)
1705 1775 1755 1796 EOS
1786 1774 1851 1794 PEI'

1239 1818 1319 1837 VENI'I‘
1333 1817 1442 1836 NOTITIA
1452 1828 1459 1840 ,
1474 1812 1680 1834 ENUIERAX'I'CR.

1070 1867 1091 1895 l.
1106 1867 1300 1894 Enumerantur
1310 1865 1429 1900 Origenis
1441 1863 1570 1900 exegeticg
1587 1863 1614 1888 in
1626 1859 1850 1900 Pentateucum;

1106 1902 1137 1929 ll.
1156 1902 1188 1928 In
1204 1901 1296 1934 Iosue,
1312 1895 1428 1932 Jutlicet,
1446 1895 1523 1934 libros
1543 1895 1847 1934 liegum._Paralipgme—

1107 1927 1187 1965 ἦὼιὶζ
1204 1927 1296 1963 Εειίήεῖ
1314 1941 1336 1962 ει
1352 1927 1481 1966 ,ιοιι;ἰιι.
1505 1934 1531 1959 in
1549 1927 1740 1966 Pssuma!”
1761 1927 1804 1953 IV.
1823 1927 1850 1953 in

1108 1971 1259 2002 Proverbia,
1276 1964 1449 1997 Ecclesiasten
1462 1974 1484 1995 et
1497 1967 1659 2002 Canticum;
1671 1964 1704 1991 ν.
1733 1965 1767 2002 in.
1792 1970 1850 2002 nta-

1104 2007 1174 2041 joru
1190 1998 1325 2041 prophetat
1340 2009 1472 2041 quatuor;
1493 2001 1536 2028 Vl.
1547 2007 1570 2028 et
1582 2002 1607 2041 in
1625 2001 1738 2041 minore:
1751 1998 1849 2023 duode-

1107 2033 1174 2073 cim,
1190 2033 1246 2068 VII:
1263 2041 1322 2066 item
1345 2033 1371 2066 in
1396 2033 1698 2073 Mattlttettnt,__Lucattt,
1720 2033 1850 2073 {puniunt

1108 2082 1132 2102 et
1151 2067 1216 2102 dcta
1247 2074 1439 2107 apostolorum;
1474 2071 1539 2099 Vlll.
1561 2070 1692 2105 Epistolas
1719 2067 1800 2094 Pasti
1827 2070 1851 2092 et

1105 2111 1298 2144 Apacalyptt‘m.

244 2194 283 2221 las
310 2193 405 2220 Sixtus
434 2191 573 2223 Senensis,
599 2190 670 2224 quod
695 2190 847 2224 propositas
870 2189 920 2216 sibi
950 2189 1015 2216 circ:

1111 2190 1131 2218 Ι.
1164 2190 1305 2225 Postquam
1331 2187 1404 2215 varia
1429 2186 1651 2222 Origentanorutn
1683 2183 1852 2216 Exegettcun

244 2240 388 2274 Scriptura:
416 2238 621 2265 illustrationem
655 2238 818 2271 quaestiones
852 2235 1024 2263 rescribendo

244 2285 372 2320 Origenes
386 2283 549 2310 dissolverit.
565 2282 599 2309 At
624 2288 684 2308 cum
714 2281 765 2307 alia
783 2286 890 2315 quoque
907 2287 955 2314 per
969 2279 1026 2314 epi-

244 2330 327 2357 stolas
338 2333 496 2363 argutnenta
510 2333 641 2355 tractasse
656 2328 742 2363 ipsum
756 2331 871 2358 constet,
879 2325 952 2353 velut
964 2332 1025 2352 cum

244 2377 278 2403 ad
288 2375 438 2410 Philippum
451 2374 653 2409 imperatorem,
670 2374 710 2400 vel
731 2374 765 2400 ad
783 2372 923 2407 coniugem
940 2371 1026 2405 ipsius

246 2424 384 2455 Severam,
399 2421 440 2449 vel
451 2422 484 2448 ad
502 2420 650 2448 Fabianum
668 2427 762 2455 papam
781 2418 841 2445 ﬁdei
868 2425 924 2444 sua:
946 2416 1027 2452 proti-

247 2470 332 2497 tendae
360 2476 442 2496 causa
466 2468 606 2499 scriberet,
633 2466 729 2493 merito
758 2466 829 2492 inter
858 2467 1026 2499 syntagmata

246 2515 372 2550 epistolas
385 2515 469 2550 ipsius
485 2513 667 2548 coniiciendas
680 2519 833 2539 censemus.

280 2562 325 2590 Vl.
337 2562 386 2596 Qui
400 2559 609 2596 interpretandis
623 2558 769 2593 Scripturis
791 2557 887 2592 triplex
899 2557 1026 2593 ἐξηγητι-

246 2607 302 2635 attint
316 2615 400 2641 genus
414 2606 536 2633 adhibuit
565 2605 707 2641 Origenes,
725 2604 748 2631 is
777 2603 909 2637 triplicem
925 2611 958 2630 ex
976 2603 1028 2631 illis

248 2660 355 2680 sensum
375 2659 469 2679 eruere
491 2659 523 2678 ac
538 2651 702 2684 investigare
730 2649 889 2680 consuevit;
917 2647 1027 2675 histori-

248 2706 320 2730 cum,
337 2705 416 2732 quem
430 2702 456 2724 et
470 2697 566 2724 littera:
581 2703 691 2723 sensum
715 2693 861 2729 appellant,
886 2693 1027 2728 mysticum

250 2748 276 2768 et
299 2742 437 2770 moralem.
456 2742 500 2769 Sic
511 2745 513 2748 '
526 2741 569 2768 ille
583 2741 674 2768 honnl.
690 2740 723 2766 17
739 2741 766 2765 in
787 2737 893 2770 Genes.,
911 2747 985 2765 num.
1000 2740 1026 2772 1,

251 2786 346 2821 ι›.106,
362 2787 406 2813 ubi
423 2787 478 2821 agit
492 2786 526 2813 de
540 2785 767 2813 benedictionibus
787 2783 998 2818 patriarcharum
1018 2791 1025 2809 :

253 2843 263 2858 ι
283 2831 309 2857 Ιιι
324 2831 381 2864 ipso
393 2835 482 2857 autem
498 2837 612 2864 corpore
625 2835 653 2858 et
667 2830 743 2864 serie
761 2829 916 2860 verborum,
940 2836 1028 2863 neque

1076 2244 1175 2272 genera
1206 2236 1433 2270 percensuimus;
1456 2232 1575 2267 singulas
1601 2237 1672 2258 nunc
1699 2228 1853 2262 esegeticas

1075 2282 1275 2310 lucubrationes
1300 2285 1461 2308 enumerare
1487 2278 1574 2308 decet,
1605 2282 1718 2310 quarum
1747 2274 1780 2300 ad
1808 2280 1854 2299 uo-

1075 2334 1158 2358 stram
1171 2332 1275 2355 aetatem
1291 2326 1385 2354 notitia
1402 2324 1532 2359 pervenit.
1548 2322 1614 2349 Nam
1627 2329 1658 2348 ex
1677 2319 1779 2354 ingenti
1793 2318 1853 2348 hac,

1075 2382 1157 2410 quam
1187 2373 1315 2405 diximus,
1338 2369 1516 2405 scriptionum
1537 2367 1674 2400 congerie,
1692 2371 1746 2391 non
1777 2362 1854 2389 modo

1076 2406 1138 2456 pars
1162 2418 1298 2446 intercidit
1313 2417 1440 2447 maxima,
1458 2413 1505 2441 sed
1526 2412 1669 2439 multarum
1684 2409 1766 2437 etiam
1785 2406 1853 2434 tituli

1076 2473 1108 2493 ac
1122 2464 1230 2492 nomina
1258 2462 1456 2491 obsoleverunt.
1473 2457 1698 2492 Quarumcunque
1711 2460 1777 2487 ergo
1801 2460 1853 2478 me-

1077 2511 1162 2538 moria
1181 2510 1268 2544 aliqua
1292 2509 1318 2535 in
1332 2512 1455 2535 veterum
1479 2502 1589 2537 scriptis
1601 2506 1708 2529 servata
1723 2504 1777 2530 est,
1810 2503 1855 2523 eas

1077 2543 1278 2584 recensebimus
1292 2553 1439 2588 sigillatim,
1456 2555 1484 2578 et
1497 2550 1574 2585 iuxta
1587 2548 1718 2574 librorum
1735 2543 1855 2578 Scriptu-

1077 2610 1113 2630 ra
1128 2609 1211 2629 sacrae
1224 2601 1344 2628 ordinem
1362 2598 1524 2632 digeremus.

1114 2648 1213 2675 Scribit
1224 2645 1398 2681 Epiphanius,
1411 2651 1443 2671 ex
1461 2648 1544 2676 eoque
1565 2639 1720 2669 Cedrenus,
1750 2641 1778 2663 et
1799 2635 1855 2681 sui-

1078 2694 1135 2726 das,
1149 2680 1267 2728 singulos
1279 2691 1428 2724 Scriptura:
1442 2694 1525 2714 sacrae
1538 2685 1621 2712 libros
1631 2681 1760 2716 Origenis
1771 2680 1854 2723 studio

1078 2739 1161 2767 fuisse
1175 2726 1375 2771 interpretatos.
1391 2730 1590 2767 Auspicandum
1611 2735 1624 2754 a
1640 2726 1760 2757 Genesi,
1779 2732 1852 2760 quam

1079 2784 1208 2812 tredecim
1238 2779 1493 2810 commentariorum
1520 2775 1594 2801 libris
1625 2777 1653 2799 et
1682 2771 1852 2806 mysticarum

1079 2829 1248 2858 homiliarum
1264 2827 1341 2854 libris
1353 2825 1455 2853 duobus
1472 2821 1622 2856 explicasse
1637 2819 1726 2853 ipsum
1749 2820 1853 2844 testatur
