1927 3076
73 133 154 162 “97’

497 133 778 162 ORIGENIANORUM
799 133 861 161 LIB.
883 133 926 165 Ill,
947 133 1021 161 CAP.
1043 133 1075 165 ΙΙ.
1097 132 1194 162 SECT.
1212 133 1242 160 ll.

1612 140 1680 168 “98

71 194 254 229 Hieronymus
267 192 336 228 apud
351 192 479 221 Ruﬁnum
490 194 593 222 Inmt.
607 194 653 222 lib.
669 202 700 222 tt.
715 193 771 229 (58)
783 193 853 221 Idem
869 196 889 224 Α
906 193 933 220 in
944 192 1087 220 Leuiticum
1100 192 1279 228 fragmentum
1296 194 1409 222 habetur
1422 193 1576 225 Philocolia
1594 199 1682 234 primo

880 275 885 281 ι
904 239 1006 273 capite,
1022 238 1097 273 cujus
1110 246 1144 266 ne
1154 239 1256 273 apicem
1268 240 1376 274 quidem
1398 241 1423 268 in
1447 242 1556 270 homilia
1581 242 1682 272 Latine

69 244 171 275 quaest.
191 239 204 266 ι
229 239 262 266 ad
278 239 382 267 Damas.
403 244 494 267 narrat
509 240 698 267 Adamantium
728 239 855 268 duodcci-

70 294 148 314 mum
162 291 189 314 et
202 286 333 314 decimum
351 287 458 314 tertium
479 285 575 313 librum
590 285 849 314 Commentariorum

68 340 186 361 suorum
217 333 245 360 in
271 332 392 360 Genetio:
418 332 482 360 huic
507 332 566 360 loco
591 331 855 367 exponendooonse-

68 384 165 405 crasse
182 385 190 404 :
204 386 214 403 ε
233 377 328 405 Omnis
339 377 384 412 qui
396 377 527 405 occiderit
547 376 623 410 Cain,
637 376 786 412 septuplum
806 384 854 410 pu-

68 421 165 449 nietur
176 422 198 438 ⁸⁸
206 431 229 449 ,ι
245 422 312 449 Hinc
320 422 506 449 emendandus
519 422 650 449 Eusebius
664 421 740 456 cujus
750 421 818 449 libro
825 429 852 449 vt

68 465 157 499 Hist.,
185 474 243 501 cap.
267 467 302 495 24
315 487 323 500 ,
345 467 402 494 haec
412 466 537 502 leguntur
550 475 558 494 :
570 466 648 494 Κατὰ
662 467 691 494 δὲ
703 466 733 493 τὸ
743 465 853 494 ἔννατον

66 511 127 539 τῶν
138 513 182 546 εἰς
189 512 246 547 τὴν
258 512 384 540 Γένεσιν
395 513 543 548 (δὼδεκαδέ
556 514 613 540 ἐστι
624 513 720 548 πάντα)
733 513 763 539 οὺ
776 513 854 547 μόνον

66 559 136 591 τοὺς
163 558 215 594 πρὸ
241 558 286 585 τοῦ
303 558 412 586 ὲννάτου
428 558 502 595 δηλοῖ
519 559 565 586 ἐπὶ
581 559 630 594 τῆς
652 558 854 593 ’Δλεξανδρεῑας

66 604 319 640 ὑπεμνηματίσθαι.
337 613 346 630 ι
369 604 397 631 lu
409 612 478 632 nono
489 610 577 632 autem
593 604 852 632 Commentariorum

66 650 99 677 in
118 650 238 677 Gens-int
254 650 327 685 (sunt
349 654 438 677 autem
454 650 563 678 omnino
580 649 728 685 duodecim)
745 656 797 677 non
809 656 853 677 so-

66 695 127 723 lum
141 704 188 724 eos
201 696 247 732 qui
264 704 363 724 nonum
375 696 540 732 praecedunt,
551 696 668 724 ostendit
685 695 853 723 Alexandriae

66 741 157 769 fuisse
183 741 370 777 compositos.)
387 741 532 769 Eusebium
561 744 670 769 secutus
686 745 728 768 est
742 740 849 768 Suidas.

65 788 150 823 Saepe
165 793 254 816 autem
270 788 296 816 in
311 795 482 816 numerorum
499 787 570 814 notis
586 786 714 814 labuntur
727 785 850 818 librarii;

65 833 134 861 inde
149 833 263 861 fortasse
277 840 372 866 error,
389 832 505 867 ascripto
521 832 554 859 ιδ’
579 839 628 867 pro
648 835 698 866 ιγ’·
717 831 759 859 vel
776 836 851 859 certe

904 284 1030 312 editionis
1043 284 1171 317 secunda,
1193 285 1286 313 aliisve
1306 286 1433 321 reperias.
1452 287 1491 315 Ex
1521 295 1576 323 quo
1602 288 1682 317 facile

905 330 1041 358 intellectu
1058 335 1100 358 est
1114 330 1205 365 plures
1218 338 1322 365 quoque
1343 332 1369 359 in
1386 332 1529 360 Leviticum
1555 334 1682 362 homilia-

905 383 964 403 rum
979 376 1151 405 collectiones
1165 377 1257 405 fuisse.
1270 377 1362 413 (61)ld
1378 379 1458 405 etiam
1473 387 1505 406 ex
1529 387 1562 408 eo
1582 381 1682 415 proba-

903 426 958 456 tur,
972 423 1045 458 quod
1060 429 1120 450 eum
1135 422 1243 450 homilia
1256 423 1282 455 4,
1293 431 1367 450 num.
1381 423 1407 457 6,
1423 425 1494 452 dicat
1512 425 1641 460 Origenes
1651 433 1682 454 se

901 469 956 505 jam
970 477 1051 505 supra
1068 470 1101 497 de
1117 470 1196 497 lineis
1219 470 1338 498 vestibus
1354 478 1425 506 saepe
1437 471 1533 506 egisse,
1545 476 1573 499 et
1593 472 1682 500 bomi-
1707 487 1711 491 -

902 515 937 543 lia
948 515 975 548 6,
989 523 1062 543 nnm.
1078 515 1106 547 5,
1124 516 1240 551 sparsim
1263 522 1292 543 se
1307 521 1334 543 et
1348 522 1419 550 saepe
1430 516 1463 544 de
1478 518 1682 546 consecratione

902 560 1050 588 sacerdotis
1074 565 1101 588 et
1136 562 1262 588 unctione
1284 561 1442 590 disseruisse
1458 584 1465 596 ,
1494 563 1561 591 nihil
1589 568 1679 592 tamen

901 606 1032 640 ejusmodi
1048 607 1075 634 in
1088 606 1275 641 superioribus
1291 607 1398 641 penitus
1412 612 1509 636 exstet.
1525 609 1565 636 An
1581 616 1613 637 ex
1629 610 1679 637 ho-

902 651 983 679 miliis
995 657 1084 679 autem
1099 652 1328 687 extemporalibus
1357 653 1541 688 depromptum
1568 655 1604 683 sit
1624 654 1680 682 fra-

901 703 1039 733 gmentum
1055 697 1126 725 istud
1147 698 1228 733 primi
1251 697 1405 726 Philocolite
1420 699 1519 735 capitis
1535 707 1569 728 ex
1594 701 1682 729 bomi-

901 741 934 769 lia
957 742 977 769 2
1000 743 1028 770 in
1052 742 1206 775 ιευίιϊιιιηι,
1230 750 1265 770 an
1288 750 1321 770 ex
1347 744 1492 773 elaboratis
1518 753 1566 781 per
1595 748 1681 775 otium

901 787 1053 823 (utriusque
1069 789 1140 816 enim
1154 788 1262 824 generis
1279 788 1402 818 bomilias
1415 790 1565 825 profudisse
1589 791 1682 828 Orige-

901 840 961 861 nem
977 834 1220 862 demonstrabimus
1240 834 1322 870 intra)
1340 835 1472 863 incertum
1490 841 1540 864 est.

66 886 97 906 tn
109 887 144 907 eo
158 879 251 908 codice
265 886 318 914 quo
329 878 451 907 utebatur
464 878 604 911 Eusebius,
615 878 641 905 in
651 885 732 905 unum
743 878 852 906 coalue-
866 869 887 898 Β
935 878 991 914 (62)
1006 878 1110 907 Praeter
1119 879 1246 907 bomilias
1262 884 1324 907 octo
1342 884 1369 907 et
1381 880 1471 915 viginti
1488 881 1514 908 in
1534 880 1679 914 Numeros,

70 929 140 952 runt
165 925 329 961 posteriores
351 925 410 952 libri
437 924 505 958 duo,
520 928 611 959 utpote
639 923 685 959 qui
697 924 769 951 circa
782 923 850 951 idem

66 976 258 1006 argumentum
274 975 454 999 versarentur.

105 1015 303 1050 Septemdecim
333 1017 459 1045 bomilias
473 1017 502 1044 in
519 1015 638 1044 Genesim
652 1016 786 1051 hodieque
806 1023 851 1043 su-

68 1063 198 1097 perstites
211 1061 323 1090 Ruﬁnus
338 1061 435 1090 Latino
447 1069 571 1091 sermone
581 1062 691 1090 donavit
708 1071 715 1090 :
728 1062 851 1090 diversas

68 1107 132 1135 illas
145 1115 204 1136 esse
215 1116 229 1135 a
241 1109 361 1143 mysticis
372 1108 489 1136 homiliis
501 1108 570 1136 infra
583 1109 765 1137 ostendemus.
780 1107 850 1136 [dem

67 1157 146 1180 certe
167 1152 346 1188 Hieronymus
371 1153 398 1180 in
422 1153 535 1187 epistola
552 1153 613 1185 £26,
636 1153 669 1180 ad
694 1153 849 1188 Evagrium,

67 1198 168 1226 scribit
191 1198 336 1234 Origenem
350 1198 377 1226 in
395 1198 480 1234 prima
494 1198 666 1226 homiliarum
691 1199 718 1226 in
732 1198 851 1227 Genesim

69 1244 107 1271 de
122 1243 316 1272 Melchisedech
332 1244 511 1272 disseruisse:
528 1244 583 1280 (59)
601 1244 676 1280 cujus
689 1252 749 1272 cum
779 1245 850 1272 nulla

70 1289 203 1317 habeatur
215 1289 316 1317 mentio
327 1289 354 1316 in
375 1290 463 1324 prima
490 1289 659 1317 bomiliarutn
676 1297 735 1324 qua:
758 1297 852 1324 super-

72 1339 143 1367 sunt,
168 1334 336 1363 concluditur
354 1334 395 1362 vel
427 1335 578 1369 respexisse
604 1333 794 1369 Hieronymum
817 1334 850 1360 ad

72 1380 189 1414 priorem
209 1380 382 1416 mysticarum
405 1379 575 1408 homiliarutn
587 1398 596 1412 ,
612 1379 654 1407 vel
671 1379 760 1413 plures
781 1378 849 1406 alias

72 1425 243 1453 homiliarum
259 1427 286 1453 in
300 1424 420 1453 Genetio:
435 1417 605 1453 colleétiones
619 1425 765 1452 exstitisse.

106 1471 268 1506 Fragmenta
284 1471 385 1506 aliquot
404 1479 420 1500 e
443 1471 523 1499 tomis
539 1470 664 1506 Origenis
683 1470 710 1497 in
730 1469 851 1498 Exedunt

70 1516 202 1544 vicesimo
226 1521 302 1544 sexto
323 1515 478 1543 Philocalio:
509 1515 597 1550 rapite
624 1515 806 1542 continentur.
821 1514 849 1541 In

68 1563 196 1589 eumdem
214 1566 342 1596 pmterea
360 1561 468 1594 librum,
484 1565 512 1588 et
524 1561 550 1588 in
569 1560 711 1588 Leviticum
726 1566 851 1596 excerpta

68 1615 120 1634 seu
143 1607 247 1635 scholia
260 1607 403 1642 scripsisse
417 1614 478 1634 cum
494 1607 576 1634 tradit
590 1606 767 1642 Hieronymus
783 1606 852 1641 apud

68 1653 200 1681 Rufinum
210 1654 244 1682 δι.
255 1653 311 1689 (60)
327 1653 469 1682 Duodecim
477 1660 541 1681 vero
551 1652 676 1681 bomilias
693 1653 719 1679 in
735 1652 852 1686 priorem

68 1700 145 1728 hunc
170 1699 317 1734 Scriptum
345 1699 455 1732 librum,
477 1699 614 1727 sexdecim
639 1698 665 1726 in
687 1703 852 1734 postremum

68 1745 187 1774 Ruﬁnus
209 1745 304 1774 Latine
320 1745 430 1774 refudit.
445 1745 522 1773 Aliud
546 1752 579 1772 ex
607 1743 718 1772 homilia
733 1744 863 1771 secunda

106 1802 131 1818 ιδ
145 1801 245 1829 Cenes.
263 1801 357 1832 ".14.
395 1800 416 1817 “
435 1799 525 1827 Ruﬁn.
546 1799 645 1826 Inieci.
662 1798 709 1826 lib.
726 1806 756 1826 ιι.

107 1849 166 1886 (58)
182 1849 255 1886 Idem
273 1849 401 1886 qu_¢1;tt._l_
419 1850 452 1875 ad
479 1847 602 1886 Domus._
614 1851 704 1886 narrat
718 1846 852 1886 Adaman-

69 1880 219 1919 tiu‘m,'etc.
234 1880 285 1911 Ex'
304 1884 346 1911 his
371 1882 525 1918 Hieronymi
547 1882 648 1919 verbis
661 1881 744 1919 liquet
771 1880 852 1907 hosce

69 1915 285 1948 commentarios
306 1926 359 1946 non
374 1915 530 1953 progressos
544 1924 605 1953 esse
620 1916 693 1953 _ultra_
717 1915 852 1953 G_et_icseos

69 1959 155 1991 caput
169 1958 307 1991 quartum;
323 1949 398 1991 Quod
409 1949 515 1991 quidem
542 1952 604 1991 ipse
620 1951 705 1991 innuit
724 1949 852 1991 Qrigenes

70 1985 122 2017 lib.
138 1998 162 2017 VI
177 1985 272 2016 'contro
286 1985 367 2020 6:18.,
379 1985 453 2015 nuin.
466 1987 511 2019 49,
525 1985 569 2014 ubi
581 1987 635 2014 ait:
652 1985 741 2018 «Quod
756 1985 778 2012 si
792 1985 852 2020 quis

70 2025 167 2052 videre
176 2024 310 2051 desiderat
323 2019 382 2060 qua:
393 2023 469 2050 nobis
485 2022 616 2060 proditam
631 2028 645 2048 a
656 2020 745 2056 Moyse
760 2019 851 2060 mundi

71 2060 239 2088 creationem
252 2054 445 2096 persuadeant;
457 2054 493 2085 et'
504 2057 601 2092 quibus
619 2054 784 2096 argumentis
806 2054 850 2096 ill?

71 2088 260 2126 conﬁrmetur;
273 2098 362 2121 sumat
377 2094 403 2120 in
427 2088 523 2119 manus
538 2098 598 2126 quae
620 2088 796 2126 in'Genesim
813 2088 851 2126 ab

72 2130 152 2157 initio
165 2124 295 2164 usque-ad
306 2128 388 2164 haec:
408 2127 456 2154 Hic
471 2132 507 2154 est
526 2124 603 2164 Liber
623 2124 851 2164 generationis/to-

73 2166 177 2191 minam
192 2158 295 2199 (Cenes.
309 2171 335 2199 v,
354 2163 392 2198 l).
408 2161 583 2199 commentati
602 2158 717 2199 sumus;
727 2168 737 2185 ι
752 2158 851 2194 quibus

73 2200 174 2235 capitis
187 2194 275 2234 quinti
291 2194 396 2235 initium
422 2194 764 2235 continetur.__Notaudutn
783 2201 851 2235 pltat:-

72 2227 150 2270 teFea
171 2227 269 2270 τέμους
298 2234 325 2261 in
350 2232 474 2270 Cenesim
502 2239 555 2258 non
583 2231 704 2270 diversos
720 2227 851 2270 viderinab

72 2269 147 2305 illius
171 2262 347 2305 op'ererquod
369 2266 640 2305 Hierotiymus_epist.
655 2264 700 2298 4i,
722 2262 849 2305 _alias_65,

74 2299 259 2331 Hexaemeron
274 2299 363 2335 v'ocat,
378 2310 436 2330 cum
452 2299 504 2328 ait:
523 2311 533 2326 ι
546 2299 637 2335 Nuper
653 2299 851 2335 sanctus__Ani-

72 2340 184 2367 hrosius
201 2340 241 2366 sic
256 2333 437 2365 Hexaemeron
450 2336 520 2363 illius
531 2333 674 2371 (Origeuis)
686 2333 850 2367 compilavit,

73 2379 105 2401 ut
128 2374 214 2409 magis
235 2373 369 2409 Hippolyti
390 2370 541 2400 sententias
563 2370 708 2404 Basiliique
723 2374 851 2402 sequere-

72 2415 130 2437 ιυτ.
147 2418 156 2434 ι

111 2444 168 2480 (59)
184 2443 266 2479 Cujus
283 2451 341 2470 cum
363 2442 435 2469 nullo
456 2440 587 2480 habeatur.
600 2438 696 2480 utentia
714 2437 742 2480 in
768 2436 852 2480 primo

71 2471 244 2506 homiliarum
268 2486 326 2514 qua:
347 2480 493 2514 supersunt,
507 2474 687 2514 concluditur,
701 2471 852 2514 etcthNibil

72 2515 183 2549 quidem
195 2506 328 2549 ejusmodi
348 2506 491 2549 reperitur
507 2510 534 2537 in
560 2510 649 2549 prima
661 2547 664 2549 Δ
681 2506 851 2547 homiliarum

72 2543 136 2584 qua:
155 2543 309 2583 supersunt,
323 2543 386 2584 imo:
396 2554 446 2574 nec
461 2546 487 2584 in
507 2543 621 2584 caeteris.
635 2543 670 2570 At
693 2543 852 2584 vero_'vat-ia

71 2577 139 2611 olim
156 2577 264 2611 fuerunt
288 2577 458 2610 homiliarum
473 2578 639 2616 ἱηχϐξηεείηι
669 2577 850 2616 collectioues,

75 2620 113 2645 uti
130 2619 213 2646 liuuet
223 2626 257 2645 ex
271 2617 432 2646 Cassiodoro
445 2617 490 2646 qui
503 2615 539 2642 De
550 2615 661 2641 institui.
677 2612 758 2639 divin.
772 2612 852 2639 litter.

73 2662 136 2688 cap.
151 2648 178 2686 1',
190 2653 326 2681 sexdecim
341 2648 576 2688 tantutnOrigenis
590 2648 716 2687 bomilias
734 2653 853 2688 (etimne-

75 2680 129 2716 rai.
150 2680 226 2716 Unde
240 2697 292 2716 non
304 2688 417 2714 absurde
433 2686 486 2713 dici
500 2680 593 2719 potest
606 2690 665 2721 eam
679 2682 705 2708 in
732 2680 852 2721 Genesim

75 2723 215 2751 bomiliam
236 2731 296 2758 qua:
319 2722 351 2748 ad
376 2728 423 2747 nos
434 2728 490 2758 non
508 2719 646 2753 pervenit,
661 2724 722 2758 esse
738 2719 851 2758 primam

73 2766 170 2785 earum
187 2755 300 2793 quarum
321 2755 510 2793 septemdecim
529 2756 689 2793 supersunt,
704 2757 817 2793 quasque
836 2757 851 2777 a

76 2788 261 2829 mysticis-non
277 2797 339 2820 sunt
352 2788 473 2829 diversae,
488 2788 602 2829 utniul'ra
617 2788 799 2829 ostendemus:

109 2820 168 2865 (60)
184 2828 326 2865 Duodecim
357 2833 416 2853 vero
439 2823 560 2865 lipmiiitu
587 2822 757 2865 inupriorent
775 2820 852 2865 Ibunt:

75 2855 220 2900 Script'tme
243 2861 348 2895 librum,
369 2864 419 2888 etc.
443 2859 482 2887 Ex
512 2858 554 2886 bis
568 2857 688 2892 quidem
712 2855 851 2883 duodecim

865 1536 885 1565 C

901 924 1001 952 scholia
1021 931 1128 960 quoque
1136 925 1254 952 edidisse
1266 932 1327 952 eum
1347 925 1429 953 tradit
1448 925 1560 954 Ruﬁnus
1572 926 1678 962 Prolog.

900 970 1112 1005 bomil.0rigen.
1127 971 1153 998 in
1169 969 1264 1002 Num.,
1276 970 1322 998 sed
1336 971 1362 999 in
1382 979 1465 999 unum
1482 972 1520 1000 ita
1546 979 1608 1000 cum
1633 974 1681 1000 ho-

901 1015 983 1043 miliis
1007 1016 1134 1050 permista
1149 1021 1210 1043 sunt
1233 1016 1267 1043 ab
1287 1016 1337 1044 hoc
1365 1016 1481 1050 Ruﬁno,
1503 1025 1564 1045 cum
1579 1017 1664 1051 Latin_

901 1066 1013 1096 utraque
1033 1066 1191 1096 exponeret,
1204 1065 1235 1089 ut
1257 1069 1306 1097 pro
1318 1061 1411 1089 eodem
1436 1061 1528 1090 haberi
1547 1067 1678 1096 possent:

903 1115 913 1133 ι
929 1106 1108 1141 Quaecunque,
1126 1106 1222 1141 inquit,
1247 1107 1274 1135 in
1303 1106 1481 1135 Numerorum
1507 1107 1589 1141 libro,
1622 1108 1680 1136 sive

902 1152 1065 1180 homiliatieo
1077 1152 1146 1188 stylo
1159 1173 1167 1186 ,
1184 1153 1240 1180 sive
1254 1153 1335 1180 etiam
1348 1160 1380 1180 ex
1407 1153 1449 1180 his
1467 1161 1527 1188 quae
1545 1153 1678 1189 Excerpta

900 1196 1078 1231 appellantur,
1092 1197 1193 1231 scripta
1217 1197 1375 1232 reperimus,
1388 1198 1444 1225 haec
1472 1203 1633 1233 perurgente
1654 1204 1680 1227 te

902 1243 1032 1275 Romana,
1046 1247 1076 1270 ut
1098 1243 1243 1278 potuimus,
1261 1250 1326 1271 voce
1350 1251 1383 1271 ex
1399 1244 1513 1271 diversis
1542 1244 1569 1271 in
1596 1252 1678 1272 unum

900 1289 1021 1316 ordinem
1038 1288 1150 1317 collecta
1171 1289 1341 1325 digessimus.
1360 1299 1369 1316 ι
1400 1290 1575 1326 Hieronymus
1590 1291 1616 1318 in
1634 1291 1678 1317 in-

901 1335 1092 1368 terpretatione
1109 1335 1274 1362 duodecimae
1293 1335 1416 1370 Origenis
1428 1336 1456 1362 in
1474 1335 1614 1363 Jeremiom
1631 1336 1679 1363 lto-

900 1378 981 1406 miliae
994 1384 1069 1407 notat
1083 1380 1117 1407 de
1133 1379 1346 1408 sacerdotalibus
1359 1380 1592 1409 benedictionibus
1606 1381 1679 1409 Ada-

901 1425 1029 1453 mantium
1059 1425 1229 1453 disseruisse.
1256 1425 1329 1453 Nihil
1350 1431 1440 1453 autem
1470 1426 1620 1462 huiusmodi
1652 1428 1679 1454 in

902 1469 1047 1497 Rullniana
1062 1469 1221 1497 collectione
1238 1474 1386 1505 comparet.
1397 1469 1481 1505 Igitur
1493 1470 1536 1498 vel
1556 1470 1680 1497 bomilias

902 1516 968 1544 istas
982 1523 1032 1550 pro
1048 1516 1244 1544 consuetudine
1258 1524 1305 1544 sua
1323 1516 1474 1543 decurtavit
1487 1520 1514 1543 et
1536 1515 1682 1550 interpola-

902 1561 941 1588 vit
956 1561 1086 1594 Rulinus;
1103 1560 1160 1596 (63)
1174 1561 1216 1588 vel
1235 1560 1331 1596 aliquae
1347 1561 1403 1596 jam
1417 1561 1502 1596 ipsius
1514 1565 1594 1588 aetate
1605 1561 1680 1589 exci-

903 1608 1007 1636 derant.
1599 1609 1602 1611 ’

939 1652 1004 1681 Sese
1037 1653 1180 1688 aliquando
1204 1653 1231 1679 in
1254 1652 1493 1682 Deuteronomium
1521 1653 1682 1681 disseruisse

903 1697 1032 1732 Origenes
1047 1698 1167 1726 declarat
1180 1699 1254 1726 hom.
1271 1699 1287 1725 8
1299 1699 1328 1725 in
1341 1697 1406 1725 Luc.
1419 1698 1548 1726 Eumdem
1569 1706 1633 1726 vero
1649 1698 1682 1725 li-

904 1744 982 1772 hrum
996 1744 1200 1780 explanaturum
1212 1751 1244 1772 se
1254 1744 1370 1772 allirmat
1387 1749 1453 1773 tom.
1467 1751 1542 1771 xxxii
1554 1744 1580 1770 in
1587 1743 1681 1777 Joan.,

907 1848 1009 1871 tantum
1026 1847 1219 1871 commemorat
1245 1843 1422 1871 Cassiodorus
1439 1843 1476 1869 De
1500 1842 1582 1870 instit.
1596 1843 1680 1871 divin.

905 1880 985 1906 litter.
1004 1886 1064 1913 cap.
1076 1879 1103 1908 l.
1118 1879 1164 1905 sed
1178 1878 1308 1905 tredecim
1322 1878 1401 1905 hodie
1418 1883 1578 1912 supersunt.
1594 1886 1653 1912 qua:
1665 1887 1681 1907 a

906 1913 1021 1946 neruine,
1042 1913 1113 1948 quod
1134 1913 1228 1945 sciam,
1244 1913 1270 1948 in
1295 1913 1404 1948 dubium
1425 1918 1596 1948 revocantur.
1613 1913 1682 1941 Hinc

905 1954 1016 1983 apparet
1031 1947 1120 1976 varias
1134 1955 1227 1975 earum
1244 1947 1308 1983 olim
1333 1947 1416 1975 fuisse
1433 1947 1614 1983 collectiones,
1627 1948 1682 1976 Du-

905 1981 964 2018 piex
988 1991 1021 2010 ex
1042 1983 1159 2018 homilia?
1173 1987 1277 2018 octava,
1296 1982 1473 2018 fragmentum
1500 1981 1682 2018 aﬂ‘ertJonns

905 2017 1105 2045 Aurelianensis
1119 2017 1260 2052 episcopus
1273 2017 1319 2045 lib.
1335 2017 1391 2044 IDe
1400 2017 1563 2044 institutione
1580 2017 1680 2049 laicoli,

904 2061 963 2087 cap.
976 2053 1019 2085 l9,
1035 2059 1062 2081 et
1081 2053 1201 2087 ejusdem
1230 2052 1290 2079 libri
1305 2059 1364 2086 cap.
1382 2052 1426 2083 15,
1447 2052 1559 2078 alterum
1573 2052 1682 2079 exhibet

904 2095 936 2115 ex
951 2087 1058 2115 homilia
1080 2088 1195 2115 decitna.
1212 2088 1249 2114 De
1277 2087 1386 2114 scholiis
1400 2094 1464 2114 vero
1479 2087 1508 2113 in
1521 2087 1642 2113 Erotium
1654 2092 1682 2113 et

904 2123 931 2150 in
943 2123 1085 2150 Leviticum
1103 2122 1169 2149 nihil
1190 2122 1268 2149 hodie
1283 2126 1414 2156 superest,
1434 2121 1484 2148 nisi
1497 2121 1567 2148 forte
1580 2121 1680 2156 aliqmd

904 2158 966 2185 inde
977 2162 1133 2192 excerptum
1154 2158 1270 2192 habeant
1286 2155 1395 2190 ὲκλογαὶ
1417 2164 1477 2190 quae
1494 2156 1546 2192 sub
1555 2155 1681 2192 Origeuis

904 2193 1013 2220 nomine
1032 2191 1065 2219 in'
1082 2191 1185 2220 catenis
1207 2191 1308 2219 Graecis
1326 2191 1514 2226 ntanuscriptis
1539 2191 1681 2218 circmul‘e—

904 2233 1019 2260 runtur,
1050 2234 1172 2263 quasque
1191 2226 1219 2253 in
1240 2231 1333 2254 nostra
1357 2225 1477 2254 editione
1505 2232 1681 2260 repraesenta-

901 2270 970 2290 mus.

936 2297 991 2337 (ὅς)
1007 2296 1044 2337 Id.
1052 2296 1131 2323 etiam
1147 2304 1218 2337 ιτερο
1231 2296 1364 2337 probatur,
1381 2293 1548 2337 quod‘Jonas
1561 2294 1681 2337 Aurelia-

902 2329 993 2359 nensis
1003 2331 1146 2366 episcopus
1167 2332 1213 2359 lib.
1228 2338 1248 2363 ι,
1261 2331 1300 2358 De
1323 2329 1437 2357 inuitat.
1448 2329 1522 2360 loic..
1532 2337 1593 2365 cap.
1605 2329 1632 2363 5,
1645 2337 1680 2357 ex

902 2366 1010 2394 homilia
1025 2367 1109 2401 prima
1124 2365 1302 2401 fragmentum
1316 2365 1437 2397 exhibet,
1451 2365 1523 2399 quod
1542 2365 1681 2393 hodiernae

900 2401 1033 2428 editiones
1046 2401 1072 2428 in
1086 2402 1203 2428 secunda
1216 2405 1318 2428 tantum
1332 2403 1536 2435 repraesentant.

937 2435 992 2471 (62)
1007 2435 1106 2471 Praeter
1116 2435 1238 2462 homilia:
1254 2441 1311 2471 octo
1323 2440 1346 2462 et
1359 2433 1462 2469 uiginti,
1476 2438 1529 2460 etc.
1556 2433 1678 2471 Triginta

901 2467 1025 2505 Orige'nis
1038 2471 1066 2496 in
1076 2469 1104 2505 7N
1109 2477 1211 2497 umeros
1226 2470 1351 2498 bomilias
1363 2467 1559 2505 commemorat
1570 2467 1678 2505 Cassio-

902 2501 983 2533 doriis
1009 2505 1056 2532 tib.
1069 2504 1109 2531 De
1129 2505 1241 2531 inuitat.
1262 2505 1341 2532 divin.
1359 2504 1439 2531 liuer.
1464 2510 1524 2538 cap.
1539 2504 1565 2536 t_.
1580 2501 1679 2531 Verum

901 2546 963 2569 octo
980 2545 1083 2566 tantum
1098 2544 1125 2566 et
1137 2539 1229 2574 viginti
1241 2539 1320 2566 hodie
1332 2542 1486 2574 supersunt.

937 2574 991 2611 (65)
1007 2573 1051 2611 γει
1061 2571 1177 2611 Διιιὶιιιιιιί
1181 2573 1195 2609 j
1199 2581 1249 2611 ιιηι⁸
1255 2574 1336 2607 ipsius
1348 2571 1610 2611 (etats__exciderdnt.__
1619 2571 1680 2610 vel,

901 2605 973 2645 quod
982 2605 1160 2645 verisimilius
1170 2605 1222 2645 est,
1233 2605 1269 2635 de
1276 2608 1493 2645 _5acerdotalibus
1506 2605 1680 2645 benedictio.

903 2641 980 2673 uibus
996 2645 1123 2672 disseruit
1134 2643 1265 2678 Origenes
1276 2643 1303 2670 in
1317 2643 1449 2671 alterutra
1467 2649 1482 2678 β
1497 2641 1602 2678 duabus
1625 2641 1680 2678 lto-

902 2680 984 2707 tniliis
998 2679 1154 2712 deperditis,
1170 2675 1230 2712 q'u:e
1254 2685 1395 2705 numerum
1413 2677 1558 2713 explebant
1564 2675 1679 2713 triginta

902 2709 1074 2742 homiliarum
1092 2709 1159 2747 quas
1178 2709 1243 2739 vidit
1262 2709 1456 2740 Cassiodorus."
1472 2710 1586 2747 Humilia
1603 2709 1638 2736 25
1652 2711 1680 2736 in

902 2749 995 2781 Iosue,
1009 2756 1082 2776 num.
1095 2745 1122 2779 ἰ,
1138 2748 1203 2775 citat
1215 2746 1345 2782 Origenes
1358 2747 1482 2775 bomilias
1495 2747 1524 2782 in
1540 2745 1679 2782 Numeres,

902 2790 929 2811 et
939 2779 1054 2812 homiliis
1068 2783 1096 2810 in
1109 2783 1239 2810 Numeros
1259 2779 1293 2810 ἢ
1305 2802 1313 2814 ,
1326 2789 1399 2809 num.
1413 2782 1438 2813 i,
1466 2789 1493 2816 p.
1507 2781 1569 2813 3H,
1585 2785 1612 2816 et
1633 2779 1679 2810 27.

904 2827 976 2846 num.
989 2819 1016 2850 9,
1034 2819 1100 2846 citat
1127 2818 1264 2846 homiliam
1279 2817 1322 2851 15,
1340 2818 1365 2844 in
1381 2815 1512 2849 Gsnetim,
1524 2821 1552 2844 et
1568 2815 1680 2844 alteram

902 2855 1044 2888 quamdam
1055 2853 1082 2880 in
1094 2852 1225 2880 Erotium.
