1927 3076
267 131 339 161 “99

896 130 925 157 P.
943 129 1100 157 DANIELIS
1118 129 1235 158 HUETII

1789 133 1847 160 1200

267 200 381 221 num.u.
401 192 467 220 Octo
484 191 510 218 in
524 199 585 219 eum
602 190 726 218 homilias
738 189 864 225 Origenis
879 198 1043 226 commemo-
1056 194 1078 222 Α
1093 192 1168 224 tium,
1196 191 1240 218 ubi
1263 195 1289 217 et
1314 190 1340 218 id
1363 190 1470 226 apponit
1492 199 1501 218 :
1532 199 1542 216 ι
1558 190 1612 218 Cur
1638 190 1774 219 Tractatus
1798 194 1846 227 eius

268 244 309 267 rat
320 239 491 267 Cassiodorus
510 237 556 264 lib.
571 236 697 263 Deinttit.
713 237 795 264 divin.
814 235 957 270 Scriptum,
974 244 998 263 c.
1014 237 1040 264 1.

270 295 280 311 ι
297 284 401 318 Reliqui
415 283 494 310 etiam
506 282 583 309 vobis
597 282 624 308 in
650 281 886 309 Deuteronomium
904 289 1043 309 sermones

267 335 328 358 octo
345 327 489 363 (Origeuis)
523 328 548 353 in
571 327 668 362 quibus
681 332 722 354 est
735 328 835 354 minuta
851 327 931 354 nimis
939 332 965 354 et
979 327 1043 354 θυι).

269 375 323 401 tilis
336 373 493 408 expositio.»
512 371 624 399 Buliuus
640 372 666 399 in
688 372 801 407 Prologo
820 373 853 399 ad
878 372 1041 400 Ursacium:

270 429 279 445 ι
293 419 350 446 Jam
359 419 430 445 enim
445 426 477 446 ex
493 418 628 450 outuihus,
642 425 701 452 quae
714 419 739 444 in
756 418 813 452 lege
829 418 930 452 scripta
945 417 1042 451 reperi,

267 464 330 491 solae
340 468 368 490 ut
380 469 443 498 puto
461 464 486 490 in
506 463 712 490 Deuteronomio
724 463 821 489 desunt
848 463 1041 494 oratiunculae,

265 517 332 545 quas
346 510 368 537 si
383 508 629 542 Dominusjuverit,
642 513 669 535 et
680 509 822 536 sanitatem
832 508 935 535 dederit
946 508 1041 540 oculis,

265 555 387 590 cupimus
399 554 500 588 reliquo
509 553 615 588 corpori
627 554 742 581 sociare.
760 562 768 578 ι
785 553 867 580 Porro
882 557 1043 580 memoratos

266 601 292 628 in
319 600 531 628 Pentateuchum
562 604 649 627 tomos
682 598 843 633 signiﬁcavit
864 597 1043 633 Hieronymus

265 645 342 680 epist.
361 644 407 676 65,
422 651 480 678 cap.
500 644 528 677 2,
548 651 609 671 cum
635 643 805 670 Ambrosium
833 642 900 670 dixit
921 642 1043 678 Origenis

266 690 447 718 Hexaemeron
461 690 632 724 compilasse.

299 735 330 763 ll.
344 736 399 771 (6i)
415 735 512 770 Viginti
533 741 580 763 sex
594 733 719 764 homilias
736 734 762 761 iu
777 733 858 761 Josue
871 741 904 761 ex
925 739 1043 768 tempore

265 781 300 808 ab
314 780 472 807 Adamantio
485 786 549 806 sene
562 779 704 813 recitatas,
717 783 745 806 et
757 779 886 805 industria
919 783 1042 813 excepto-

266 834 324 853 rum
339 831 460 853 servatas
469 824 581 852 Ruﬁnus
594 825 691 852 Latine
709 824 834 852 reddidit.
855 824 1040 859 Fragmentum

266 879 298 899 ex
310 871 419 900 humilia
433 870 469 898 20
483 870 668 898 duodecimum
684 869 838 896 Ρὴίιοεαιὶω
849 875 930 903 caput
944 877 1041 904 reprze-

265 921 364 944 seutat.
386 916 516 944 Homilias
537 923 631 943 novem
655 915 681 942 iu
703 915 813 943 Judices
827 915 930 942 Latinis
950 916 1042 943 itidem

265 963 354 990 verbis
372 963 462 990 retulit
485 961 608 988 Rufinus.
631 960 759 996 Origenes
782 961 808 987 in
831 961 945 994 Prologo
967 959 1042 988 Com-

266 1007 458 1034 mentariorum
483 1006 511 1032 in
537 1004 671 1032 Canticum
698 1005 875 1038 canticorum,
902 1012 984 1039 agens
1009 1005 1042 1031 de

265 1053 370 1081 cantico
381 1052 490 1079 Deburte
515 1051 550 1078 ita
572 1051 676 1083 scribit,
694 1050 786 1084 p.54:
805 1060 815 1076 ι
834 1051 931 1078 Verum
963 1055 990 1078 et
1009 1051 1042 1077 de

266 1099 308 1126 his
322 1097 426 1132 plenius
442 1096 469 1123 in
485 1095 538 1123 illis
553 1094 731 1123 oratiunculis
744 1101 810 1128 quas
820 1094 852 1121 de
863 1093 953 1121 libello
968 1093 1043 1121 Judi-

264 1152 326 1172 cum
340 1143 484 1175 edidimus,
497 1142 611 1169 disserta
625 1141 768 1177 reperies.)
783 1141 864 1176 Atqui
876 1148 910 1168 ex
921 1141 1043 1168 oratiun-

264 1190 332 1218 culis
344 1190 369 1216 in
384 1189 493 1217 iudices
505 1196 564 1223 quae
580 1192 734 1223 supersunt,
751 1192 826 1215 sexta
845 1188 979 1215 canticum
997 1186 1044 1214 De-

264 1237 336 1264 borat
346 1235 482 1269 explanat.
499 1233 647 1262 Verisimile
659 1241 724 1269 ergo
739 1238 781 1260 est
796 1234 844 1261 has
869 1235 942 1268 ipsas
956 1233 1044 1260 homi-

264 1281 315 1308 lias
328 1280 462 1314 designari
486 1279 519 1306 ab
535 1278 653 1314 Origene
665 1299 673 1312 ,
690 1279 855 1314 proindeque
881 1279 914 1305 ab
936 1285 968 1306 eo
985 1278 1043 1312 ipso

268 1327 350 1353 fuisse
364 1326 460 1357 editas,
470 1333 522 1352 non
540 1332 573 1352 ex
591 1329 709 1359 tempore
724 1328 868 1358 conceptas
895 1328 922 1350 et
945 1323 1043 1350 recita-

265 1376 316 1398 tas.
331 1371 358 1398 In
378 1371 459 1398 libros
472 1371 573 1404 Regum
593 1370 653 1397 duas
681 1370 790 1397 omnino
811 1369 927 1396 humilia:
950 1376 1044 1402 super-

264 1421 326 1444 sunt
341 1424 348 1442 :
363 1417 438 1450 prior
453 1416 478 1443 in
492 1415 501 1442 l
515 1415 582 1450 Reg.
606 1422 667 1450 cap.
686 1422 694 1442 ι
714 1419 741 1442 et
756 1422 774 1441 ιι
789 1423 796 1448 ;
810 1414 894 1441 altera
909 1414 934 1440 in
951 1414 958 1440 l
977 1413 1041 1448 Reg.

265 1470 360 1495 xxvm,
378 1463 404 1489 in
417 1469 469 1496 qua
484 1461 516 1489 de
529 1461 741 1496 engastrimytho
753 1460 913 1494 disputatur.
922 1459 1042 1486 Priorem

266 1509 358 1536 Latina
373 1508 453 1535 habet
470 1507 594 1541 Origenis
612 1506 714 1538 editio;
735 1506 848 1532 alteram
866 1512 882 1532 e
906 1504 1044 1532 Vaticanis

266 1553 430 1581 membranis
447 1551 562 1579 Allatius
586 1551 667 1578 eruit.
690 1551 805 1578 Humilia
837 1550 946 1584 insuper
964 1550 1042 1576 tertia

265 1599 291 1625 in
304 1598 361 1626 Jus.
378 1606 450 1625 num.
463 1597 490 1630 ι,
503 1598 541 1625 ait
553 1597 682 1632 Origenes
701 1604 730 1624 se
742 1597 884 1632 aliquando
896 1598 928 1624 de
941 1597 1044 1624 duabus

266 1643 463 1676 meretricibus,
484 1635 598 1679 quarum
616 1643 690 1670 litem
716 1642 843 1670 Salomon
872 1643 1042 1677 disceptavit,

264 1689 291 1717 iu
313 1689 433 1717 Ecclesia
456 1689 488 1716 ad
511 1689 638 1724 populum
662 1689 835 1716 disseruisse.
867 1687 1044 1715 Cassiodorus

265 1739 394 1770 praeterea
408 1735 434 1762 in
448 1735 517 1762 libro
530 1734 568 1762 De
580 1735 743 1762 institutione
757 1734 907 1760 divinarum
924 1732 1044 1768 Scriptu-

265 1791 364 1814 rarum,
381 1789 440 1817 cap.
455 1782 484 1815 2,
505 1782 619 1809 allirmat
633 1789 663 1808 se
677 1785 791 1816 quatuor
807 1781 930 1815 Origenis
955 1781 1042 1808 homi-

264 1828 314 1855 lias
337 1830 363 1856 iu
388 1829 504 1862 primum
525 1827 623 1855 librum
637 1827 740 1862 Regum
753 1827 908 1858 invenisse;
923 1834 1003 1853 unam
1017 1826 1042 1853 in

264 1873 362 1901 librum
378 1873 545 1906 secundum;
573 1877 600 1900 et
613 1880 705 1904 unam,
729 1879 844 1907 eamque
863 1871 996 1907 prolixam
1016 1871 1042 1898 in

264 1919 361 1946 librum
374 1919 517 1946 secttndutn
531 1917 768 1953 Paralipomenom.
778 1918 848 1945 idem
859 1925 918 1952 cap.
937 1917 963 1951 6,
979 1926 1042 1944 nar-

265 1969 306 1991 rat
317 1964 387 1991 visas
399 1965 448 1992 sibi
465 1965 491 1991 iu
503 1964 569 1992 duos
583 1963 673 1991 Esdm
688 1964 772 1991 libros
789 1964 910 1999 singulas
921 1963 1044 1999 Origenis

265 2010 402 2042 homilias,
417 2017 476 2045 qua:
491 2018 506 2036 a
519 2009 652 2037 Bellatore
666 2010 824 2044 presbytero
843 2009 964 2037 Romana
982 2017 1044 2037 ora-

265 2057 338 2084 tione
348 2055 487 2090 explicatae
499 2059 569 2082 sunt.
586 2054 681 2082 Jobum
703 2055 793 2082 multis
823 2055 939 2082 homiliis
950 2055 1043 2089 Orige-

264 2109 311 2128 nes
321 2101 454 2136 exposuit.
479 2101 525 2128 Sic
542 2100 696 2127 Eustatltius
721 2100 903 2127 Antiochenus
923 2101 950 2128 in
976 2101 1042 2127 Dia-

264 2145 380 2180 gnostico
404 2145 436 2171 de
457 2143 658 2179 engastrimytho
672 2152 681 2171 :
697 2144 764 2180 Περὶ
778 2144 805 2171 δέ
820 2152 852 2179 γε
864 2145 911 2171 τοῦ
926 2145 1043 2172 πολύτλα

1092 238 1234 272 (Origenis)
1259 237 1285 264 in
1306 236 1354 264 .lub
1379 237 1523 272 descriptos
1543 237 1634 268 habes.
1659 237 1685 264 in
1698 239 1787 271 quibus
1796 246 1846 266 cou-

1092 287 1132 310 tra
1149 282 1293 314 diabolum,
1312 287 1339 309 et
1351 283 1382 309 de
1397 282 1491 314 stellis,
1505 282 1628 316 ueloque
1638 282 1847 318 disputaus,quz-

1091 327 1152 353 dam
1166 327 1271 354 loeutus
1285 332 1326 354 est
1339 334 1397 361 quae
1411 326 1528 354 Ecclesia
1547 334 1598 353 non
1617 327 1728 361 recipit?
1747 337 1756 353 ι

1126 371 1167 399 Ill.
1189 371 1362 410 _Psalterium
1387 370 1514 406 Origenes
1548 371 1646 405 triplici
1670 372 1847 405 expositionum

1092 423 1189 451 genere
1203 416 1358 448 illustravit,
1374 416 1585 447 commentariis,
1603 416 1720 443 homiliis
1739 422 1763 444 et
1781 418 1847 444 sulm-

1093 462 1145 489 liis.
1161 462 1279 489 Primum
1298 463 1373 489 illum
1392 463 1463 489 inter
1481 462 1589 489 Graecos
1604 463 1732 497 integrum
1752 464 1849 497 psalmo-

1091 516 1149 535 rum
1164 515 1262 542 corpus
1275 509 1367 536 multis
1380 508 1560 535 voluminibus
1570 508 1718 542 explicasse
1732 509 1847 542 proditum

1091 559 1131 582 est
1161 554 1195 581 ab
1218 553 1378 588 Hieronymo
1393 553 1470 586 epist.
1487 553 1533 585 89,
1551 553 1584 580 ad
1609 553 1734 587 August.,
1749 553 1809 588 quod
1823 554 1849 582 de

1091 600 1292 628 commentariis
1313 599 1441 634 intelligo.
1460 599 1498 625 Ex
1512 599 1553 626 his
1570 599 1652 625 multa
1667 598 1707 625 vel
1724 599 1848 632 imitatum,

1091 645 1133 672 vel
1147 645 1351 679 interpretatum
1371 644 1454 671 luisse
1468 643 1597 670 Hilarium
1614 643 1682 671 idem
1701 648 1788 671 auctor
1802 650 1848 677 est;

1091 690 1136 725 qui
1147 695 1174 717 et
1191 695 1292 724 septem
1305 697 1321 716 e
1336 689 1414 716 tomis
1431 689 1482 716 illis
1497 697 1527 717 se
1539 689 1643 716 Latinis
1657 690 1744 716 verbis
1758 697 1848 723 expres-

1092 735 1157 763 sisse
1170 735 1262 768 refert,
1279 744 1293 763 a
1306 736 1409 771 psalmo
1434 735 1560 762 nimirum
1576 735 1682 762 decimo
1693 736 1726 762 ad
1739 736 1848 763 decimum

1092 787 1207 809 sextum.
1222 782 1293 809 idem
1308 782 1390 809 etiam
1402 781 1464 808 libr.
1479 789 1486 807 ι
1500 780 1607 815 Apolog.
1634 781 1755 808 adversus
1765 780 1847 812 Ruﬁn.,

1092 835 1152 862 cap.
1168 827 1184 853 5
1199 836 1206 853 :
1228 836 1237 852 ι
1251 826 1446 862 Octogesimum
1467 833 1572 860 quoque
1594 834 1692 853 nonum
1707 826 1846 860 psalmum.)

1093 873 1188 907 inquit,
1209 873 1253 907 qni
1268 873 1411 904 scribitur,
1429 871 1521 899 Oratio
1541 871 1625 906 Moysi
1645 871 1757 898 hominis
1770 871 1817 903 Dei,
1828 876 1849 898 ct

1093 919 1209 952 reliquos
1231 918 1364 950 undecim,
1381 919 1426 951 qui
1446 925 1499 944 non
1525 917 1624 944 habent
1650 916 1749 948 titulos,
1770 923 1847 943 secun-

1093 964 1155 990 dum
1184 963 1263 990 lluilli
1289 964 1506 997 expositionem,
1533 961 1653 996 ejusdem
1685 961 1764 996 Moysi
1792 966 1848 995 putat

1093 1007 1255 1042 (Origenes)
1279 1013 1329 1033 nec
1351 1007 1510 1041 dedignatur
1543 1006 1683 1033 llebraeam
1707 1006 1847 1040 Scripturam

1093 1052 1281 1086 interpretans,
1300 1059 1348 1086 per
1365 1051 1466 1086 singula
1485 1051 1542 1078 loca
1557 1051 1621 1085 quid
1645 1050 1762 1077 Hebreis
1777 1051 1849 1076 videa-

1092 1102 1135 1124 tur
1162 1097 1312 1125 inserere.)
1342 1097 1379 1124 Ea
1408 1105 1488 1131 porro
1509 1097 1701 1124 commentaria
1730 1096 1850 1130 instigante

1092 1143 1233 1171 Ambrosio
1261 1148 1396 1178 suscepta,
1422 1143 1561 1176 eidemque
1584 1142 1714 1176 inscripta
1730 1141 1805 1169 fuisse
1823 1150 1849 1168 ex

1093 1189 1244 1224 fragmento
1275 1189 1468 1223 intelligimus,
1501 1188 1572 1222 quod
1600 1186 1682 1216 habet
1708 1186 1849 1222 Epiphanius

1093 1236 1158 1264 h:er.
1172 1242 1243 1268 thv,
1259 1242 1318 1269 cap.
1334 1234 1360 1267 7,
1377 1238 1507 1261 tractatus
1527 1233 1653 1269 Origenis
1674 1234 1700 1260 in
1718 1233 1851 1260 Psalterium

1092 1287 1200 1310 centum
1212 1286 1238 1308 et
1251 1281 1446 1316 quinquaginta
1459 1280 1556 1307 vidisse
1575 1287 1604 1306 se
1625 1284 1759 1306 asseverat
1770 1279 1850 1306 Tritic-

1093 1328 1164 1356 mius
1183 1329 1209 1355 iu
1229 1327 1290 1354 libr.
1305 1327 1344 1353 De
1360 1327 1449 1360 script.
1478 1325 1567 1353 eccles.
1586 1325 1687 1352 Novem
1714 1324 1851 1351 Itumiliasin

1093 1374 1210 1408 psalmos
1237 1379 1328 1404 xxxv-1,
1352 1379 1454 1404 xxxvu,
1480 1378 1595 1402 xsxvut,
1617 1369 1738 1397 Romano
1753 1376 1851 1397 sermone

1094 1419 1181 1446 Rullni
1192 1425 1271 1452 opera
1283 1417 1394 1444 donatas
1402 1415 1494 1443 Latina
1503 1415 1626 1450 Origenis
1643 1415 1724 1442 habet
1737 1414 1816 1441 editio.
1824 1414 1851 1440 De

1093 1465 1254 1500 psalmorqu
1273 1463 1379 1494 illorum
1400 1461 1565 1496 expositione
1588 1462 1623 1487 ita
1643 1461 1754 1488 Ruﬁnus
1769 1460 1852 1487 iul’m—

1093 1511 1154 1546 iugo
1169 1520 1176 1538 τ
1196 1509 1319 1537 «Idcirco
1336 1508 1383 1536 tibi
1398 1515 1468 1540 eam,
1484 1508 1637 1542 Aproniano
1659 1507 1695 1534 ﬁli
1707 1507 1850 1537 charissima,

1094 1557 1120 1584 in
1134 1562 1228 1583 novem
1240 1554 1434 1586 oratiunCulas,
1450 1561 1516 1588 quas
1528 1553 1614 1581 Graeci
1630 1553 1754 1580 homilias
1763 1556 1853 1583 vocant,

1092 1602 1164 1630 velut
1186 1602 1212 1628 in
1238 1609 1291 1628 uno
1316 1608 1430 1636 corpore
1447 1600 1577 1634 digestam
1595 1599 1620 1626 in
1646 1600 1766 1627 Latinum
1781 1604 1852 1625 trans-

1094 1647 1152 1675 tuli.
1165 1656 1175 1674 ι
1192 1647 1257 1674 Eam
1281 1647 1307 1674 in
1324 1653 1419 1674 novem
1435 1646 1561 1674 homilias
1575 1646 1705 1680 digestum
1723 1650 1853 1673 setranstu-

1093 1694 1155 1721 lisse
1175 1693 1251 1725 dicit,
1266 1700 1318 1719 non
1341 1692 1366 1719 in
1387 1700 1482 1720 novem
1497 1691 1620 1719 homilias
1636 1691 1788 1726 digessisse;
1801 1698 1852 1718 oon-

1094 1744 1136 1766 tra
1151 1746 1229 1773 quam
1246 1738 1358 1765 Erasmo
1373 1737 1395 1753 δ’
1414 1742 1442 1764 ct
1456 1737 1533 1764 Sixto
1550 1736 1664 1764 Senensi
1681 1737 1704 1753 ”
1718 1738 1794 1764 visum
1813 1739 1850 1762 est.

1093 1784 1131 1810 Ex
1144 1783 1251 1811 hontilia
1264 1788 1391 1817 praeterea
1408 1783 1436 1809 in
1453 1783 1545 1817 psalm.
1568 1791 1678 1814 Luxu,
1700 1783 1852 1817 fragmentum

1095 1829 1220 1856 Historitz
1237 1836 1292 1856 suae
1308 1829 1421 1856 inseruit
1437 1829 1567 1856 Eusebius
1578 1829 1640 1856 libr.
1657 1837 1696 1861 γι,
1717 1837 1772 1863 cap.
1789 1828 1817 1855 38
1832 1832 1853 1853 et

1095 1873 1233 1901 humilium
1255 1875 1282 1900 in
1297 1874 1393 1908 psalm.
1407 1881 1432 1905 c,
1446 1874 1535 1901 laudat
1556 1875 1612 1909 ipse
1626 1875 1755 1910 Origenes
1778 1872 1851 1901 hostil.

1093 1920 1128 1947 15
1142 1921 1168 1946 in
1181 1919 1239 1947 Jos.
1254 1928 1327 1947 num.
1337 1920 1363 1946 6.
1382 1919 1502 1954 Denique
1513 1920 1640 1947 brevibus
1651 1920 1758 1947 scholiis
1771 1918 1850 1946 Psalte-

1093 1967 1162 1994 rium
1187 1966 1269 1993 luisse
1287 1966 1320 1992 ab
1337 1965 1452 1999 Origene
1475 1965 1631 1992 adnotatum
1654 1966 1764 1992 aliirmat
1779 1964 1849 1991 lliero-

1093 2020 1188 2048 nymus
1202 2013 1259 2040 sive
1272 2012 1393 2046 quisquis
1406 2018 1447 2039 est
1457 2016 1552 2039 auctor
1566 2011 1714 2038 Comment.
1728 2012 1753 2038 in
1768 2010 1849 2037 Psalm.

1093 2058 1120 2084 in
1152 2058 1257 2085 Procem
1272 2057 1305 2084 “.
1329 2067 1338 2083 ι
1369 2056 1501 2089 Proxime,
1534 2057 1631 2092 inquit,
1668 2065 1728 2084 cum
1753 2055 1851 2091 Origenis

1094 2102 1261 2133 Psalterium.
1272 2103 1341 2138 quod
1353 2103 1527 2131 Encbiridion
1543 2104 1588 2131 ille
1603 2105 1724 2136 vocabat,
1736 2104 1821 2131 strictis
1831 2105 1852 2128 et

1093 2149 1254 2176 necessariis
1274 2149 1542 2183 interpretationibus
1561 2150 1719 2177 adnotatum
1745 2150 1769 2177 iu
1795 2156 1851 2176 com-

264 2190 464 2226 προσομιλήσας
490 2189 598 2217 ‘lt‘nti....
616 2190 750 2225 μετέωρος
763 2191 802 2222 εἰς
815 2191 849 2217 τὰ
864 2191 917 2218 τῶν
932 2191 1042 2226 θυγατέ-

1095 2201 1175 2220 mune
1201 2194 1366 2228 legeremus,
1396 2195 1474 2222 simul
1502 2201 1614 2230 uterque
1649 2195 1851 2230 deprehendimus

266 2245 318 2272 ρων
332 2238 453 2273 ὁρμήσας
476 2237 593 2272 ὀνόματα
619 2236 762 2272 κατετριϐη
776 2237 915 2272 γραωδῶς.
943 2247 952 2263 ι
977 2237 1043 2265 Cum

265 2284 298 2309 de
310 2283 408 2309 ntiseru
419 2282 469 2309 Job
496 2283 620 2310 homilias
636 2283 784 2314 habuisset,
798 2283 824 2309 iu
850 2282 976 2310 Filiarum
993 2291 1042 2310 no-

265 2328 336 2355 tniua
351 2327 458 2354 sublimi
471 2329 593 2355 oratione
611 2335 770 2359 excurrens,
782 2329 890 2355 aniliter
907 2330 979 2356 eoin
999 2337 1043 2356 ar-

264 2376 390 2407 gumento
420 2377 544 2399 versatus
573 2378 622 2400 est.
639 2382 648 2399 ι
674 2372 727 2400 Has
749 2374 871 2400 humilius
883 2374 916 2401 ad
935 2382 1044 2402 sensum

264 2419 348 2446 fuisse
360 2418 394 2445 ab
420 2418 522 2445 llilario
547 2425 691 2446 conversas
715 2420 796 2446 tradit
817 2419 995 2455 Hieronymus
1017 2421 1043 2448 in

264 2464 389 2499 Catalogo
410 2464 531 2497 scriptor.
557 2465 647 2491 uoles.
671 2469 698 2492 et
721 2466 797 2499 epist.
811 2466 847 2493 75
868 2467 902 2492 ad
928 2465 1045 2501 Vigilan.

1097 2238 1223 2265 nonnulla
1237 2246 1296 2266 eum
1312 2240 1352 2266 vel
1376 2241 1567 2274 perstrinxisse
1587 2241 1693 2274 leviter,
1713 2241 1752 2268 vel
1772 2241 1850 2267 intacta

1097 2284 1203 2318 penitus
1220 2285 1377 2319 reliquisse;
1395 2286 1427 2313 de
1439 2287 1535 2321 quibus
1550 2287 1575 2313 in
1592 2287 1644 2314 alio
1657 2295 1736 2322 opere
1745 2286 1849 2313 latissime

1097 2331 1252 2364 disputavit,
1263 2333 1333 2365 quod
1351 2332 1452 2359 scilicet
1478 2340 1532 2359 non
1547 2338 1651 2367 putaret
1674 2340 1728 2360 rem
1750 2338 1850 2365 magnam

1092 2376 1166 2403 brevi
1182 2384 1306 2404 sermone
1321 2379 1494 2406 concludere.
1510 2387 1519 2404 ι
1536 2378 1568 2405 Ει
1583 2378 1678 2406 deinde
1691 2387 1701 2405 :
1714 2387 1723 2404 ι
1738 2377 1787 2405 Non
1795 2376 1849 2410 quod

1093 2427 1183 2456 putem
1198 2430 1212 2449 a
1229 2431 1270 2450 me
1281 2431 1360 2458 posse
1373 2424 1426 2451 dici
1443 2431 1502 2459 quae
1517 2424 1560 2451 ille
1578 2424 1726 2459 praeteriit;
1740 2422 1780 2450 sed
1795 2419 1848 2456 quod

1092 2474 1123 2494 ea
1137 2475 1196 2502 quae
1209 2468 1236 2495 in
1255 2469 1334 2496 tomis
1343 2469 1385 2496 vel
1397 2470 1514 2497 homiliis
1535 2470 1592 2504 ipse
1607 2470 1742 2502 disseruit,
1762 2467 1796 2494 vel
1812 2473 1848 2500 ego

298 2519 607 2562 ⁸³,Εςξλεηιπίιιςιηδιιιςι-
630 2521 663 2562 {le
680 2521 915 2562 Commcnlarhin
940 2531 970 2551 ιιι
1000 2524 1094 2559 psalm.
1132 2525 1155 2542 ’⁸³
1169 2525 1239 2556 Sixl.
1255 2526 1382 2554 Bibliotlt.
1405 2527 1467 2555 libr.
1483 2535 1519 2555 tv.
1555 2527 1580 2543 “
1590 2527 1698 2555 Hieron.
1714 2525 1786 2562 Oper.
1806 2523 1847 2551 edi-

265 2555 344 2583 tionis
357 2555 481 2582 Martiau.
498 2560 562 2583 tom.
581 2554 611 2587 ll,
633 2556 659 2582 iu
680 2557 793 2590 appeud.
811 2565 837 2592 p.
853 2557 911 2584 l22.

288 2601 354 2662 ἕω)
374 2600 471 2635 Viginti
492 2609 537 2628 sea:
551 2601 672 2628 Itontilt'as
691 2603 718 2628 in
732 2602 815 2630 Jostte
831 2612 863 2630 ea:
883 2609 996 2637 tempore
1010 2606 1042 2632 ab

308 2637 425 2662 (minutio
437 2644 496 2662 tene
512 2637 642 2662 recitatos.
654 2637 830 2662 Cassiodorus
843 2639 889 2662 lih.
913 2639 948 2662 De
967 2641 1042 2662 iuni.

265 2636 425 2663 Aduntautt'o
437 2644 496 2662 tene
512 2637 642 2664 recitatos.
654 2637 830 2665 Cassiodorus
842 2639 889 2666 lib.
912 2636 948 2666 De
967 2641 1045 2666 inui-

265 2675 315 2697 tut.
339 2671 420 2697 divin.
440 2670 555 2704 Script.,
572 2679 631 2705 cap.
660 2673 686 2704 ί,
707 2672 815 2705 triginta
839 2680 1042 2702 commemorat.

265 2705 293 2731 In
312 2706 424 2738 septima
444 2713 518 2742 num.
540 2707 568 2736 ti.
584 2713 614 2733 se
636 2707 821 2742 presbyterum
836 2714 863 2734 et
889 2709 964 2735 verbi
994 2710 1043 2737 Dei

265 2747 413 2778 praeconem
434 2740 530 2778 _dicit:
560 2741 585 2767 in
606 2741 684 2778 tertia
700 2740 776 2778 nutu.
796 2742 823 2773 4,
848 2743 938 2770 laudat
957 2744 1044 2771 homi-

266 2774 327 2810 iiam
345 2775 498 2809 quamdam,
527 2783 604 2808 quant
631 2776 656 2802 ιιι
681 2777 732 2802 alia
748 2777 862 2810 quadam
877 2779 988 2806 ecclesia
1011 2779 1043 2805 de

266 2809 589 2848 duubu_s__meretricibus,
614 2811 647 2837 de
668 2809 776 2848 quibus
792 2813 923 2845 scriptum
951 2818 991 2840 est
1017 2815 1042 2840 in

266 2843 345 2869 tertio
356 2843 423 2869 libro
435 2843 549 2877 lli-gum,
562 2851 622 2878 qute
643 2843 683 2872 ad
694 2845 826 2879 judicium
840 2843 968 2875 venerant
992 2848 1044 2876 Sa-

1093 2605 1217 2639 lomonis,
1241 2605 1343 2633 habuit.
1370 2606 1470 2633 Deinde
1498 2606 1580 2640 liquet
1606 2613 1638 2632 ex
1668 2604 1766 2631 decima
1786 2599 1845 2628 tertia

1095 2649 1170 2668 num.
1183 2641 1209 2674 3,
1228 2641 1270 2672 l5,
1292 2649 1365 2669 nutu.
1383 2644 1408 2673 ti,
1418 2646 1444 2668 et
1458 2641 1493 2667 9.5
1517 2639 1590 2668 unm.
1608 2641 1633 2671 1,
1647 2639 1798 2675 posteriores
1811 2640 1846 2672 περι

1093 2683 1153 2702 esse
1178 2672 1345 2710 estpositioue
1374 2672 1405 2703 ini
1429 2676 1556 2709 psalmum
1587 2683 1612 2705 c,
1647 2672 1678 2701 ac
1702 2672 1804 2701 humitiis
1820 2675 1844 2708 ,ιιι

1093 2709 1247 2741 Jeremiain,
1262 2712 1327 2738 etin
1345 2710 1475 2738 Numeros
1490 2718 1498 2737 :
1521 2711 1697 2743 videnturque
1719 2710 1846 2744 pronuntia

1095 2749 1129 2772 las
1146 2747 1217 2772 circa
1236 2739 1315 2772 linem
1331 2747 1393 2773 anui
1407 2745 1477 2778 9.49,
1496 2745 1536 2772 vel
1555 2745 1604 2772 sub
1617 2739 1786 2779 iutiiunluani
1797 2739 1842 2766 ’ἔδυν

1094 2781 1307 2814 quamloqutdeut
1320 2781 1426 2808 humilia
1439 2789 1520 2811 noua,
1538 2787 1614 2806 nutu.
1629 2779 1672 2810 l0,
1685 2778 1843 2814 gratissitttt‘llln

1096 2806 1229 2876 l'llti’lllortlll
1246 2806 1459 2850 persecutionem
1473 2806 1532 2850 qua:
1558 2820 1620 2842 tunc
1642 2806 1782 2841 sisit-.5..."
1794 2806 1842 2835 allii-

1096 2856 1128 2876 tte
1149 2854 1187 2876 at.

1096 2854 1187 2884 gebat.
