1927 3076
75 143 136 172 ηοι

490 145 776 174 OHIGENIANORUM
795 146 858 174 LIB.

881 146 925 178 lli.
945 146 1022 174 CAP.
1043 146 1075 178 ll,
1093 145 1185 174 SECT.
1208 145 1236 174 ll.
1610 147 1678 175 £202

75 202 152 236 digna
168 200 284 228 arbitror
295 201 421 234 lectione,
436 201 463 228 in
475 201 546 228 hunc
559 207 697 237 angustum
714 203 852 230 Commen-
866 206 888 234 Δ
903 203 995 238 viginti
1015 202 1133 238 quinque
1155 202 1292 235 homilias;
1312 206 1339 231 et
1364 204 1526 239 σημειώσεις
1544 213 1610 240 quas
1630 212 1680 236 nos

75 247 196 274 tariolum
211 246 335 274 referam.
351 257 361 273 ι
373 247 477 281 Quibus
496 247 560 274 tomi
573 247 696 282 Origenis
707 268 715 280 ,
733 248 848 276 homilia:

74 297 101 319 et
113 292 211 319 scholia
225 292 251 319 in
266 293 422 320 Psalterium
440 293 595 328 singulatim
612 298 748 322 notantur.

109 336 152 364 IV.
163 337 201 364 Ex
210 336 268 371 ejus
281 337 487 366 Commentariis
498 339 525 365 in
541 338 682 366 Proverbia
697 338 849 367 Salomonis

74 383 218 418 particulas
229 384 297 411 duas
315 384 481 419 deprompsit
498 384 653 419 Pamphilus
669 385 696 412 in
715 385 849 420 Apologia.

72 429 171 457 Catena
189 436 294 464 quoque
310 430 491 464 manuscripta
507 430 678 458 Bibliotheca:
690 430 849 458 Mazarinia-

76 482 117 502 me
138 477 163 501 in
178 473 287 506 Lucam,
304 475 337 502 ad
359 482 418 511 cap.
436 482 495 508 vnt,
517 483 589 502 vers.
614 476 641 509 4,
667 475 771 510 insigne
794 475 850 502 fra-

74 525 209 554 gmentum
231 520 346 548 indidem
361 521 504 556 expromit.
525 520 610 555 Ipsius
638 521 850 556 Explicationum

71 566 101 593 in
120 566 290 593 Ecclesiasten
304 567 398 593 scribit
417 566 509 595 Sixtus
522 567 675 595 meminisse
692 567 850 595 Methodium

75 612 102 639 iu
128 612 192 639 libro
212 611 249 638 De
272 613 472 639 resurrectione.
505 612 581 646 Quod
606 613 730 647 equidem
753 613 779 640 in
802 613 853 640 fra-

73 657 196 692 gmentis,
209 665 268 692 quae
281 657 349 692 apud
363 657 538 692 Epiplianium
553 662 581 685 et
605 657 726 685 Photium
735 663 851 691 exstant,

74 710 206 737 nusquam
216 703 330 737 reperio.
350 702 383 729 In
402 702 539 730 Canticum
560 703 719 730 canticorum
739 704 852 731 multum

74 748 173 775 laboris
189 753 215 775 et
227 749 307 775 studii
321 748 469 776 contulisse
482 749 568 782 ipsum
583 753 695 776 testatur
710 749 853 784 Gregorius

75 793 207 829 Nyssenus
223 794 249 821 in
262 794 378 821 Prouem.
393 794 545 822 Comment.
564 795 592 821 in
605 794 708 822 Cantia.
726 796 852 822 canticor.

75 839 289 867 Commentarios
307 841 413 875 quidem
435 846 462 867 ct
482 841 607 869 homilias
625 842 651 868 in
673 841 743 868 hunc
757 841 853 868 librum

898 254 1022 284 excerpta
1044 256 1188 284 possumus
1212 248 1355 282 appellare.
1371 259 1380 275 ι
1402 249 1480 277 Plura
1504 256 1590 279 autem
1614 252 1682 279 scri-

899 295 988 330 psisse
1008 294 1080 321 illum
1100 294 1262 329 persuadere
1278 299 1389 328 possunt
1402 295 1459 322 haec
1473 295 1580 323 Eusebii
1600 296 1680 324 verba

899 341 945 368 lib.
957 348 984 367 vr
1010 339 1122 372 "istan,
1140 347 1200 374 cap.
1215 339 1259 372 52,
1274 340 1343 367 unde
1362 348 1410 368 sua
1431 341 1605 376 Hieronymus
1623 350 1681 368 mu—

900 389 989 412 tuatus
1002 389 1044 412 est
1060 394 1066 411 :
1082 385 1137 410 Καὶ
1151 384 1280 419 Ὧριγένει
1294 384 1321 411 δὲ
1335 385 1406 412 κατὰ
1419 385 1512 413 τοῦτον
1527 385 1573 413 τὸν
1586 386 1680 422 χρόνον

899 430 933 458 τὰ
949 432 987 462 εἰς
998 431 1044 457 τὸν
1063 430 1175 457 Ἡσαΐαν
1186 430 1371 463 συνετάττετο,
1385 428 1423 459 ὧν
1435 432 1474 463 εἰς
1487 432 1535 467 μὲν
1545 431 1576 458 τὸ
1590 431 1681 467 τρίτον

902 476 985 513 μέρος
997 476 1044 503 τοῦ
1066 476 1176 502 Ἡσαΐου
1191 476 1270 511 μέχρι
1286 476 1335 511 τῆς
1349 476 1471 511 ὁράσεως
1484 477 1537 504 τῶν
1550 477 1680 512 τετραπό-

899 521 952 548 δων
968 521 1020 548 τῶν
1034 522 1062 548 ὲν
1076 523 1107 556 τῇ
1121 521 1225 557 ἐρήμῳ,
1246 521 1392 556 τριάκοντα
1407 523 1446 554 εἰς
1461 522 1533 558 ἡμᾶς
1549 522 1682 558 προῆλθον

900 567 987 602 τόμοι.
1007 567 1061 602 (65)
1073 577 1082 593 ί
1096 567 1149 594 Hac
1160 571 1318 600 tempestate
1328 566 1457 602 Origenes
1469 568 1682 596 Commentarios

901 620 964 640 suos
976 614 1003 639 in
1020 612 1121 640 Isaiam
1133 613 1293 647 cornposuit,
1311 620 1326 640 e
1343 613 1439 647 quibus
1457 613 1482 640 in
1504 614 1608 641 tertiam
1622 613 1683 648 qui-

902 658 960 685 dem
975 663 1078 692 partem
1090 658 1175 691 lsaite,
1197 665 1280 693 usque
1293 659 1326 687 ad
1339 659 1467 688 visionem
1481 658 1681 693 quadrupedum

902 703 929 730 in
948 703 1065 736 deserto,
1078 704 1188 740 triginta
1209 704 1242 731 ad
1262 712 1310 732 nos
1330 705 1395 732 tomi
1410 709 1597 739 pervenerunt.
1615 713 1625 730 ι
1650 704 1684 732 Et

903 749 1030 777 continuo
1052 750 1084 778 de
1097 750 1302 778 Commentariis
1322 750 1443 784 ejusdem
1468 751 1496 777 in
1520 750 1683 777 Ezechielem

903 801 1003 828 agens,
1030 795 1122 830 viginti
1147 795 1266 830 quinque
1292 803 1340 823 sua
1365 800 1443 823 aetate
1464 796 1601 823 exstitisse
1628 795 1684 827 ait,

904 846 992 872 neque
1014 839 1103 873 plures
1123 839 1265 874 Origenem
1293 840 1318 867 in
1343 840 1414 868 hunc
1436 839 1592 875 prophetam
1616 839 1685 866 scri-

75 883 156 911 dedit.
192 884 380 912 Commentarii
423 886 541 920 duplices
584 885 690 913 luerunt
709 893 715 912 :
743 893 854 920 parvum
869 882 890 909 Β
905 885 990 919 psisse
1001 893 1007 911 :
1019 885 1095 919 quasi
1111 885 1275 913 subinnuens
1290 886 1393 920 aliquos
1410 892 1426 912 e
1439 884 1646 912 Commentariis
1657 884 1685 910 in

76 935 176 957 tomum
191 930 296 964 juvenis
310 931 437 964 scripsit,
456 939 471 958 e
491 939 543 965 quo
561 931 687 958 laciniam
709 932 790 966 capiti
815 938 856 958 se-

73 974 157 1009 ptimo
195 972 350 1001 Philocaliw
379 974 507 1002 intextam
544 975 731 1010 deprehendas
752 984 759 1002 :
779 975 857 1003 annis

74 1027 138 1047 vero
153 1021 305 1054 provectior
325 1020 417 1047 decem
434 1021 585 1056 composuit
599 1026 700 1054 tomos,
717 1028 785 1056 quos
806 1029 858 1048 me

73 1065 291 1099 morabilielogio
305 1065 487 1101 Hieronymus
510 1067 664 1100 exornavit,
691 1067 718 1094 in
744 1066 858 1102 Prologo

71 1111 107 1137 ad
122 1111 272 1144 Damasum,
288 1119 342 1139 sute
365 1112 584 1146 interpretationi
599 1112 714 1140 duarum
732 1112 858 1146 Origenis

73 1157 241 1184 homiliarum
255 1157 282 1184 in
299 1157 410 1185 Cantico
424 1158 536 1193 praeﬁxo
551 1167 558 1185 :
578 1167 587 1184 ι
601 1158 742 1192 Origenes,
760 1159 857 1194 inquit,

74 1210 134 1228 cum
159 1202 184 1229 in
213 1202 319 1230 caeteris
336 1202 413 1230 libris
440 1210 534 1230 omnes
557 1203 664 1236 vicerit,
693 1204 719 1231 in
746 1203 859 1232 Cantico

73 1247 239 1274 canticorum
262 1247 318 1282 ipse
340 1255 369 1275 se
385 1248 470 1275 vicit:
488 1255 548 1275 nam
564 1249 656 1275 decem
676 1248 859 1276 voluminibus

72 1291 216 1328 explicitis,
243 1301 302 1328 qua:
321 1294 354 1321 ad
383 1293 478 1329 viginti
504 1301 588 1329 usque
616 1302 742 1322 versuum
774 1295 858 1321 millia

73 1346 140 1374 pene
154 1340 324 1374 perveniunt,
345 1340 461 1375 primum
486 1339 661 1375 Septuaginta
684 1340 857 1375 lnterpretes,

72 1385 168 1412 deinde
187 1385 321 1420 Aquilam,
334 1390 361 1412 et
376 1384 578 1420 Symmachum,
594 1389 622 1412 et
634 1384 857 1418 Theodotionem,

71 1435 98 1458 et
114 1430 147 1458 ad
162 1435 312 1457 extremum
324 1431 444 1466 quintam
456 1430 602 1459 editionem
614 1450 620 1462 ,
640 1438 721 1466 quam
741 1431 768 1458 in
782 1431 858 1458 Actio

72 1477 165 1503 littore
182 1476 318 1503 invenisse
335 1483 363 1503 se
378 1476 482 1506 scribit.
499 1475 534 1502 ita
546 1475 698 1510 magnifice,
710 1481 856 1511 aperteque

71 1522 220 1554 disseruit,
236 1525 265 1548 ut
286 1521 347 1548 inde
362 1521 428 1548 mihi
443 1522 565 1548 videatur
589 1521 615 1548 in
639 1529 670 1549 eo
696 1521 857 1556 completum

69 1574 132 1594 esse
147 1567 219 1601 quod
231 1567 328 1594 dicitur
345 1577 351 1594 :
365 1565 518 1595 Introduxit
535 1575 575 1594 me
592 1567 648 1594 Rex
668 1567 694 1594 in
707 1567 858 1594 cubiculum

68 1620 149 1639 suum
169 1611 225 1638 ⁸⁵.»
245 1611 344 1639 Horum
365 1611 626 1640 Commentariorum
642 1620 705 1648 pars
720 1621 772 1640 non
792 1620 857 1640 con-

71 1659 219 1686 temnenda
234 1658 260 1685 in
279 1657 398 1686 editione
410 1657 506 1685 Latina
520 1658 652 1692 hodieque
668 1663 797 1692 superest,
812 1658 858 1686 sed

69 1703 144 1730 male
158 1704 185 1730 in
200 1703 324 1730 homilias
340 1703 493 1735 distributa,
509 1709 537 1730 ut
551 1703 725 1730 ostendemus
736 1703 857 1735 inferius,

69 1756 134 1783 cum
147 1749 180 1775 de
194 1749 380 1783 superstitibus
403 1748 524 1784 Origenis
539 1749 665 1784 operibus
688 1749 740 1775 erit
762 1749 858 1784 agendi

71 1795 160 1821 locus.
178 1793 309 1821 Homilias
329 1800 418 1822 autem
436 1796 463 1821 in
479 1794 614 1821 Canticum
635 1794 701 1821 duas
725 1792 858 1827 Hierony-

71 1848 134 1867 mus
169 1839 262 1867 Latine
299 1840 450 1874 explicavit,
478 1847 584 1875 «quas.
614 1844 642 1866 ut
669 1840 726 1874 ipse
752 1840 805 1872 ait,
833 1839 859 1865 in

71 1893 178 1912 morem
189 1886 338 1919 quotidiani
352 1886 450 1921 eloquii
467 1886 584 1920 parvulis
596 1885 684 1912 adhuc
698 1884 860 1913 lactentibus

70 1929 238 1966 (Origenes)
258 1931 415 1965 composuit.
432 1940 441 1956 ι

113 1974 146 2001 ν.
169 1975 263 2002 Isaiam
288 1975 467 2002 Adamantius
494 1973 695 2002 commentariis
710 1994 718 2008 ,
744 1973 861 2001 bomiliis

70 2026 101 2048 et
118 2020 234 2047 scholiis
261 2020 454 2054 interpretatus
471 2025 526 2052 est;
551 2024 578 2046 et
605 2019 860 2046 commentariorum

71 2068 186 2101 quidem
217 2066 327 2101 triginta
357 2065 444 2097 libris,
474 2065 591 2092 bomiliis
613 2065 705 2099 viginti
732 2065 860 2100 quinque.

72 2113 258 2148 Hieronymus
276 2112 336 2139 libr.
359 2119 367 2138 1
389 2111 499 2147 Apolog.
514 2111 615 2138 advers.
633 2110 734 2145 Ruﬁn.,
754 2118 813 2145 cap.
834 2111 860 2143 5,

75 2171 85 2185 ι
107 2159 190 2188 Certe
213 2159 293 2186 etiam
309 2158 438 2192 Origenes
461 2157 633 2192 patriarchen
650 2156 767 2183 Huillum
781 2177 788 2189 ,
818 2156 862 2190 qui

72 2205 244 2240 temporibus
255 2205 314 2240 ejus
323 2205 383 2238 fuit,
393 2205 528 2235 nominat;
540 2208 566 2230 et
578 2203 745 2230 tricesimum
762 2207 862 2230 tomum

71 2252 103 2278 in
125 2251 235 2282 Isaiam,
260 2252 286 2278 in
306 2251 381 2285 cujus
398 2252 449 2278 line
466 2250 600 2281 edisserit,
641 2249 687 2276 Va:
707 2250 752 2275 tibi
777 2250 865 2276 ciuitas

71 2297 163 2329 Ariel,
177 2305 256 2332 quam
271 2296 424 2330 expugnavit
447 2295 528 2321 David
539 2294 561 2309 “
576 2295 582 2321 Ξ
600 2294 670 2321 illius
700 2294 866 2328 expositione

71 2343 234 2375 concludit;
260 2347 289 2369 ut
310 2350 370 2369 cum
395 2341 473 2368 aliter
493 2340 568 2375 prius
586 2339 705 2367 sensisse
727 2347 757 2366 se
783 2339 864 2371 dicat,

72 2392 191 2417 doctum
209 2389 242 2416 ab
261 2389 316 2420 illo,
332 2389 357 2415 id
373 2387 443 2423 quod
456 2391 497 2414 est
515 2387 617 2418 verius,
636 2385 790 2413 conﬁtetur.
805 2394 815 2410 ι
833 2384 866 2411 Ει

72 2436 104 2463 in
127 2435 266 2462 Protemlo
286 2436 320 2462 ad
341 2435 456 2470 primum
481 2432 746 2461 Commentariorum
755 2438 864 2458 suorum

71 2484 104 2509 in
127 2481 232 2508 Isaiam
256 2481 354 2508 librum
375 2489 381 2507 :
403 2490 412 2505 ι
429 2480 542 2514 Scripsit
558 2479 585 2506 in
614 2478 687 2505 hunc
707 2476 864 2511 prophetam

68 2528 155 2563 juxta
171 2528 303 2555 editiones
317 2531 442 2561 quatuor,
456 2533 539 2561 usque
553 2526 586 2552 ad
604 2524 734 2551 visionem
750 2522 866 2557 quadru-

72 2573 181 2608 pedum
201 2573 228 2599 in
255 2572 361 2600 deserto
391 2571 521 2606 Origenes
552 2571 662 2606 triginta
686 2567 831 2600 volumina,
850 2574 866 2594 e

71 2619 180 2654 quibus
200 2619 342 2646 vicesimus
353 2622 444 2645 sextus
459 2618 525 2645 liber
540 2624 593 2644 non
608 2615 753 2643 invenitur.
766 2613 866 2641 Ferun-

74 2668 165 2691 tnret
183 2663 228 2690 alii
249 2665 297 2691 sub
313 2664 420 2691 nomine
442 2663 499 2697 ejus
521 2663 553 2690 de
571 2662 674 2689 visione
696 2660 866 2698 τετραπόδων

73 2710 136 2738 duo
148 2710 183 2736 ad
198 2709 308 2736 Cratam
326 2709 396 2741 libri,
411 2708 457 2743 qui
474 2708 669 2743 pseudographi
683 2711 827 2743 putantur;
839 2710 866 2734 et

114 2778 141 2794 "
158 2777 265 2805 Cantic.
287 2786 307 2810 ι,
326 2777 354 2805 3.
392 2777 414 2793 “
429 2777 490 2804 lsai.
505 2784 580 2808 xxxx,
597 2777 623 2803 1.

115 2846 177 2883 (65)
194 2845 315 2874 Valesius
332 2846 410 2881 legit,
432 2845 575 2881 περιῆλθον
585 2852 671 2879 sopor.

907 930 1006 957 Isaiam
1038 930 1214 958 intercidisse.
1239 931 1267 958 ln
1294 931 1404 965 antiquo
1426 931 1518 958 codice
1546 928 1683 962 Marchali,

907 977 977 1004 unde
1011 976 1085 1004 Isaize
1107 981 1261 1004 contextum
1290 976 1453 1012 deprompsit
1482 975 1637 1006 Curterius,
1659 979 1686 1002 et

907 1030 968 1049 cum
989 1022 1111 1057 Procopii
1129 1022 1336 1050 Commentariis
1351 1022 1444 1054 edidit,
1474 1026 1605 1048 tomorum
1628 1020 1686 1047 illo-

908 1076 965 1095 rum
981 1067 1104 1103 Origenis
1120 1069 1224 1096 numeri
1243 1068 1275 1095 ad
1289 1068 1398 1095 limbum
1412 1066 1521 1101 ascripti
1538 1071 1610 1098 sunt,
1621 1070 1647 1092 et
1658 1065 1684 1092 in

907 1113 1044 1140 tricesimo
1059 1112 1194 1146 desinunt,
1209 1113 1254 1148 qui
1277 1117 1385 1139 notatus
1399 1116 1440 1138 est
1453 1111 1486 1138 ad
1498 1118 1572 1138 oram
1591 1109 1685 1143 capitis

908 1166 982 1190 xxtx,
1000 1165 1071 1185 vers.
1088 1159 1114 1191 l,
1129 1162 1209 1193 atque
1221 1158 1283 1185 hinc
1299 1157 1409 1192 proinde
1422 1156 1550 1191 pertinuit
1564 1156 1597 1183 ad
1619 1163 1679 1189 cap.

908 1212 974 1235 xu.
993 1211 1065 1231 vers.
1090 1203 1127 1236 6;
1158 1203 1229 1231 unde
1252 1203 1356 1230 initium
1381 1202 1453 1229 ducit
1480 1201 1547 1229 visio
1569 1201 1687 1236 quadru-

907 1251 1017 1286 pedum.

941 1294 1066 1322 Ieremia;
1083 1294 1250 1330 prophetiam
1279 1301 1328 1328 per
1354 1293 1480 1320 homilias
1508 1291 1687 1320 Adamantius

907 1341 1060 1375 explicavit.
1075 1339 1283 1373 Quatuordecim
1294 1346 1328 1367 ex
1342 1338 1460 1366 bomiliis
1474 1337 1585 1365 confuso
1596 1338 1688 1366 ordine

908 1385 1085 1420 Hieronymus
1101 1386 1127 1412 in
1150 1384 1275 1412 Latinum
1294 1391 1442 1412 sermonem
1465 1382 1610 1411 transtulit.
1636 1382 1688 1409 No-

907 1431 1053 1458 vemdecim
1078 1430 1172 1458 habuit
1185 1429 1364 1457 Scorialensis
1385 1429 1478 1461 codex,
1499 1436 1552 1462 quo
1567 1435 1630 1455 usus
1649 1433 1690 1455 est

907 1475 1061 1508 Cordcrius,
1087 1475 1137 1502 sub
1162 1474 1269 1502 nomine
1295 1473 1405 1509 Cyrilli;
1423 1480 1536 1509 quarum
1550 1471 1690 1500 duodecim

909 1522 980 1549 inter
1008 1521 1235 1555 Hieronymianas
1256 1520 1312 1554 jam
1338 1524 1399 1546 ante
1422 1519 1598 1546 habebantur.
1623 1518 1690 1545 Fra-

909 1571 1045 1603 gmentum
1060 1573 1091 1594 ex
1106 1566 1214 1593 homilia
1232 1565 1368 1593 tricesima
1384 1571 1453 1592 nona
1467 1565 1601 1591 decimum
1614 1562 1692 1591 olfert

909 1613 1063 1640 Philocaliaz
1075 1617 1155 1648 caput
1169 1612 1235 1648 (66).
1249 1612 1424 1639 Cassiodorus
1437 1612 1463 1638 in
1477 1611 1546 1638 libro
1559 1611 1595 1637 De
1615 1610 1692 1637 inui—

909 1663 958 1685 tut.
983 1658 1065 1685 divin.
1089 1657 1264 1691 Scripturar.,
1293 1664 1351 1691 cap.
1377 1657 1404 1689 '5,
1424 1656 1521 1683 asserit
1547 1655 1690 1691 Origencm

909 1704 944 1731 45
969 1703 1086 1730 bomiliis
1108 1702 1252 1729 Jeremiam
1275 1702 1441 1736 exposuisse,
1465 1709 1498 1728 ex
1519 1702 1604 1736 iisque
1624 1708 1693 1735 qua-

911 1749 1058 1776 tuordecim
1081 1749 1130 1775 sibi
1157 1748 1240 1775 fuisse
1255 1748 1389 1779 inventas,
1415 1755 1461 1775 eas
1482 1747 1608 1774 nimirum
1624 1754 1691 1781 quas

910 1796 1089 1830 Hieronymus
1104 1794 1250 1821 Latinitate
1262 1794 1416 1820 donaverat.
1435 1793 1554 1827 Denique
1565 1792 1692 1820 Rabanus

911 1841 1018 1867 Maurus
1035 1838 1142 1867 Prtefat.
1160 1840 1186 1866 in
1200 1839 1299 1866 levem.
1313 1839 1432 1874 quinque
1452 1839 1511 1865 illas
1527 1845 1607 1873 supra
1623 1845 1692 1873 qua-

911 1887 1034 1922 draginta
1053 1886 1177 1920 Origenis
1195 1886 1321 1913 homilias
1343 1886 1369 1912 in
1385 1885 1526 1912 Jcremiam
1546 1885 1645 1912 vidisse
1664 1892 1693 1913 se

911 1936 1058 1960 asseverat.
1076 1934 1111 1959 At
1123 1932 1151 1958 in
1171 1931 1286 1958 Threnos
1302 1930 1426 1958 Ieremia:
1445 1937 1540 1957 novem
1564 1929 1692 1964 Origenes

912 1978 1059 2005 dictaverat
1073 1982 1170 2010 tomos,
1193 1984 1224 2004 ex
1243 1977 1340 2012 quibus
1361 1977 1480 2011 quinque
1506 1975 1637 2002 duntaxat
1659 1975 1694 2003 ad

912 2031 987 2051 suam
999 2028 1105 2050 aetatem
1123 2030 1312 2058 perseverasse
1328 2022 1459 2050 Eusebius
1479 2021 1615 2049 memerita
1631 2028 1693 2056 pro-

912 2069 979 2096 didit
994 2068 1055 2096 libr.
1069 2076 1105 2101 vt,
1124 2076 1183 2103 cap.
1199 2068 1244 2095 24.

949 2114 1117 2142 Ezechielem
1142 2114 1239 2149 viginti
1267 2120 1386 2148 qumque
1411 2112 1489 2140 tomis
1516 2112 1550 2140 ab
1576 2110 1694 2147 Origene

913 2160 995 2188 fuisse
1007 2161 1169 2188 illustratum
1186 2160 1337 2188 docetidem
1349 2159 1478 2186 Eusebius
1498 2159 1558 2186 libr.
1571 2167 1596 2186 vt
1609 2158 1694 2191 Ηίθι..

879 2224 903 2254 D
917 2214 976 2240 cap.
991 2206 1035 2234 52.
1049 2206 1132 2234 Docet
1147 2211 1174 2234 et
1194 2212 1271 2234 vetus
1291 2205 1418 2232 Marchali
1443 2205 1511 2232 liber
1526 2212 1619 2232 omnes
1633 2212 1696 2239 pro-

917 2254 1012 2288 phetas
1028 2253 1203 2287 complexus:
1223 2260 1282 2279 nam
1296 2253 1330 2279 ad
1350 2251 1499 2278 Ezechielis
1511 2252 1586 2278 d‘ram
1602 2250 1697 2285 Orige-

917 2298 1057 2325 nianorum
1067 2303 1207 2325 domorum
1226 2296 1331 2323 numeri
1351 2297 1407 2324 suis
1428 2300 1490 2322 sunt
1509 2295 1594 2323 notati
1618 2295 1694 2328 locis,

916 2350 966 2369 nec
979 2343 1069 2377 plures
1088 2347 1241 2377 suntquam
1254 2343 1371 2376 quinque
1385 2346 1412 2368 et
1431 2341 1536 2375 viginti.
1552 2341 1591 2368 Ex
1607 2341 1695 2368 horni-

914 2387 958 2414 liis
977 2395 1041 2415 vero
1056 2388 1081 2414 in
1103 2391 1238 2422 prophetae
1262 2388 1342 2422 hujus
1366 2387 1555 2413 enodationem
1575 2394 1696 2421 pronun-

916 2433 1000 2466 tiatis,
1016 2433 1218 2467 quatuordecim
1236 2433 1271 2460 ab
1291 2433 1453 2469 Hieronymo
1477 2432 1606 2459 Romanis
1631 2439 1696 2457 con-

917 2486 1001 2505 versa:
1017 2478 1105 2505 verbis
1122 2478 1148 2504 in
1164 2477 1287 2505 Latinam
1306 2478 1451 2505 editionem
1472 2476 1601 2510 conjecta:
1622 2481 1696 2504 sunt.

918 2524 956 2551 Ex
971 2524 1022 2552 hoc
1042 2523 1166 2560 Origenis
1185 2524 1244 2552 loco
1263 2529 1341 2551 tract.
1357 2524 1405 2557 ‘29,
1429 2531 1502 2551 num.
1523 2523 1569 2556 40,
1588 2529 1616 2557 p.
1632 2521 1696 2556 860,

919 2571 945 2596 in
962 2569 1057 2597 Matth.
1068 2577 1077 2596 :
1089 2579 1099 2596 ε
1110 2570 1175 2603 Quae
1186 2574 1274 2597 autem
1287 2577 1435 2604 sequuntur
1443 2569 1470 2596 in
1485 2574 1556 2596 textu
1570 2567 1698 2598 Danielis.

919 2616 988 2643 sicut
1000 2616 1144 2651 potuimus,
1157 2615 1338 2650 exposuimus,
1353 2624 1362 2641 ι
1386 2616 1412 2642 in
1439 2615 1574 2642 Danielem
1596 2612 1697 2648 aliquid

919 2662 952 2688 ab
967 2662 1024 2696 ipso
1043 2662 1220 2696 compositum
1234 2661 1315 2688 fuisse
1337 2661 1475 2694 discimus,
1491 2665 1518 2688 et
1531 2667 1546 2687 e
1561 2659 1697 2687 Protemio

919 2714 1024 2741 quoque
1039 2706 1193 2742 Hieronymi
1204 2707 1237 2733 ad
1251 2705 1421 2733 undecimum
1434 2705 1697 2732 Commentariorum

955 2841 1009 2877 (66)
1024 2841 1090 2869 Vide
1098 2841 1222 2870 editionis
1236 2845 1335 2869 nostra
1349 2844 1413 2868 tom.
1430 2838 1474 2870 Ill,
1489 2846 1516 2873 p.
1534 2837 1599 2865 285.
