1927 3076
245 184 257 214 f
260 186 313 216 εὶθῦ

870 173 901 203 Ρ.
922 171 1076 202 DANlELlS
1090 168 1206 199 HUETII

1787 158 1859 187 ἔξω

241 247 271 274 in
286 245 398 276 Isaiam,
414 242 440 270 in
453 248 507 277 quo
521 239 557 268 ait
569 246 629 269 sese
641 238 783 275 Origenem
794 243 855 265 cum
867 235 928 263 aliis
941 234 1024 262 fuisse
1038 235 1060 264 Α
1074 231 1180 277 tertiam
1193 232 1296 277 partem
1300 226 1398 277 iib‘ria
1413 223 1555 277 principio.
1597 221 1661 277 llaec
1669 218 1860 277 Hieronymus

243 293 404 319 assecutum
420 287 447 315 in
470 287 634 321 expositione
657 285 825 321 septuaginta
841 281 1021 311 hebdomadaa

243 343 322 364 rum:
340 333 391 362 nisi
405 333 465 368 quis
484 333 541 360 haec
559 332 585 359 in
600 331 665 359 aliis
674 331 786 358 fortasse
802 329 877 357 libris
890 326 978 356 obiter
988 325 1022 353 ab

242 381 359 416 Origene
372 383 484 407 tractata
508 378 592 405 fuisse
620 377 701 405 dicat.
721 375 803 403 Multo
830 375 911 410 igitur
935 373 1023 400 minus

241 428 299 455 haec
311 427 443 454 adducent
455 425 614 452 homiliasne
626 431 660 450 an
677 421 875 450 Commentaria
887 420 914 447 in
925 419 1023 446 Danie-

241 471 292 499 lem
308 471 431 499 ediderit.
452 470 584 498 Caeterum
609 476 669 497 cum
691 466 872 496 novemdecim
899 464 1024 499 Origenis

242 517 366 545 homilias
375 517 404 544 in
417 516 571 548 Jaremiam,
586 515 651 542 falso
660 513 760 550 Cyrillo
773 513 903 547 ascriptas
918 518 934 538 e
957 509 1023 538 S‘co-

243 563 351 592 rialensi
362 562 455 591 codice
465 561 659 597 deprompserit
678 559 818 587 Balthasar
831 557 985 589 Corderius,
996 560 1024 583 et

242 607 269 634 in
283 606 407 635 editionis
419 614 474 634 sum
491 605 646 641 praefatione
658 604 790 632 notaverit
805 603 922 637 ejusdem
934 605 1025 629 aucto-

243 653 282 680 ris
296 652 510 680 Commentarios
523 651 551 678 in
564 650 725 677 Ezechielcm
745 655 769 676 et
791 648 925 676 Danielcm
938 647 1024 675 conti-

243 698 300 725 neri
309 698 336 725 in
354 697 405 725 hoc
417 697 474 732 ipso
487 696 591 729 codice,
606 699 702 723 caveat
716 695 800 723 lector
813 701 846 722 ne
858 701 905 722 eos
918 699 1025 728 quoque

243 743 344 779 Cyrillo
355 750 493 778 perperam
510 742 602 774 tribui,
616 741 708 769 itidem
724 745 753 768 ut
766 740 889 768 homilias
909 740 936 766 in
954 738 1026 766 lere-

245 789 336 821 miam,
348 793 375 816 et
392 789 424 815 ad
440 787 583 823 Origenem
600 787 737 822 pertinere
756 791 858 814 temere
867 785 1003 813 existimet
1017 793 1024 811 :

246 840 301 862 tam
330 835 402 862 enim
426 835 529 871 Cyrilli,
554 842 634 867 quam
657 833 780 868 Origenis
808 839 868 861 esse
891 836 1024 867 possunt:

247 881 335 929 reipsa
347 881 451 929 quippe
460 881 486 909 in
506 888 599 908 omnes
615 880 760 915 prophetas
782 879 921 914 scripsisse
943 877 1027 905 fertur
1042 901 1064 929 Β

247 927 374 963 Cyrillus.
391 931 418 954 et
428 926 487 962 ejus
504 927 586 954 etiam
600 927 628 953 in
640 926 774 953 Dunielem
790 925 915 953 homilias
932 925 960 951 in
972 924 1026 950 Va-

247 972 334 999 ticana
357 971 519 999 bibliotheca
543 971 646 999 servari
672 971 754 998 tradit
784 969 876 997 Sixtus
900 968 1028 996 Senensis

246 1017 294 1044 lib.
311 1024 338 1044 tv
353 1016 422 1044 Bibl.
439 1017 465 1044 in
483 1015 595 1051 Cyrillo.
623 1015 672 1042 ltel
698 1015 838 1042 veritatem
861 1013 903 1042 vel
929 1013 1027 1044 sciunt,

248 1063 290 1090 vel
310 1063 379 1091 scire
399 1067 511 1097 possunt
534 1061 718 1089 Scorialenses
743 1059 780 1088 illi
812 1058 1028 1095 Hieronymiani,

249 1108 294 1144 qui
309 1108 351 1135 his
366 1107 500 1135 thesauris
515 1107 653 1134 incubant.

284 1154 328 1182 Vl.
347 1153 375 1181 ln
398 1153 538 1181 duodecim
559 1153 704 1187 prophetas
719 1150 815 1187 viginti
834 1150 952 1186 quinque
967 1150 1029 1186 ἑξη-

250 1200 356 1235 τήσεων
369 1198 492 1234 Origenis
507 1197 642 1225 volumina
665 1205 747 1224 manu
767 1195 900 1231 Pamphili
920 1200 1030 1223 exarata

249 1246 381 1280 reperisse
406 1252 436 1273 se
469 1248 561 1271 narrat
591 1243 770 1278 Hieronymus
796 1242 843 1270 lib.
872 1241 912 1270 De
938 1242 1030 1275 script.

248 1290 352 1322 παίει,
361 1297 421 1325 cap.
435 1289 481 1322 86,
491 1289 583 1324 plures
597 1293 685 1316 tamen
694 1288 835 1322 scripsisse
842 1287 1031 1315 Adamantiqu

249 1336 384 1370 signiﬁcat
398 1335 530 1363 Eusebius
541 1334 602 1362 libr.
619 1342 657 1367 vt,
669 1341 728 1369 cap.
739 1333 773 1361 56
785 1333 878 1360 Hister
895 1344 902 1361 ;
919 1332 989 1364 Tati;
1002 1341 1032 1359 τε

249 1383 289 1413 εις
301 1382 363 1413 τοὺς
377 1380 478 1408 δώδεκα
490 1382 634 1417 Προφὴτας
647 1380 744 1416 τόμους
763 1379 902 1406 συντάττει
911 1399 919 1411 ,
934 1379 979 1414 ἀφ’
996 1375 1034 1405 ὢν

251 1427 348 1463 μόνους
372 1427 487 1462 εὕρομεν
509 1428 589 1453 πέντε
615 1427 662 1452 καὶ
691 1425 788 1452 εἴκοσι.
827 1425 881 1452 «Et
896 1430 983 1452 tomos
1008 1425 1034 1451 in

251 1472 391 1500 duodecim
404 1471 549 1506 prophetas
568 1470 727 1503 conscribit,
751 1478 783 1497 ex
804 1469 901 1505 quibus
918 1470 1035 1504 quinque

251 1521 280 1545 et
293 1517 386 1552 viginti
403 1517 532 1543 duntaxat
556 1515 704 1550 reperimus
724 1522 733 1541 :
752 1514 779 1541 lu
798 1514 894 1542 Oscam
907 1514 1035 1541 nonnulla

1071 277 1105 304 de
1121 264 1320 304 Commentariis
1332 270 1456 306 Origenis
1470 269 1497 296 in
1511 268 1683 299 Zachariam;
1699 264 1776 292 istud
1795 271 1861 290 vero

1071 321 1104 349 de
1125 319 1181 353 ejus
1191 316 1370 345 voluminibus
1385 315 1412 342 in
1434 313 1591 341 Malachiam
1604 312 1625 327 “
1642 320 1650 338 :
1670 319 1680 336 4
1699 308 1823 343 Scripsit
1834 307 1861 334 in

1071 367 1142 394 hunc
1155 365 1253 392 librum
1267 362 1396 397 Origenes
1411 360 1463 387 tria
1482 359 1628 390 volumina,
1643 356 1692 384 sed
1709 354 1862 382 historiam

1071 411 1180 439 omnino
1193 416 1245 437 non
1263 407 1360 443 tetigit,
1376 411 1404 434 et
1416 412 1491 433 more
1513 411 1563 432 suo
1580 408 1652 431 totus
1669 401 1699 429 in
1718 399 1864 434 allegoria

1072 452 1292 492 interpretatione
1306 457 1429 481 versatus
1445 456 1496 479 est.
1509 459 1520 477 ι

1107 490 1163 531 Vll.
1182 502 1219 530 De
1229 500 1353 536 Origenis
1363 498 1510 534 exegeticis
1521 497 1549 524 in
1560 494 1717 523 Hatthazum
1732 491 1762 519 id
1777 490 1862 518 habet

1072 556 1179 585 quoque
1204 547 1380 582 Hieronymus
1391 545 1415 561 ⁵³
1431 553 1439 572 :
1466 553 1477 570 ε
1495 543 1605 578 Legisse
1623 548 1666 568 me
1679 539 1773 567 fateor
1798 541 1863 564 ante

1073 583 1157 623 annos
1167 593 1296 629 plurimos
1316 592 1343 620 in
1360 590 1514 618 Matthaum
1531 587 1656 623 Origenis
1666 583 1770 620 viginti
1780 583 1864 617 quin-

1073 649 1126 677 que
1139 640 1284 671 volumina,
1305 643 1334 666 et
1351 637 1461 666 totidem
1474 635 1533 670 ejus
1549 633 1692 664 homilias.
1713 629 1863 658 commati-

1075 693 1190 721 cumque
1214 683 1443 720 interpretationis
1472 689 1579 718 genus:
1598 689 1607 707 ›
1625 680 1677 707 hoc
1698 682 1755 708 est.
1786 683 1864 703 com-

1075 732 1221 760 mentarios
1233 752 1242 764 ,
1257 730 1382 758 homilias
1403 733 1431 758 et
1447 727 1559 756 scholia.
1573 725 1698 753 Totidem
1715 721 1778 756 ejus
1789 729 1864 749 come

1075 779 1223 807 mentarios
1236 781 1361 805 numerat
1372 774 1504 803 Eusebius
1517 774 1577 801 libr.
1599 779 1625 799 vr
1653 770 1775 801 Πεδίον..
1801 774 1861 802 cap.

1075 825 1122 853 56.
1139 824 1310 859 Quapropter
1330 822 1459 851 mendosa
1479 827 1539 848 esse
1554 820 1639 854 liquet
1660 818 1720 845 haec
1741 814 1826 842 verba
1847 821 1863 841 e

1077 871 1191 906 Prologo
1207 869 1374 904 Hieronymi,
1395 868 1440 903 qui
1458 866 1584 902 pmﬁxus
1598 868 1639 892 est
1656 862 1763 890 Latinas
1780 860 1862 887 inter-

1078 905 1219 953 pretationi
1232 915 1404 943 homiliarum
1423 913 1546 948 Origenis
1560 911 1587 939 in
1607 910 1730 937 Lucam:
1753 905 1863 953 [Siqui-

1077 951 1137 991 dem
1153 963 1216 991 illud
1232 962 1302 997 quod
1317 961 1382 989 olim
1401 960 1493 987 Romae
1511 962 1603 986 sancta
1624 954 1739 982 Blesilla
1760 951 1863 986 ﬂagita-

1077 1014 1163 1041 verat,
1182 1013 1212 1036 ut
1238 1008 1273 1036 36
1292 1013 1379 1035 tomos
1401 1006 1471 1033 illius
1489 1006 1517 1031 in
1541 1002 1706 1033 Matthwum,
1732 1004 1763 1027 et
1785 997 1864 1033 quin-

1077 1063 1130 1091 que
1159 1055 1226 1083 alios
1248 1055 1277 1082 in
1308 1053 1423 1086 Lucam,
1451 1056 1479 1079 et
1500 1051 1537 1078 59
1564 1050 1593 1077 in
1613 1048 1745 1075 Joannem
1768 1049 1866 1071 nostra

1078 1102 1175 1137 lingute
1203 1100 1349 1128 traderem.
1361 1109 1371 1126 ›
1402 1097 1556 1134 Legendum
1577 1095 1650 1123 enim
1664 1103 1671 1122 :
1686 1102 1696 1119 ε
1714 1092 1752 1120 25
1780 1096 1866 1118 tomos

1079 1148 1153 1176 illius
1164 1148 1191 1175 in
1202 1147 1368 1174 Mattluzum.
1385 1154 1394 1171 ι
1407 1145 1569 1178 Corruptam
1580 1141 1723 1169 lectionem
1735 1138 1867 1166 Erasmus

1080 1195 1106 1222 in
1129 1193 1239 1221 Camer.
1271 1192 1316 1219 lib.
1335 1191 1422 1226 Orig.;
1445 1189 1539 1218 Sixtus
1556 1186 1684 1216 Senensis
1707 1184 1782 1212 Bibl.
1805 1183 1866 1210 libr.

1080 1248 1119 1272 IV,
1136 1243 1164 1267 et
1176 1238 1264 1266 Josias
1277 1227 1408 1265 Simlerus
1423 1243 1456 1263 ac
1477 1234 1618 1262 Conradus
1629 1231 1734 1260 Frisius
1751 1231 1780 1257 in
1795 1228 1868 1263 Epit.

1081 1286 1143 1314 bibl.
1161 1284 1268 1313 Gesner.
1293 1284 1377 1311 secuti
1398 1286 1469 1310 sunt.
1489 1281 1616 1308 Mendosa
1632 1284 1741 1314 quoque
1769 1275 1816 1303 illa
1842 1275 1867 1301 in

1082 1331 1171 1359 [inlini
1186 1329 1319 1357 Invectira
1339 1328 1357 1355 2
1377 1328 1404 1355 in
1424 1327 1579 1362 Hieronym.
1606 1324 1633 1352 in
1656 1323 1756 1358 quibus
1775 1319 1868 1354 viginti

1082 1385 1129 1406 sex
1144 1376 1269 1412 Origenis
1294 1376 1323 1403 ἱη
1349 1374 1503 1402 "animum
1534 1372 1618 1399 libros
1644 1371 1677 1398 ab
1704 1368 1870 1402 Hieronymo

1083 1426 1307 1453 commemoratos
1323 1420 1406 1448 fuisse
1419 1420 1518 1452 refert;
1538 1424 1618 1453 quem
1643 1415 1725 1443 etiam
1741 1418 1863 1440 errorem

1084 1474 1192 1498 secutus
1207 1473 1248 1496 est
1260 1467 1416 1495 Vincentius
1433 1463 1631 1493 Bellovacensis
1645 1459 1752 1496 Specul.
1773 1456 1870 1484 doctri-

1085 1516 1140 1542 παι.
1165 1516 1228 1542 libr.
1244 1521 1322 1546 xvnl,
1346 1519 1406 1546 cap.
1435 1511 1479 1538 43.
1506 1510 1609 1537 Bonam
1635 1507 1743 1535 illorum
1768 1508 1871 1539 partem

252 1563 393 1598 scripsisse
408 1562 504 1593 fertur,
516 1566 596 1596 atque
615 1561 678 1588 item
699 1561 726 1587 in
743 1561 915 1592 Zachariam,
933 1568 1034 1587 necnon
1048 1570 1070 1600 ο
1085 1561 1178 1590 Grazce
1205 1558 1466 1596 repraesentavimus,
1493 1555 1632 1583 meliorem
1663 1558 1772 1586 tempus
1802 1557 1867 1577 cou-

253 1612 280 1635 et
293 1607 320 1634 in
334 1606 492 1634 Malachiam
510 1615 517 1633 :
533 1611 615 1641 atque
630 1606 680 1633 hos
693 1605 906 1632 Commentarios
918 1613 934 1632 e
945 1605 1038 1639 viginti

253 1652 372 1688 quinque
388 1651 543 1688 ἐξηγήσεων
560 1651 665 1678 illarum
679 1658 791 1679 numero
811 1650 895 1677 fuisse
911 1651 1037 1678 arbitror.

255 1699 283 1726 ln
297 1697 394 1726 Oseam
407 1698 469 1733 quid
489 1701 687 1726 commentatus
713 1697 747 1724 sit
774 1697 816 1724 his
843 1697 931 1724 verbis
959 1698 1040 1724 tradit

254 1744 433 1780 Hieronymus
449 1744 565 1772 Proem.
582 1743 732 1771 Comment.
748 1743 776 1769 in
795 1741 889 1770 Oscam
904 1750 913 1769 :
928 1751 937 1768 t
949 1741 1040 1778 Orige-

259 1797 308 1818 nes
323 1797 434 1825 parvum
450 1790 483 1817 de
499 1791 550 1817 hoc
575 1789 705 1825 propheta
728 1788 839 1823 scripsit
855 1788 984 1820 libellum.
998 1788 1039 1816 cui

256 1837 328 1864 hunc
344 1836 448 1864 titulum
463 1836 603 1871 imposuit:
618 1834 703 1871 »Περὶ
716 1833 763 1860 τοῦ
777 1833 837 1866 πῶς
852 1833 995 1870 ὠνομάσθη
1012 1834 1041 1860 ὲν

256 1891 297 1918 τῳ
323 1882 402 1918 Ὠσηὲ
428 1882 547 1918 Ἐφραῒμ
570 1890 578 1897 ·
612 1881 664 1915 hoc
688 1884 756 1908 est:
784 1880 872 1914 Quare
896 1879 1042 1914 appellatur

258 1928 287 1955 in
315 1927 380 1955 Ores
410 1927 537 1962 Ephraim
556 1935 567 1955 :
583 1927 677 1954 volens
702 1926 845 1953 ostendere
876 1932 1043 1960 quaecunque

259 1979 353 2002 contra
380 1981 442 2001 eum
465 1973 603 2005 dicuntur,
629 1974 662 2000 ad
688 1972 873 2000 haretlcorum
903 1971 1041 1998 referenda

259 2028 412 2056 personam.
446 2020 478 2047 Et
500 2019 571 2047 aliud
597 2019 720 2047 volumen
746 2018 881 2053 ἀκέφαλον
907 2018 953 2043 καὶ
979 2016 1042 2043 ὰ.τέ-

259 2067 364 2100 λεστον,
383 2066 455 2101 quod
469 2071 496 2092 et
514 2066 602 2100 capite
617 2070 709 2092 careat
727 2069 754 2092 et
776 2064 838 2091 ﬁne.
852 2073 861 2089 ι
878 2062 957 2089 Addit
973 2069 1043 2096 pra:-

261 2118 357 2141 terea:
375 2122 385 2138 ‹
407 2112 456 2145 Qui
481 2111 645 2147 (Didymus)
664 2116 719 2138 tres
751 2110 833 2137 libros
863 2116 905 2135 me
937 2111 1044 2142 petente

261 2158 382 2189 dictavit.
399 2159 517 2194 quinque
530 2166 637 2194 quoque
655 2157 722 2184 alios
745 2157 771 2184 in
786 2155 958 2182 Zachariam.
977 2153 1043 2181 Nam

261 2210 288 2233 et
301 2206 327 2233 in
341 2206 427 2241 ipsum
447 2206 499 2233 duo
512 2209 614 2232 tantum
632 2204 762 2238 Origenes
777 2202 884 2236 scripsit
897 2200 1042 2231 volumina,

1088 1608 1212 1643 sumpsit.
1233 1606 1331 1634 Misere
1342 1612 1408 1633 vero
1424 1604 1574 1633 deformata
1590 1605 1663 1633 sunt,
1685 1606 1746 1634 qua:
1771 1596 1872 1624 Latinis

1088 1641 1249 1682 editionibus
1276 1652 1459 1683 continentur.
1490 1649 1563 1677 lnter
1597 1646 1724 1675 homilias
1756 1649 1818 1678 qua
1848 1641 1872 1667 in

1089 1700 1206 1728 diversos
1222 1698 1334 1727 inscribi
1347 1698 1445 1731 solent,
1460 1700 1562 1732 septem
1573 1695 1645 1723 circa
1661 1691 1783 1720 Hatthaei
1796 1690 1873 1717 inter-

1089 1746 1268 1782 pretationem
1287 1749 1440 1776 versantur,
1464 1742 1511 1771 sed
1535 1740 1661 1777 quoniam
1692 1736 1791 1766 incerti
1814 1740 1874 1763 sunt

1090 1792 1213 1821 auctoris
1232 1796 1260 1819 et
1271 1791 1344 1823 fidei,
1360 1797 1408 1818 suo
1425 1789 1484 1817 loco
1499 1787 1679 1816 excutientur.
1828 1782 1830 1785 ’

1126 1838 1251 1873 Quinque
1270 1841 1358 1864 tomos
1377 1834 1504 1870 Origenis
1525 1836 1554 1860 in
1578 1832 1674 1859 Lucam
1696 1828 1876 1862 Hieronymus

1091 1887 1284 1912 commemorat
1299 1883 1333 1909 δ’.
1350 1881 1450 1909 Novem
1476 1886 1539 1907 vero
1570 1883 1598 1906 et
1627 1876 1734 1911 triginta
1756 1872 1875 1908 ejusdem

1092 1929 1217 1958 homilias
1244 1929 1272 1956 in
1297 1928 1370 1956 hunc
1397 1925 1595 1961 evangelistam
1622 1922 1721 1950 Latina
1750 1919 1877 1947 oratione

1091 1975 1235 2010 expressit,
1260 1973 1359 2008 quibus
1385 1971 1507 2008 pepercit
1533 1975 1667 1997 annorum
1694 1963 1876 1994 inclementia,

1092 2009 1171 2049 tomis
1191 2019 1366 2054 consumptis.
1395 2018 1489 2046 Plures
1512 2023 1576 2044 vero
1596 2014 1630 2042 ab
1651 2012 1770 2047 Origene
1797 2009 1876 2037 fuisse

1092 2066 1259 2100 conscriptas
1282 2073 1331 2092 cur
1355 2064 1488 2098 suspicer,
1514 2061 1617 2089 faciunt
1641 2063 1787 2094 postrema:
1814 2062 1876 2084 sex.

1093 2120 1153 2147 quae
1166 2120 1227 2140 cum
1241 2111 1428 2139 continuatum
1442 2110 1467 2136 in
1483 2106 1668 2143 superioribus
1682 2104 1808 2132 ordinem
1826 2109 1876 2129 non

1094 2161 1214 2189 teneant,
1231 2165 1246 2185 e
1264 2156 1360 2192 majori
1375 2162 1488 2183 numero
1502 2154 1627 2181 videntur
1639 2153 1779 2179 detractas.
1804 2148 1876 2176 Facit

1094 2209 1120 2231 et
1135 2205 1192 2239 ipse
1215 2203 1345 2238 Origenes
1371 2208 1443 2230 tomo
1468 2208 1515 2228 xnt
1539 2200 1567 2226 in
1587 2198 1700 2231 Matth,
1727 2204 1804 2224 num.
1834 2194 1876 2223 9.9.

262 2250 309 2277 vix
321 2238 428 2277 tertiam
442 2254 547 2285 partem
561 2257 576 2276 a
591 2248 722 2284 principio
738 2247 799 2274 libri
819 2246 946 2280 usquead
961 2245 1042 2272 visio—
1058 2238 1079 2266 Ι)
1093 2238 1155 2285 pag;
1174 2248 1236 2281 610,
1261 2254 1288 2275 ει
1307 2253 1379 2275 mmo
1400 2254 1475 2274 χχχιι
1502 2246 1531 2272 in
1554 2244 1648 2277 10am,
1674 2249 1750 2270 num,
1778 2240 1809 2272 2,
1835 2239 1877 2266 ubi

261 2303 324 2325 nem
339 2296 528 2331 quadrigarum
549 2296 713 2323 edisserens.
728 2303 738 2319 ι
755 2293 826 2320 Idem
840 2293 867 2319 in
881 2291 995 2325 Prologo
1009 2291 1042 2318 ad

262 2343 377 2378 primum
388 2341 649 2370 Commentariorum
667 2342 695 2368 in
710 2339 867 2367 Zachariam
879 2346 889 2365 :
909 2347 919 2364 ι
931 2337 1046 2373 Scripsit

262 2389 291 2417 in
309 2389 379 2416 hunc
391 2387 548 2423 prophetam
559 2386 688 2422 Origenes
702 2386 754 2414 duo
763 2385 897 2413 volumina
910 2391 995 2419 usque
1011 2384 1045 2411 ad

1096 2294 1215 2330 quaedam
1229 2302 1244 2321 a
1256 2301 1284 2322 se
1302 2294 1328 2321 in
1342 2293 1459 2321 homiliis
1475 2291 1501 2319 in
1524 2290 1625 2318 Lucam
1650 2289 1752 2324 scripta
1776 2290 1876 2316 narrat.

1097 2346 1212 2373 quorum
1236 2338 1308 2366 nulla
1335 2338 1362 2365 in
1391 2336 1582 2372 superstitibus
1603 2333 1722 2362 homiliis
1750 2336 1877 2368 apparent

1097 2385 1220 2420 vestigia.
1235 2384 1291 2419 (67)
1315 2383 1468 2412 Comment.
1498 2383 1527 2409 in
1550 2381 1630 2408 Joan.
1657 2385 1746 2408 tomos
1771 2378 1875 2413 triginta

298 2470 322 2486 "'
339 2469 449 2498 Hieron.
464 2468 583 2496 Promm.
598 2467 751 2496 Comment.
767 2467 794 2495 in
808 2465 923 2493 Malaeb.
959 2464 983 2480 δ’
991 2463 1102 2493 Hieron.
1115 2463 1232 2492 Procem.
1247 2462 1399 2491 Comment.
1421 2461 1447 2489 in
1474 2459 1568 2488 Matth.
1607 2459 1629 2474 “
1645 2458 1756 2486 Hieron.
1771 2456 1874 2491 Prolog.

264 2505 292 2535 in
304 2505 402 2533 Homil.
428 2504 537 2540 Origen.
554 2504 582 2531 in
594 2503 661 2531 Luc.

298 2564 356 2598 (67)
370 2562 623 2591 Commentariorum
635 2562 671 2598 in
693 2560 822 2598 Joannem
839 2563 924 2598 tomos
937 2558 1047 2598 triginta

265 2594 332 2628 duo:
344 2594 517 2626 Adamantius
530 2598 623 2624 edidit.
635 2596 749 2624 Huetius
759 2596 888 2622 Ruﬁnum
899 2595 943 2621 hic
956 2594 1047 2628 sequi-

266 2639 311 2661 tur
330 2634 479 2669 pusthabita
501 2633 614 2669 lectione
643 2630 797 2666 Hieronymi
813 2630 858 2664 qui
888 2629 1047 2669 triginta‘et

267 2663 362 2696 novem
388 2673 473 2696 tomos
501 2669 528 2694 in
553 2667 683 2694 Joannem
707 2663 867 2694 enumerat:
885 2663 933 2691 sed
958 2663 1047 2690 Ruﬁni

267 2703 377 2730 lectioni
392 2703 458 2730 ﬁdes
467 2703 576 2729 minime
588 2702 694 2729 videtur
711 2708 772 2728 esse
792 2700 944 2726 adhibenda
961 2707 969 2725 :
987 2706 1047 2725 nam

268 2746 329 2765 eum
350 2744 437 2766 tomus
455 2745 542 2769 xxx",
565 2738 609 2771 qui
635 2737 768 2769 hodieque
796 2735 895 2771 Graece»
914 2737 1047 2771 superest,

269 2773 372 2799 desinat
385 2772 418 2800 ad
428 2777 507 2807 caput
522 2769 632 2807 Joannis
646 2779 706 2807 xm,
717 2778 786 2798 vers.
799 2770 844 2807 ὅδε
856 2769 896 2807 vel
915 2769 1047 2807 integrum

271 2813 338 2841 opus
350 2804 502 2841 neutiquam
518 2806 782 2841 absolvitOrigenes,
804 2805 846 2830 vel
868 2804 889 2831 si
905 2804 944 2841 iul
968 2804 1046 2830 linem

272 2838 359 2875 usque
384 2838 524 2875 perduxit,
552 2848 606 2868 non
638 2838 779 2875 pauciores
797 2846 877 2875 quam
905 2838 939 2865 39
963 2842 1049 2875 tomos

275 2871 429 2903 elaborasse
455 2871 600 2903 verisimile
619 2871 669 2903 est.
684 2874 784 2902 Deinde
798 2871 890 2909 plures
909 2879 989 2907 quam
1015 2871 1050 2898 5'2

1100 2563 1188 2585 tomos
1204 2555 1344 2584 confectos
1361 2554 1445 2582 fuisse
1468 2553 1530 2580 inde
1545 2552 1662 2583 eruitur,
1685 2550 1757 2586 quod
1785 2548 1875 2586 Orige-

1100 2584 1147 2620 nes
1169 2593 1366 2627 ipseitractatu
1389 2589 1435 2627 55ἓ
1450 2589 1477 2616 in
1493 2587 1586 2627 Martii.
1607 2584 1766 2627 num.,’l33,
1780 2593 1809 2627 p.
1818 2584 1874 2627 θᾷΞ,

1103 2629 1128 2655 ill
1153 2621 1350 2656 ht'ecJIatlhaai
1378 2625 1459 2652 verba
1487 2632 1494 2650 :
1523 2622 1641 2655 ldipsum
1672 2626 1762 2647 autem
1785 2621 1874 2656 etrla-

1100 2667 1198 2692 tronae.
1223 2661 1268 2696 qui
1289 2660 1408 2696 τίνιιείῙὶπί
1426 2663 1502 2696 erant
1530 2655 1872 2696 εμηιβοιίπιργοριηῦιιη

1099 2698 1123 2724 ei
1135 2705 1145 2724 :
1156 2690 1235 2724 ait-se,
1247 2696 1272 2722 in
1289 2690 1496 2722 Commentariis
1510 2693 1566 2720 suis
1587 2692 1615 2718 in
1641 2690 1773 2718 Joannem
1802 2697 1872 2723 expo-

1100 2734 1188 2759 suisse
1205 2732 1238 2759 de
1254 2731 1357 2758 duobus
1371 2728 1521 2756 latronibus
1535 2727 1579 2761 qui
1599 2725 1729 2761 cruciﬁxi
1745 2729 1871 2752 suntcum

1100 2767 1221 2799 Christo,
1236 2770 1263 2793 et
1280 2765 1314 2792 ibi
1334 2765 1451 2800 agitasse
1468 2771 1501 2800 an
1518 2762 1561 2800 alii
1579 2761 1634 2800 s_ir.t
1651 2761 1705 2800 duo
1723 2760 1750 2786 hi
1766 2761 1871 2800 latrones

1101 2793 1221 2835 quorum
1230 2808 1299 2827 unus
1315 2793 1520 2835 blasphemabat
1529 2797 1667 2835 Christum
1675 2794 1760 2835 juxta
1771 2793 1868 2835 lancem.

1101 2828 1129 2863 et
1142 2836 1186 2862 alii
1204 2835 1304 2862 fuerint
1317 2828 1425 2861 duo'illi
1447 2833 1565 2860 latrones
1587 2831 1631 2865 qui
1650 2828 1732 2857 ambo
1754 2828 1868 2865 hlasplle:

1104 2861 1342 2906 moveruntjnxta
1358 2868 1510 2897 Mattlmum
1532 2871 1559 2894 et
1578 2861 1698 2893 Marcum
1716 2874 1745 2891 ει
1761 2865 1793 2894 Et
1810 2861 1868 2898 apud
