1927 3076
109 114 181 144 ιεοε

495 117 780 146 ORIGENIANOBUM
800 117 864 147 LIB.
885 117 929 151 Ill,
947 118 1022 146 CAP.
1043 118 1075 151 Il,
1097 118 1194 147 SECT.
1215 119 1247 146 ll.

1643 117 1712 146 1206

106 176 179 202 duos
195 174 368 203 Adamantius
389 175 482 203 edidit.
505 175 543 203 ita
563 175 677 204 Ruﬁnus
696 176 794 205 lnuert.
809 185 829 205 ll
857 177 884 205 in
900 179 922 208 Α
936 177 1057 205 omnium
1081 182 1109 205 et
1132 176 1316 205 admirabilior
1339 175 1470 205 destinata
1485 175 1655 211 cognoscitur
1677 177 1710 204 ad

107 221 211 248 Hieron
224 229 231 248 :
245 230 256 246 ί
268 221 374 248 Interim
388 220 511 256 Origenis
524 222 617 255 libros,
630 227 659 250 ut
670 230 750 258 supra
759 224 883 255 diximus,

106 267 135 294 in
148 274 254 294 omnem
264 266 464 294 admirationem
481 267 592 300 extollit,
605 273 632 295 et
641 267 793 303 dicit,quod
807 269 829 296 si
838 276 884 297 eos

104 313 299 347 interpretetur
321 311 440 340 Romana
465 312 563 347 lingua,
590 318 731 349 cognoscet
755 318 884 348 quantum

104 358 172 385 boni
189 363 215 384 et
227 362 290 385 ante
303 357 440 390 nescierit,
456 362 484 385 et
495 359 562 386 scire
579 366 648 386 nunc
661 358 783 393 «operit,
804 359 830 386 id
843 362 885 386 est

103 404 133 430 in
149 402 331 435 lattlneum,.
351 403 460 438 inquit,
488 403 580 438 viginti
608 411 656 432 sex
684 404 767 432 libros
794 404 883 440 (lege,

103 449 201 483 viginti
218 448 356 483 quinque),
374 454 401 476 et
415 449 442 476 in
457 448 555 476 Lucam
573 449 701 485 quinque,
718 454 745 477 et
760 451 787 477 in
800 449 885 477 Joan-

102 502 164 521 nem
181 495 286 529 triginta
301 495 378 522 duos.
394 504 404 521 ι
418 494 482 522 Inde
495 500 536 523 est
549 495 620 530 quod
642 495 669 522 in
691 496 782 523 codice
803 495 885 523 Com-

101 543 222 566 mentar.
242 539 269 565 in
296 538 424 566 Joannem
435 546 488 574 qtto
504 546 568 566 usus
586 544 628 567 est
646 540 802 568 Ambrosius
820 540 885 568 Fer-

99 585 194 612 rarius
204 592 298 612 novem
320 585 474 620 interruptae
504 586 582 614 seriei
607 586 671 614 tomi
690 586 717 613 in
739 586 774 614 52
799 591 884 615 tomos

99 631 213 658 fuerant
227 630 374 659 distributi.
390 630 554 659 Emendctur
572 639 636 667 ergo
656 632 732 660 locus
750 632 795 660 ille
818 631 883 660 Pro-

100 676 159 711 Iogi
176 676 332 712 Hieronymi
351 677 384 704 ad
402 676 528 704 homilias
538 676 661 712 Origenis
673 677 701 705 in
715 676 811 704 Lucam
827 685 842 705 a
855 685 884 706 se

97 729 249 749 conversas
275 731 283 749 :
308 731 318 748 ι
342 722 480 757 Siquidem
508 721 574 750 illud
601 722 672 758 quod
696 722 760 750 olim
792 722 884 751 Romae

96 771 198 794 sancta
224 766 337 795 Blaesilla
363 766 536 801 ﬂagitaverat,
572 770 601 794 ut
621 766 655 794 56
678 771 764 794 tomos
791 767 881 803 (lege,

96 812 137 839 25
154 812 257 848 tomos)
276 812 347 841 illius
358 813 385 839 in
402 811 572 845 Hattharum,
595 817 623 840 et
641 812 760 848 quinque
774 812 842 840 alios
855 813 882 840 in

935 223 1090 257 Romanos,
1114 231 1196 259 quam
1224 223 1354 258 Origenes
1384 222 1479 257 viginti
1511 222 1587 249 libris
1617 222 1711 250 Graeco

934 277 1060 298 sermone
1077 269 1244 297 declaravit:
1268 276 1334 304 quos
1358 272 1447 296 tamen
1475 267 1642 302 supradictus
1656 267 1711 294 Bu-

934 314 1004 342 llnus
1017 315 1044 342 in
1058 315 1149 342 decem
1162 314 1245 341 libros
1260 314 1392 348 redigens,
1403 312 1491 340 adhuc
1504 312 1612 346 copiose
1623 317 1712 339 trans-

934 359 995 387 tulit
1016 360 1043 386 in
1067 359 1201 387 Latinum.
1215 368 1224 385 ι
1240 359 1421 387 Conﬁrmatur
1436 358 1499 386 illud
1514 365 1546 386 ex
1562 358 1605 386 his
1620 357 1709 385 Ruﬁni

933 405 1022 433 verbis
1040 405 1066 432 in
1088 404 1248 432 Pratfatione
1266 412 1326 431 mox
1351 404 1458 431 laudata
1474 413 1482 432 ;
1501 413 1510 430 ι
1523 403 1604 431 Addis
1620 408 1709 430 autem

935 457 968 478 ne
980 450 1045 484 quid
1063 449 1201 477 laboribus
1216 449 1282 477 meis
1299 449 1379 481 desit,
1391 453 1421 476 ut
1435 456 1514 476 omne
1532 449 1583 476 hoc
1597 448 1711 483 quinde-

934 495 986 523 cim
1010 495 1178 524 voluminum
1203 502 1318 530 cerpus,
1337 495 1408 529 quod
1433 494 1541 522 Graecus
1561 501 1650 521 sermo
1675 493 1710 520 ad

933 541 1111 576 quadraginta
1135 540 1202 573 fere,
1227 546 1275 567 aut
1293 547 1326 568 eo
1342 539 1457 575 amplius
1480 539 1563 566 millia
1584 545 1709 566 versuum

933 587 1069 622 produxit,
1091 586 1245 614 abbreviem
1274 591 1301 613 et
1324 586 1356 613 ad
1372 585 1470 617 media.
1487 585 1509 612 si
1531 585 1588 612 ﬁeri
1611 588 1708 619 potest,

933 632 1017 667 spatia
1033 637 1176 660 coarctem.
1190 642 1199 658 ι
1218 631 1301 667 Igitur
1314 632 1402 659 Ruﬁni
1422 631 1610 666 interpretatio
1622 630 1708 658 media

933 677 1042 705 circiter
1062 685 1124 713 pars
1138 682 1179 705 est
1192 677 1347 713 Origeniani
1367 677 1474 712 operis;
1496 677 1570 711 atqui
1589 677 1645 704 hate
1665 676 1708 704 in-

934 723 1093 757 terpretatio
1108 723 1200 751 decem
1216 723 1403 758 complectitur
1421 722 1524 755 libros;
1538 722 1631 757 viginti
1645 728 1709 757 ergo

933 775 1000 803 opus
1017 767 1207 803 Origenianum
1223 768 1462 803 complectebatur.
1474 767 1558 803 Igitur
1571 775 1620 802 pro
1630 767 1709 802 quin-

933 812 1017 839 decim
1033 812 1173 847 legendum
1189 813 1258 847 apud
1270 813 1394 840 Ruﬁnum
1406 813 1507 848 viginti.
1522 812 1604 840 Addit
1615 813 1710 840 deinde

97 857 212 890 Lucam,
226 862 253 885 et
265 857 298 885 39
317 858 346 885 in
363 856 492 884 Joannem
514 860 613 885 nostra
634 857 730 892 linguae
751 857 882 885 traderem
899 859 920 887 Β
933 858 1046 886 Ruﬁnus
1073 858 1232 894 interpolata
1255 859 1339 887 fuisse
1359 860 1553 887 commentaria
1574 859 1709 894 Origenis,

97 903 108 938 (
123 904 182 938 lege
200 903 235 930 52
249 903 276 930 in
286 902 443 938 Joannem),
453 912 463 929 ›
483 911 535 930 non
548 907 577 930 ut
597 903 693 938 legisse
709 903 815 930 videtur
839 903 881 931 vir

96 949 235 981 eruditus,
260 948 369 983 triginta
398 954 523 984 quatuor.
550 948 651 976 Scribit
673 948 802 977 Eusebius
818 948 878 977 libr.

96 1000 125 1019 νι
143 992 255 1025 "istan,
273 1000 334 1028 cap.
350 993 398 1026 24,
411 1001 444 1021 ex
464 994 588 1021 universa
607 993 658 1022 hac
672 995 881 1022 commentario-

96 1046 161 1065 rum
178 1039 247 1066 mole
262 1039 327 1066 duos
339 1044 367 1066 et
384 1039 478 1074 viginti
501 1040 631 1067 duntaxat
648 1039 731 1068 libros
751 1047 801 1067 suo
823 1047 879 1068 aevo

92 1085 248 1112 exstitisse.
265 1084 310 1112 His
327 1092 391 1113 vero
405 1086 570 1119 temporibus
593 1086 637 1113 vix
660 1091 803 1120 supersunt
831 1094 879 1115 no-

94 1137 172 1157 vem.
189 1130 252 1157 Duae
267 1135 398 1165 praeterea
419 1132 446 1157 in
457 1129 589 1158 Joannem
607 1131 777 1166 reperiuntur
794 1131 880 1160 homi-

94 1176 143 1204 Iize
166 1176 236 1204 inter
257 1184 303 1204 eas
333 1185 391 1212 quae
414 1178 443 1204 in
468 1178 582 1205 diversos
607 1177 807 1212 inscribuntur;
831 1179 878 1206 sed

92 1223 226 1258 quoniam
240 1223 274 1251 de
290 1224 408 1259 ipsarum
422 1229 533 1252 auctore
546 1227 599 1252 no‘n
613 1229 734 1258 constat,
758 1225 791 1253 de
812 1226 878 1260 ipsis

93 1270 169 1297 alias
178 1270 351 1304 quaestionem
371 1269 538 1298 habebimus.
556 1270 593 1298 De
613 1270 831 1305 Expositionibus
851 1272 878 1298 in

93 1313 165 1340 Acta
180 1314 358 1348 apostolorum
377 1322 460 1341 unum
479 1314 542 1342 illud
560 1315 632 1350 quod
652 1315 768 1342 scribam
781 1315 876 1350 habeo,

93 1358 201 1393 aliquot
215 1359 339 1387 homilias
354 1360 380 1387 in
398 1359 442 1386 illa
466 1359 550 1388 fuisse
570 1360 604 1388 ab
621 1359 735 1396 Origene
754 1361 879 1389 lucubra-

94 1410 139 1431 us
156 1414 162 1431 :
179 1404 234 1441 (68)
247 1406 463 1441 eaputsiqnidem
481 1405 633 1434 Philocalt‘az
649 1408 790 1442 septimum
802 1409 877 1436 clau-

92 1451 138 1478 dit
155 1452 281 1487 exiguum
299 1452 475 1488 fragmentum
494 1461 510 1481 e
524 1459 619 1489 quarta
635 1453 744 1481 homilia
763 1454 788 1481 in
806 1455 876 1482 hunc

93 1497 206 1525 librum.
386 1527 389 1530 .

131 1542 198 1570 Vill.
212 1543 252 1571 Ad
266 1543 420 1572 enodandas
431 1543 507 1572 Pauli
520 1544 648 1580 epistolas
661 1545 796 1582 ingentem
812 1553 874 1581 ope-

92 1596 156 1615 ram
179 1587 217 1616 et
234 1589 354 1617 laborem
366 1590 497 1624 Origenes
510 1591 643 1619 contulit:
660 1592 794 1627 praecipue
811 1599 876 1620 vero

91 1633 169 1661 circa
191 1633 267 1661 Pauli
283 1634 429 1670 Epistolam
452 1636 484 1663 ad
501 1636 635 1665 Romanos
650 1645 781 1664 summam
798 1637 873 1665 adhi-

91 1680 156 1708 buit
172 1679 355 1715 diligentiam;
383 1689 446 1709 nam
472 1690 531 1717 qua:
552 1683 578 1710 in
599 1683 691 1710 Latina
716 1683 832 1722 editione
860 1691 875 1710 a

92 1726 194 1753 εἰειιὶηο
212 1734 342 1754 conversa
366 1732 491 1760 exstant,
510 1729 553 1755 vix
575 1728 688 1756 mediam
703 1728 877 1756 Commenta-

93 1773 198 1799 riorum
218 1777 361 1808 exaequant
380 1779 493 1808 partem.
521 1781 589 1808 quos
608 1765 634 1801 in
655 1781 714 1802 eam
735 1774 875 1809 epistolam

92 1818 228 1846 ediderat.
246 1818 358 1846 Ruﬁnus
369 1819 395 1846 in
415 1819 571 1854 prtel'ationc
583 1819 616 1846 ad
628 1819 777 1846 Heraclium
793 1820 876 1846 inter-

91 1864 238 1898 pretationi
252 1872 306 1891 sua:
317 1865 424 1900 praeﬁxa
435 1885 443 1897 ,
460 1873 471 1891 ε
488 1864 608 1897 Suades,
623 1864 724 1900 inquit,
739 1871 767 1892 ut
782 1871 874 1893 nostra

91 1917 163 1936 voce
185 1909 336 1944 quindecim
361 1910 419 1945 ejus
445 1910 589 1946 (Origcnis)
610 1911 754 1943 volumina,
778 1912 876 1946 quibus

69 1958 72 1961 '
90 1954 242 1989 Epistolam
257 1954 330 1982 Pauli
345 1956 376 1982 ad
389 1955 524 1985 Romanos
540 1957 668 1984 disseruit
681 1957 871 1992 explicemusa

90 2000 134 2028 Ita
158 2001 280 2035 legerunt
307 2007 333 2030 et
357 2003 499 2031 ediderunt
516 2002 644 2030 Merlinus
659 2003 726 2039 (09),
748 2003 875 2031 Erasmus

88 2050 121 2073 et
141 2046 328 2074 Genebrardus
350 2057 358 2075 :
384 2047 444 2075 inde
466 2042 558 2075 Sixtus
583 2047 711 2076 Senensis
734 2049 875 2083 scripsisse

89 2087 238 2123 Origenem
253 2089 320 2117 dixit
335 2090 360 2117 in
375 2089 520 2129 Epistolam
536 2090 569 2118 ad
585 2090 720 2119 Romanos
731 2090 875 2119 Commen-

90 2134 226 2161 tariorum
247 2134 331 2163 libros
349 2135 514 2170 quindecim.
539 2136 574 2163 At
591 2143 639 2164 eos
655 2137 748 2172 viginti
762 2145 874 2165 nantem

90 2179 179 2207 fuisse
201 2180 298 2207 asserit
312 2180 488 2209 Cassiodorus
504 2181 565 2209 libr.
584 2181 623 2209 De
650 2183 764 2210 ἱηειὶιιιι.
789 2184 870 2212 divin.

91 2224 276 2259 διήνυσαν..
305 2225 342 2252 ita
373 2225 515 2260 loquens:

90 2329 236 2361 Joannem,
254 2327 358 2363 inquit,
379 2328 449 2355 sicut
466 2328 621 2363 potuimus.
646 2329 819 2362 exposuimus
841 2329 874 2355 de

91 2364 199 2391 duobus
211 2363 371 2395 latronibus.
387 2363 431 2397 Qui
449 2363 557 2390 luerunt
577 2363 699 2390 crttcilixi
721 2371 782 2390 cum
797 2363 873 2390 Citri-

91 2404 148 2431 sto,
164 2399 209 2432 qui
230 2399 376 2425 secttndum
393 2398 545 2425 Mattha-um
573 2398 679 2433 quidem
706 2404 733 2425 et
755 2398 873 2433 Marcum

92 2434 345 2468 iit-properaverunt
361 2434 386 2460 ei
406 2433 485 2460 atttbo
497 2434 522 2459 in
539 2432 636 2462 cruce.
654 2433 802 2460 secundum
820 2432 873 2459 Lu-

91 2467 154 2495 cam
170 2473 257 2495 autem
269 2468 402 2495 dicentem
424 2468 549 2502 quoniam
567 2475 636 2494 unus
647 2467 680 2494 de
696 2468 873 2501 pendentibus

93 2503 243 2530 latronibus
262 2502 508 2537 blaspltetnabat....
525 2502 694 2530 Conveniens
710 2510 774 2536 ergo
789 2507 830 2528 est
845 2506 873 2527 ut

93 2539 122 2565 in
135 2537 228 2572 primis
244 2538 350 2572 quidem
373 2539 452 2565 ambo
477 2537 594 2564 latrones
618 2537 799 2571 intelligantur
817 2537 871 2572 Do-

93 2573 197 2599 minum
212 2573 410 2607 blasphemasse
424 2592 444 2599 ..
462 2574 516 2599 Aut
541 2579 574 2599 ne
596 2572 676 2607 forte.
693 2572 762 2598 sicut
772 2576 802 2607 et
816 2571 872 2597 illic

94 2606 213 2642 diximus
225 2605 443 2640 (Conmentariis
456 2607 560 2635 scilicet
588 2607 614 2634 in
633 2605 793 2642 Joannem),
825 2606 870 2642 alii

92 2646 158 2669 sunt
170 2641 262 2668 biduo
279 2641 395 2668 latroaes
410 2650 442 2668 ex
455 2642 553 2676 quibus
576 2649 645 2668 tinus
668 2640 872 2676 blasphetnabat

93 2684 167 2707 eum,
181 2681 209 2703 et
219 2676 262 2703 alii
273 2676 380 2703 luerunt
392 2677 428 2703 illi
444 2675 497 2703 duo
511 2677 632 2704 latrones
644 2676 689 2708 qui
717 2677 796 2703 ambo
813 2675 870 2702 bla-

128 2711 302 2738 bemaverunt
316 2719 343 2737 ε»
359 2711 413 2744 (sic
422 2712 492 2738 enim
505 2711 644 2744 legendum
655 2716 696 2738 est
705 2710 780 2744 juxta
793 2710 870 2744 mss.)

93 2745 158 2773 llzee
176 2750 264 2772 autem
279 2745 372 2773 nullibi
386 2746 557 2780 reperiuntur
570 2747 596 2772 in
618 2753 713 2773 novem
734 2745 812 2772 tomis
824 2745 869 2778 qui

91 2782 240 2807 etiamnum
266 2784 374 2807 exstant
402 2779 429 2807 in
447 2779 590 2811 Joannem,
620 2786 701 2814 atque
724 2787 757 2807 ex
781 2780 870 2814 verbis

92 2817 174 2844 modo
183 2815 275 2844 citatis
289 2819 315 2844 et
327 2815 383 2843 loco
396 2816 440 2843 ubi
458 2822 489 2843 ea
510 2815 592 2843 citata
606 2813 678 2849 sunt,
694 2815 798 2844 videtur
809 2813 869 2842 Ori-

931 909 958 932 et
970 904 996 932 in
1009 905 1133 932 omnibus
1145 905 1201 932 l'ere
1220 905 1389 933 bibliothecis
1404 905 1521 933 defuisse
1534 906 1668 940 aliquanta
1678 913 1710 932 ea:

929 949 985 985 ipso
996 958 1102 983 corpore
1113 950 1254 978 uolumina.
1265 951 1410 986 Epistolam
1421 951 1453 978 ad
1465 951 1619 979 Corinthios
1632 951 1708 985 prio-

930 1004 987 1024 rem
1011 997 1145 1025 latissime
1167 997 1373 1032 interpretatum
1388 1003 1449 1025 esse
1461 997 1548 1032 ipsum
1566 997 1603 1024 ait
1615 996 1710 1024 Hiero.

929 1049 1024 1078 nymus
1040 1042 1120 1077 epist.
1136 1041 1171 1070 52
1182 1062 1189 1075 ,
1208 1043 1240 1070 ad
1263 1042 1418 1070 Pammach.
1443 1042 1470 1070 ld
1486 1043 1660 1071 conﬁrmatur
1673 1050 1708 1070 ex

928 1087 1014 1123 ipsius
1031 1088 1155 1123 Origenis
1175 1088 1283 1116 ltomilia
1298 1088 1332 1115 i7
1346 1088 1373 1115 in
1386 1087 1449 1116 Luc.
1459 1108 1467 1121 ,
1490 1089 1515 1115 in
1536 1096 1588 1123 qua
1603 1095 1633 1115 se
1650 1088 1707 1116 dis-

929 1134 1049 1161 seruisse
1079 1134 1117 1161 ait
1144 1134 1171 1161 in
1203 1134 1284 1168 hujus
1301 1133 1426 1168 Epistolas
1449 1140 1566 1170 caputt,
1592 1133 1706 1162 vers.2.

927 1177 1075 1213 Epistolam
1092 1186 1198 1214 quoque
1211 1178 1244 1205 ad
1257 1177 1365 1206 Galatas
1378 1179 1582 1207 commentariis
1593 1199 1601 1212 ,
1621 1179 1708 1206 homi-

927 1222 982 1256 liis,
1004 1229 1031 1251 et
1055 1224 1166 1252 scholiis
1195 1224 1352 1259 explicavit.
1369 1224 1457 1252 Testis
1472 1224 1651 1260 Hieronymus
1678 1225 1705 1252 in

926 1269 1060 1298 Procemio
1066 1270 1249 1299 Commentar.
1259 1271 1285 1298 in
1295 1271 1380 1305 Epist.
1391 1271 1426 1298 ad
1440 1269 1566 1298 Galatas:
1577 1270 1707 1306 «Scripsit

927 1316 972 1343 ille
993 1318 1034 1344 vir
1069 1316 1221 1352 (Origenes)
1243 1318 1268 1344 in
1291 1317 1433 1352 Epistolam
1452 1317 1528 1344 Pauli
1547 1317 1580 1344 ad
1596 1317 1706 1345 Galatas

926 1360 1046 1394 quinque
1058 1360 1167 1396 propria
1182 1361 1327 1394 volumina,
1342 1365 1369 1388 et
1386 1361 1519 1388 decimum
1538 1361 1706 1389 Stromatum

928 1413 1037 1433 suorum
1057 1407 1154 1434 librum
1172 1407 1333 1435 commatico
1350 1415 1431 1442 super
1445 1408 1634 1443 explanatione
1648 1408 1706 1443 ejus

927 1457 1054 1478 sermone
1077 1451 1244 1486 complevit;
1273 1455 1403 1479 tractatus
1427 1459 1533 1487 quoque
1554 1452 1655 1484 varios,
1679 1457 1707 1480 et

927 1502 1065 1532 excerpta,
1089 1505 1149 1532 quae
1164 1496 1206 1524 vel
1230 1497 1288 1525 sola
1312 1497 1417 1533 possint
1438 1497 1569 1530 sullicere,
1595 1504 1705 1533 compo-

928 1543 991 1571 suit.
1004 1552 1013 1569 ι
1036 1542 1099 1571 Haec
1115 1543 1197 1570 verba
1216 1544 1313 1578 repetit
1328 1543 1443 1571 subinde
1456 1544 1535 1579 epist.
1547 1543 1592 1577 89,
1607 1544 1640 1571 ad
1650 1544 1706 1570 Au-

926 1588 1079 1624 gustinum;
1093 1592 1148 1615 tum
1160 1587 1297 1623 subiungit
1311 1589 1389 1622 paulo
1404 1593 1464 1623 post
1476 1597 1483 1615 :
1501 1597 1511 1614 ι
1525 1588 1600 1616 Hanc
1616 1593 1704 1615 autem

926 1633 1150 1667 explanationem,
1172 1640 1252 1668 quam
1277 1634 1380 1668 primus
1398 1633 1527 1669 Origenes
1552 1634 1579 1661 in
1600 1634 1711 1662 decimo.

927 1678 1092 1705 Stromaleon
1117 1679 1199 1711 libro,
1229 1678 1273 1705 ubi
1295 1678 1443 1713 Epistulam
1458 1679 1532 1706 Pauli
1549 1680 1582 1706 ad
1594 1679 1707 1707 Galatas

926 1723 1127 1758 interpretatur,
1151 1728 1178 1751 et
1197 1724 1288 1751 caeteri
1311 1724 1439 1758 deinceps
1458 1725 1620 1759 interpretes
1642 1729 1705 1752 sunt

926 1769 1022 1803 secuti,
1040 1775 1115 1796 ietc.
1145 1769 1228 1796 Docet
1249 1776 1297 1796 nos
1319 1769 1398 1796 etiam
1416 1769 1594 1805 Hieronymus
1619 1770 1704 1797 tribus

926 1815 1108 1843 voluminibus
1123 1815 1269 1850 Epistulam
1290 1816 1323 1841 ad
1346 1815 1475 1850 Ephesios
1496 1815 1619 1843 eumdem
1644 1815 1705 1843 illu-

925 1865 1036 1893 strasse,
1064 1861 1204 1896 ipsumque
1227 1868 1256 1888 se
1278 1860 1362 1888 fuisse
1380 1865 1519 1894 secutum;
1538 1862 1608 1895 quod
1625 1861 1705 1888 iterat

925 1906 987 1933 libr.
1001 1915 1009 1934 t
1025 1907 1135 1942 Apolog.
1147 1909 1250 1934 adven.
1265 1906 1364 1941 Rufin.,
1383 1915 1442 1942 cap.
1455 1907 1472 1934 Δ
1484 1913 1510 1934 et
1520 1907 1548 1940 5,
1563 1907 1704 1943 Fragmen-

926 1957 981 1980 tum
997 1960 1013 1980 e
1031 1952 1101 1980 libro
1128 1953 1208 1980 tertio
1224 1954 1250 1980 in
1266 1953 1411 1988 Epistolam
1427 1955 1462 1980 ad
1475 1953 1637 1981 Colossenses
1656 1953 1704 1980 ad—

925 1998 998 2025 ducit
1013 1997 1168 2032 Pampliilus
1183 1998 1211 2025 in
1233 1999 1369 2034 Apologia.
1387 1998 1414 2025 In
1432 1999 1547 2033 priorem
1570 2002 1604 2026 ad
1624 1999 1704 2026 Thes-

924 2044 1097 2071 salonicenses
1110 2043 1255 2078 Epistolam
1268 2043 1416 2081 ὲξηγητικὰ
1430 2045 1545 2072 edidisse
1560 2044 1705 2080 Origenem

925 2090 1051 2118 discimus
1078 2089 1112 2117 ab
1130 2089 1312 2126 Hieronymo,
1343 2091 1419 2124 cujus
1448 2091 1504 2118 haec
1529 2091 1610 2117 verba
1641 2095 1704 2118 sunt

925 2136 1004 2170 epist.
1017 2136 1085 2168 15Ξ,
1102 2136 1134 2163 ad
1153 2135 1312 2163 Minervium
1326 2141 1353 2164 et
1364 2136 1546 2164 Alexandrum
1561 2145 1567 2163 ε
1586 2145 1595 2161 ε
1607 2136 1703 2170 Orige-

926 2188 974 2208 nes
989 2181 1016 2208 in
1031 2181 1109 2208 tertio
1126 2180 1260 2208 volumine
1270 2180 1478 2216 ὲξηγηματικῶν
1492 2180 1616 2216 Epistolas
1627 2179 1704 2208 Pauli

542 2235 552 2252 ‹
567 2225 659 2254 Sancti
687 2226 762 2255 Pauli
787 2227 872 2262 prima
889 2232 912 2260 ι)
927 2227 960 2254 ad
976 2226 1228 2255 Thessalonicenses
1251 2227 1354 2262 primae,
1376 2231 1437 2266 post
1453 2228 1536 2254 multa
1551 2234 1611 2262 qua:
1628 2226 1704 2254 vario

928 2335 1009 2361 genes
1022 2334 1073 2354 non
1090 2334 1137 2361 per
1152 2331 1334 2359 transennam,
1359 2327 1404 2354 sed
1423 2335 1455 2354 ex
1471 2327 1592 2361 professo
1608 2332 1633 2355 et
1653 2335 1702 2354 suo

925 2362 983 2389 loco
1004 2367 1134 2389 tractasse
1152 2362 1185 2388 de
1207 2363 1309 2389 duobus
1337 2362 1495 2390 latronibus.
1530 2361 1616 2389 Porro
1641 2370 1702 2390 cum

927 2397 1086 2432 tricesimus
1103 2396 1235 2432 secundus
1260 2401 1347 2432 tomus
1372 2397 1478 2424 desinat
1502 2398 1535 2424 ad
1554 2402 1634 2432 caput
1659 2397 1700 2429 13.

923 2439 994 2459 vers.
1010 2432 1044 2458 35
1068 2431 1203 2466 Evangelii
1224 2430 1346 2462 Joannis.
1371 2436 1400 2458 ut
1414 2432 1468 2466 jam
1482 2430 1616 2465 diximus,
1639 2440 1702 2466 aga-

924 2470 968 2492 tur
998 2473 1061 2492 vcro
1094 2466 1126 2492 de
1156 2466 1306 2492 latronibus
1335 2467 1360 2493 in
1381 2466 1467 2501 capite
1489 2474 1545 2498 xtx,
1572 2474 1642 2495 vers.
1667 2467 1701 2494 i8

922 2500 1039 2533 ejusdem
1056 2501 1202 2535 Evangelii,
1219 2501 1308 2534 plures
1325 2508 1404 2535 quam
1417 2500 1451 2528 52
1470 2505 1556 2528 tomos
1571 2501 1597 2527 in
1616 2501 1701 2528 Joan-

922 2543 979 2561 nem
988 2535 1141 2562 elaborasse
1151 2536 1254 2562 videtur
1267 2535 1406 2570 Origenes,
1420 2543 1451 2562 ac
1461 2535 1571 2569 proinde
1580 2536 1699 2570 genuina

921 2570 1026 2597 videtur
1041 2570 1193 2605 Hieronymi
1210 2570 1289 2597 lectio
1304 2569 1363 2605 qua:
1374 2570 1409 2597 59
1426 2574 1511 2597 tomos
1528 2570 1556 2596 t'n
1569 2569 1700 2597 Joannem

921 2609 1123 2632 commetnorat.

956 2639 1011 2674 (68)
1029 2639 1093 2674 Vide
1105 2639 1230 2666 editionis
1247 2645 1345 2666 nostrm
1361 2645 1424 2674 tom.
1436 2639 1481 2670 IV,
1495 2646 1554 2674 pag.
1565 2639 1628 2666 ‘57.

956 2673 1011 2709 (69)
1026 2673 1068 2700 Ita
1083 2673 1198 2709 legerunt
1212 2678 1234 2700 et
1247 2674 1382 2700 ediderunt
1395 2673 1539 2705 Merlinus,
1548 2679 1602 2702 etc.
1622 2674 1699 2709 Atta-

921 2708 981 2735 men
1002 2708 1184 2743 'manuscripti
1211 2708 1263 2735 duo
1290 2709 1399 2735 codices
1421 2709 1453 2735 ad
1479 2715 1592 2743 quorum
1618 2708 1697 2743 [idem

921 2743 1008 2770 ltulini
1024 2742 1181 2770 contextum
1199 2743 1396 2778 revocavimus,
1415 2751 1463 2778 pro
1478 2742 1635 2778 quindecim,
1659 2742 1700 2773 le.-

921 2783 986 2813 gunt
1000 2778 1068 2806 alius
1081 2778 1168 2806 decent
1181 2797 1189 2811 ,
1205 2777 1274 2806 alius
1288 2777 1433 2806 duodecim.
1484 2777 1488 2778 ⁷
1553 2790 1559 2796 -
