1927 3076
63 131 74 156 1
83 129 137 157 209

467 128 752 158 ORIGENIANORUM
771 129 835 157 ΜΒ.
857 128 901 162 111,
920 129 995 158 CAP.
1015 130 1048 164 ΙΙ,
1065 130 1161 159 δΕΟΤ.
1182 130 1223 158 111.

1608 133 1673 161 1210

63 188 168 215 Merlini
185 187 350 223 Hieronymo
368 188 503 217 tribuebat
529 198 622 218 earum
646 191 842 226 interpretatio-
856 191 1018 226 Asupplere
1043 191 1165 227 cupimus
1179 199 1209 219 ea
1228 199 1288 227 quat
1316 190 1349 219 ab
1372 191 1488 227 Origene
1517 193 1542 220 in
1565 193 1671 220 audito-

62 242 124 261 nem
142 242 203 269 quae
229 240 390 269 supersunt;
412 236 482 263 hanc
503 236 598 265 Rullno
621 238 712 266 deberi
728 245 845 273 agnove-

63 283 127 306 runt
144 279 273 307 Erasmus
291 284 318 307 et
331 280 532 309 Geuebrardus.
558 281 587 310 ld
611 283 741 318 probatur
757 291 790 311 ex
807 284 846 318 ip-

63 325 120 352 sius
136 324 249 359 Prologo
263 325 296 352 ad
311 325 454 353 Ursacium
469 335 476 354 :
493 337 502 353 t
514 327 579 354 Nam
595 333 622 356 et
632 329 789 363 promisisse
802 338 845 357 me

63 370 187 403 memini,
202 376 231 397 ιιι
253 371 275 398 si
294 379 354 406 qua:
369 372 424 399 sint
445 373 596 401 Adamantii
620 375 692 401 senis
712 374 737 401 in
760 375 844 409 legem

63 416 150 452 Moysi
166 416 237 444 dicta
251 417 416 452 colligerem,
439 422 520 453 atque
545 426 577 446 ea
601 419 698 447 Latino
721 428 845 449 sermone

63 461 167 489 nostris
177 461 286 496 legenda
299 462 489 495 transferrem;
505 474 515 490 ι
533 468 560 492 et
573 464 685 493 deinde:
698 474 707 491 ι
721 465 804 501 Igitur
817 471 846 494 ut

64 514 175 542 possum
201 515 260 542 quae
280 505 423 542 ~iujunxisti
451 509 588 544 explicare
617 511 760 538 contendo.
785 511 844 539 Jam

62 552 138 580 enim
154 559 185 579 ex
200 553 324 580 omnibus
336 561 396 588 quae
417 554 442 581 in
467 554 526 589 lege
538 556 639 590 scripta
654 556 751 590 reperi,
771 557 844 590 solae,

64 601 93 624 ut
106 602 182 632 puto.
197 599 224 624 in
239 598 443 626 Deuteronomio
454 599 551 627 desunt
563 601 749 628 oratiunculae.
766 611 775 628 ι
798 603 842 628 Αι-

63 644 109 678 qui
129 643 225 671 Latine
247 644 368 672 redditas
385 645 516 673 habemus
541 645 664 674 homilias
684 647 710 674 in
730 654 846 682 quatuor

63 690 171 724 priores
185 689 268 718 libros
284 690 476 724 Pentateuclii;
501 693 560 726 quis
578 700 644 728 ergo
666 693 790 720 Rufinum
807 694 846 721 in~

63 740 212 770 terprctem
236 737 307 764 ausit
339 737 469 764 iuﬁciari?
490 738 587 766 Probat
609 740 694 774 ipsum
718 740 768 767 hoc
787 748 845 774 per-

62 780 154 807 oratio
162 781 281 816 subjecta
291 782 502 817 interpretationi
515 784 773 812 Commentariorum
787 785 848 813 Ori-

63 826 143 860 genis
173 827 200 854 in
224 826 369 861 Epistulam
401 827 436 854 ad
458 827 610 861 Romanos,
644 837 724 864 quam
748 830 846 859 Rufino

895 237 935 264 rio
961 236 1088 266 Ecclesiae
1117 246 1149 265 ex
1180 242 1309 273 tempore,
1337 246 1390 266 non
1424 244 1478 266 tam
1506 240 1673 275 explanatio-

895 283 946 315 nis,
963 291 1043 318 quam
1057 283 1240 312 tediﬁcalionis
1268 284 1417 318 intentione
1441 291 1564 319 perorata
1587 292 1672 314 sunt:

894 329 963 356 sicut
980 329 1005 355 in
1019 329 1147 361 homiliis,
1165 329 1221 357 sive
1235 330 1261 356 in
1282 329 1463 357 Oratiunculis
1476 331 1503 357 in
1518 328 1636 358 δεηθείη
1647 337 1675 359 et

894 373 921 401 in
938 373 1061 401 Exedunt
1077 375 1198 408 fecimus,
1212 380 1238 402 et
1251 376 1385 411 praecipue
1409 376 1435 403 in
1455 376 1498 403 his
1518 384 1578 411 qua:
1592 377 1619 404 in
1640 377 1672 404 li-

895 419 973 447 brum
981 419 1093 448 Levitici
1108 421 1141 449 ab
1155 421 1199 449 illo
1207 422 1314 456 quidem
1327 421 1466 456 perorandi
1480 422 1549 457 stylo
1558 423 1671 456 dictata,

895 473 910 492 a
942 466 1019 494 nobis
1047 474 1112 494 vero
1137 467 1298 502 explanandi
1323 468 1412 502 specie
1441 469 1569 496 translata
1598 474 1672 498 sunt.

895 511 980 545 Quem
1009 512 1128 541 laborem
1160 513 1324 549 adimplendi
1349 522 1409 549 qua:
1437 514 1547 542 deerant
1574 515 1675 543 idcirco

895 557 1074 592 suscepimus,
1089 565 1124 585 ne
1140 558 1252 593 pulsaue
1268 559 1429 593 quaestiones
1439 563 1467 586 et
1483 560 1592 593 relictae,
1603 560 1673 595 quod

898 602 925 629 in
946 601 1111 630 homiliatico
1125 603 1228 630 dicendi
1247 611 1347 639 genere
1360 603 1454 630 ab-illo
1468 611 1538 638 sepe
1554 604 1612 631 fieri
1631 612 1675 631 so-

895 647 943 680 let,
959 647 1055 676 Latino
1070 648 1162 676 lectori
1177 648 1313 676 fastidium
1328 654 1497 684 generarent.
1512 659 1521 676 )
1534 650 1673 684 Egregium

896 694 999 721 scilicet
1014 694 1198 728 interpretem,
1219 695 1251 721 de
1273 701 1323 721 suo
1346 695 1474 730 quidquid
1500 695 1604 722 libitum
1629 700 1676 722 est

897 739 1063 774 largientem.
1087 739 1143 775 (74)
1168 739 1223 767 Hoc
1253 739 1289 766 illi
1315 740 1442 768 debemus
1467 745 1576 771 tamen.
1605 741 1676 774 quod

898 784 1017 820 legitimo
1035 792 1086 812 suo
1103 785 1206 812 auctori
1227 785 1357 813 restituta:
1371 791 1449 818 sunt;
1468 794 1527 821 quae
1541 787 1612 813 inter
1624 786 1679 822 Cy-

900 831 952 858 rilli
965 830 1052 865 Opera
1066 831 1133 858 falso
1149 831 1367 858 venditabantur.
1383 831 1476 867 Itaque
1487 832 1676 865 Bellarminus,

63 872 254 900 ascribendam
267 881 327 902 esse
342 882 391 902 suo
408 875 466 902 loco
480 875 637 903 docebimus
653 884 660 903 :
678 877 700 903 is
720 877 746 903 in
767 885 798 904 ea
818 885 848 905 se
863 871 885 898 Β
899 876 942 909 qui
957 875 1003 902 lib.
1020 884 1046 903 IV
1064 875 1101 902 De
1115 875 1196 903 Verbo
1209 875 1266 907 041'.
1283 883 1340 911 cap-
1354 877 1397 908 Η.
1412 881 1538 904 essentne
1550 877 1677 912 Origenis

63 916 190 952 Origeuis
217 919 341 948 homilias
365 922 393 947 in
410 919 546 954 Genesim,
566 922 687 949 Exodum
705 927 733 949 et
749 922 847 950 Leviti-

63 971 124 991 cum
142 963 235 992 Latine
248 966 415 994 convertisse
430 967 536 994 scribit.
567 967 643 995 Nulla
663 969 753 1003 itaque
769 970 847 997 aditi-

63 1009 154 1037 benda
172 1015 213 1038 est
233 1010 300 1038 lides
326 1012 437 1046 antiquo
455 1013 542 1040 codici
560 1013 729 1041 bibliotheca
746 1013 847 1049 Regim,

66 1056 92 1083 in
109 1064 165 1090 quo
183 1056 225 1083 illa
244 1057 299 1090 ipsa
319 1057 353 1085 de
367 1065 420 1092 qua
437 1059 542 1093 agimus
564 1059 736 1087 homiliarutn
753 1060 848 1095 Orige-

65 1101 109 1129 nis
127 1102 153 1128 in
167 1100 288 1129 Certatim
310 1102 497 1138 interpretatio
512 1103 674 1140 Hieronymo
694 1106 847 1133 ascribitur.

64 1147 202 1176 Obserch
216 1149 323 1176 interim
337 1149 431 1182 lector,
446 1154 610 1185 postremam
626 1152 761 1180 homiliam
778 1154 848 1181 bona

64 1195 107 1221 sui
132 1199 210 1229 parte
225 1202 285 1223 esse
304 1196 470 1229 mutilatam;
488 1204 549 1224 natn
570 1205 664 1226 omnes
683 1200 850 1234 patriarcha-

66 1248 128 1267 rutn
148 1241 350 1269 benedictiones
371 1250 420 1276 pro
446 1243 571 1271 instituto
590 1253 642 1272 non
668 1247 849 1281 persequitur,

65 1292 94 1313 et
105 1286 221 1314 solemni
235 1292 310 1315 caret
323 1288 454 1323 clausula,
471 1297 550 1324 quam
566 1290 683 1318 homiliis
693 1293 749 1319 suis
760 1293 849 1320 omni-

65 1333 119 1360 bus
138 1333 270 1369 Origenes
285 1334 424 1368 imponere
440 1336 591 1363 consuevit.

99 1379 134 1407 ll.
150 1380 412 1408 Commentariorum
432 1381 459 1408 in
471 1381 594 1410 Ezodum
611 1383 723 1412 lacinias
747 1386 851 1420 aliquot

65 1426 199 1453 vicesimo
220 1432 296 1454 sexto
312 1426 465 1456 Pliilocalite
484 1429 564 1464 capiti
580 1429 694 1458 Basilius
710 1435 737 1458 et
750 1431 851 1467 Grego-

65 1472 126 1499 rius
146 1472 328 1500 iutexuernnt.
353 1473 475 1501 Humilia;
488 1483 551 1502 vero
570 1477 698 1504 tredecim
714 1477 740 1504 in
756 1478 850 1506 Latina

65 1519 188 1546 editione
207 1521 387 1547 continentur.
407 1521 507 1549 Nomen
529 1521 685 1557 interpretis
705 1524 849 1559 ascriptum

67 1572 122 1590 non
150 1570 202 1597 est,
230 1566 276 1592 sed
301 1573 333 1593 es
359 1565 471 1600 Prologo
494 1566 583 1594 Rufini
608 1567 641 1594 ad
658 1567 810 1601 Ursacium,
825 1574 852 1596 et

64 1610 188 1645 ejusdem
203 1611 374 1645 peroratione
394 1612 427 1638 ad
442 1613 691 1646 interpretationem
706 1613 852 1642 Commen-

67 1655 202 1683 tariorum
221 1655 344 1690 Origenis
361 1657 387 1684 in
404 1656 551 1692 Epistulam
572 1658 606 1684 ad
625 1657 766 1692 Ronianos,
793 1667 853 1695 quae

66 1708 131 1727 mox
151 1700 318 1727 laudavimus
331 1721 338 1733 ,
354 1701 525 1728 manifestum
540 1706 581 1728 est
601 1709 653 1728 non
669 1701 750 1728 aliutn
767 1702 853 1730 inter~

65 1751 173 1781 pretem
187 1754 266 1780 quam
284 1746 407 1773 Iluﬁuum
429 1747 513 1784 qureri
531 1747 628 1774 debere
649 1747 706 1775 :id
728 1748 798 1782 quod
813 1748 853 1776 vel

66 1801 101 1820 ex
116 1793 173 1827 ipsa
191 1793 253 1828 styli
271 1793 448 1821 similitudine
462 1793 554 1820 statim
576 1793 773 1828 deprehendas.
793 1794 854 1821 Ful-

67 1839 136 1866 litur
157 1847 221 1874 ergo
237 1839 329 1866 Sinus
352 1838 482 1867 Senensis
502 1839 666 1875 HierOuymo
692 1841 855 1876 interpreta-

67 1887 173 1913 tionem
191 1886 261 1912 lianc
275 1885 406 1914 tribuens.

104 1930 151 1958 111.
164 1931 203 1958 Ad
216 1930 463 1965 interpretationem
476 1930 645 1957 homiliarum
657 1929 782 1964 Origcnis
793 1937 855 1957 sese

66 1977 159 2005 decim
174 1977 201 2003 in
215 1975 360 2003 Levilicum
376 1976 473 2003 Ruﬁno
489 1976 582 2003 itidem
595 1975 812 2010 adjudicandam,
828 1981 855 2003 et

67 2022 239 2054 srguendum
266 2021 371 2048 Sixtum
398 2021 443 2056 qui
468 2027 527 2048 eam
546 2020 711 2056 Hieronymo
734 2023 854 2054 ascribit,

67 2068 166 2096 valere
180 2068 279 2095 debent
294 2068 386 2095 eadem
399 2073 568 2103 argumenta.
588 2066 710 2100 Qualiter
721 2073 811 2095 autem
828 2069 853 2095 in

68 2114 283 2149 interpretandis
300 2114 418 2141 homiliis
435 2113 498 2146 illis,
520 2117 547 2140 et
564 2121 624 2147 qua:
638 2113 666 2139 in
678 2111 809 2146 Genetius,
828 2118 856 2141 et

67 2168 134 2196 quire
161 2159 321 2186 quxodum
345 2158 442 2186 habita:
458 2162 520 2186 sunt
543 2165 572 2185 se
595 2158 706 2193 gesserit
731 2157 853 2192 Rufinus,

68 2207 131 2241 ipse
154 2205 273 2233 declarat
298 2205 324 2231 in
339 2203 506 2238 peroratione
521 2211 581 2230 mox
595 2203 677 2230 citata
693 2212 699 2230 :
732 2212 742 2229 ι
758 2202 856 2231 Fateor

68 2258 201 2285 namque,
217 2249 322 2277 Heracti
338 2249 422 2276 frater
434 2248 631 2281 amantissime,
644 2249 715 2283 quod
727 2249 788 2276 dmn
804 2250 856 2277 tuis

70 2296 220 2325 desideriis
232 2295 389 2323 satisfacere
400 2295 490 2329 cupio,
505 2294 605 2322 oblitus
618 2302 677 2322 stnn
694 2302 761 2329 perte
777 2303 855 2322 man-

68 2343 130 2371 dati
148 2350 202 2377 quo
223 2342 391 2376 prtecipitur:
403 2340 476 2367 Onus
489 2349 570 2375 supra
586 2341 651 2367 uires
667 2346 725 2368 tua:
740 2349 771 2368 ne
785 2341 855 2368 leva.

68 2389 144 2417 veris
157 2389 180 2404 ‘°
194 2396 201 2415 :
224 2387 346 2421 quamvis
367 2386 444 2414 nobis
463 2394 512 2413 nec
529 2386 560 2413 ‘in
581 2386 686 2413 caeteris
700 2394 759 2420 quae
774 2392 798 2414 te
814 2388 854 2414 in-

70 2436 200 2467 5istente,
218 2434 271 2461 imo
286 2432 374 2468 potius
390 2440 501 2468 pensum
514 2431 603 2459 diurni
619 2432 707 2466 operis
721 2433 856 2468 exigente,

71 2482 103 2509 in
114 2480 240 2508 Latinum
253 2480 393 2513 vertimus,
413 2478 530 2506 defuerit
543 2477 673 2512 plurimus
693 2477 778 2510 labor,
794 2478 857 2506 dum

111 2552 136 2569 ⁸⁸
151 2551 233 2579 Eccli.
254 2559 312 2583 xm,
327 2550 354 2578 2.

76 2626 164 2652 ratas,
178 2625 206 2646 et
219 2620 251 2646 ab
269 2619 386 2653 Origene
407 2617 477 2652 ipso,
500 2625 553 2644 nun
569 2618 603 2644 ab
626 2615 755 2653 actuariis
768 2615 864 2653 editas,

78 2657 105 2684 id
137 2651 203 2683 sane
231 2651 331 2681 dubito
351 2661 384 2680 an
420 2651 577 2686 cujusquam
602 2652 701 2679 veteris
726 2651 865 2685 scriptoris

78 2691 243 2719 auctoritate
272 2689 387 2723 probare
418 2688 561 2723 potuisset.
591 2687 670 2714 Certe
697 2686 781 2723 major
804 2693 865 2720 pars

77 2721 279 2760 septemdecim
296 2723 470 2760 liomiliarum
486 2722 512 2749 in
526 2721 652 2760 Genesim
667 2722 788 2756 mysticis
802 2729 864 2747 sett-

78 2757 156 2789 sibus
172 2760 333 2787 enarrandis
355 2758 530 2792 impenditur.
552 2757 621 2790 Quid
641 2765 706 2791 ergo
729 2764 776 2783 eas
792 2760 865 2782 vetat

79 2796 209 2831 mysticae
219 2795 277 2831 dici
302 2799 329 2821 et
352 2797 455 2831 partem
480 2792 654 2826 mysticorum
680 2792 860 2831 lio_r_niliai:mn,

79 2826 401 2867 quat-utnulla:ronymus
415 2827 481 2854 duos
497 2831 690 2867 commemorat
697 2826 808 2867 libros?

118 2865 176 2902 (Ἠ)
193 2864 248 2892 Hoc
259 2864 298 2891 illi
311 2861 431 2891 debemus
443 2866 539 2895 tamen,
553 2862 619 2896 quod
630 2861 745 2896 legitimo
757 2861 859 2888 auctori

900 921 1011 949 delinire
1022 929 1075 948 non
1085 929 1167 949 ausus
1180 921 1276 954 fuerat,
1290 923 1397 949 easdem
1411 923 1437 949 in
1450 923 1517 950 libro
1533 922 1570 950 De
1588 923 1676 957 script.

899 969 990 995 eccles.
1007 968 1109 1002 absque
1125 968 1294 996 haesitatione
1315 968 1379 996 huic
1389 969 1522 997 attribuit.
1540 969 1613 997 Unde
1628 978 1677 997 ex-

900 1013 1050 1047 plodendus
1061 1013 1242 1040 lieterodoxus
1257 1013 1377 1048 quidam,
1393 1014 1437 1048 qui
1452 1021 1499 1041 eas
1521 1015 1609 1049 posuit
1629 1023 1678 1042 nu-

899 1066 947 1093 per
969 1058 1039 1085 inter
1050 1065 1131 1093 opera
1146 1058 1270 1093 Origcnis
1281 1059 1460 1094 supposititia.
1476 1060 1607 1087 Caeterum
1622 1061 1678 1094 pri-

900 1111 971 1130 mum
986 1103 1140 1132 Philocalice
1158 1110 1237 1139 caput
1260 1105 1437 1140 fragmentum
1452 1105 1562 1133 exhibet
1575 1114 1608 1133 ex
1625 1106 1678 1133 llo-

900 1149 972 1177 milia
988 1150 1103 1178 secunda
1116 1151 1143 1177 in
1155 1150 1309 1183 cht'licum,
1327 1159 1387 1186 qua:
1399 1152 1507 1186 quidem
1520 1151 1553 1179 ab
1565 1151 1678 1179 Homilia

899 1197 1016 1224 secunda
1041 1196 1192 1224 Ruﬁnianus
1215 1198 1383 1226 collectionis
1409 1198 1487 1233 plane
1502 1198 1607 1226 diversa
1627 1203 1678 1226 est.

900 1242 1072 1270 Decurtatam
1088 1250 1119 1270 ea
1134 1243 1266 1277 particula
1286 1249 1313 1270 et
1329 1243 1476 1271 mutilatam
1490 1251 1504 1271 s
1518 1243 1617 1271 Rufino
1630 1245 1680 1271 ho-

900 1289 1002 1316 miliam
1018 1289 1087 1316 hanc
1105 1289 1206 1324 opinati
1225 1294 1289 1317 sunt
1301 1289 1428 1323 quidam;
1444 1290 1491 1318 sed
1509 1290 1592 1317 multo
1607 1291 1680 1317 veri-

900 1335 1013 1362 similius
1031 1339 1073 1362 est
1085 1335 1176 1369 plures
1190 1335 1273 1362 fuisse
1298 1335 1467 1362 bomiliarum
1491 1336 1601 1363 istarum
1628 1335 1682 1362 νοι-

901 1380 1039 1413 lectiones.
1053 1385 1081 1408 et
1105 1381 1132 1408 in
1146 1389 1199 1408 una
1215 1381 1323 1415 quidem
1344 1382 1491 1409 secundum
1508 1381 1624 1408 tenuisse
1639 1381 1680 1409 Ιοι-

901 1433 961 1453 cum
984 1425 1119 1453 homiliam
1137 1426 1219 1458 illam,
1243 1426 1314 1453 unde
1333 1426 1432 1460 prodiit
1446 1425 1599 1453 Philocalia:
1625 1425 1682 1452 fra-

901 1476 1050 1507 gmentum,
1059 1480 1118 1506 quae
1130 1479 1145 1499 a
1157 1472 1301 1499 Ruﬁniana
1317 1472 1473 1499 collectione
1485 1471 1613 1499 abfuerit.
1627 1471 1681 1499 llo-

904 1517 991 1545 tnilias
1009 1518 1115 1552 quidem
1137 1518 1164 1545 in
1184 1517 1326 1550 Numeros,
1351 1525 1410 1552 qua:
1438 1522 1598 1551 supersunt,
1621 1524 1636 1544 a
1653 1523 1684 1544 se

903 1563 1029 1590 collectas
1047 1567 1075 1590 et
1088 1563 1207 1597 digestas
1219 1563 1332 1590 Rufinus
1348 1564 1404 1598 ipse
1423 1563 1561 1598 praedicat,
1575 1568 1604 1590 ut
1621 1570 1682 1591 mox

903 1609 1033 1637 dicemus.
1056 1609 1176 1637 Homilite
1198 1610 1224 1636 in
1243 1609 1386 1636 Jeremiam
1409 1609 1442 1636 ab
1457 1608 1620 1644 Hieronymo
1633 1608 1683 1636 La,-

904 1656 958 1683 tine
973 1656 1093 1689 redditae,
1106 1656 1158 1683 alio
1177 1655 1272 1682 ortliue
1298 1655 1325 1681 in
1344 1655 1462 1682 editione
1478 1654 1585 1686 Latina,
1599 1661 1683 1689 quam

904 1701 929 1728 in
944 1701 1080 1728 codicibus
1099 1701 1202 1729 Graecis
1221 1700 1359 1728 collocatae
1376 1705 1439 1727 sunt
1454 1709 1461 1728 :
1478 1700 1550 1734 quod
1574 1705 1601 1727 et
1618 1701 1683 1728 alibi

905 1746 1004 1773 factum
1015 1746 1230 1774 observabimus.
1248 1747 1318 1774 Idem
1335 1747 1424 1781 itaque
1440 1746 1558 1773 homiliis
1572 1747 1599 1773 in
1614 1746 1686 1774 Leui-

904 1793 981 1818 ticum
994 1792 1146 1827 contigisse,
1161 1797 1189 1819 et
1211 1799 1259 1827 pro
1273 1792 1449 1826 interpretum
1470 1792 1687 1820 studiosorumve

904 1838 979 1865 libitu
994 1838 1077 1865 variis
1094 1839 1179 1866 modis
1195 1838 1276 1866 fuisse
1292 1838 1405 1866 selectas
1424 1842 1451 1865 et
1474 1837 1609 1865 ordinatas
1628 1838 1687 1865 exi-

904 1884 1013 1910 stimare
1028 1882 1145 1917 proclive
1159 1887 1212 1910 est.

940 1929 983 1957 lV.
998 1929 1037 1956 Ex
1061 1929 1174 1964 Prulogu
1189 1935 1269 1963 quem
1287 1927 1402 1962 praefixit
1417 1927 1530 1956 Rufinus
1554 1929 1685 1963 interpre-

907 1975 1000 2002 tationi
1020 1982 1085 2007 suae,
1101 1979 1161 2001 octo
1171 1978 1198 2001 et
1214 1974 1308 2009 viginti
1331 1973 1503 2001 homiliarum
1519 1972 1643 2009 Origenis
1658 1974 1687 2000 in

908 2020 1050 2053 Numeros,
1068 2028 1128 2053 qua:
1146 2020 1179 2046 ad
1194 2019 1263 2046 hanc
1285 2019 1356 2047 dietn
1379 2024 1531 2053 supersunt,
1544 2024 1571 2046 et
1583 2026 1614 2046 ex
1630 2019 1688 2053 ipso

904 2067 986 2094 etiam
1002 2066 1071 2102 stylo
1099 2065 1254 2101 intelligitur
1279 2066 1451 2093 vehementer
1480 2073 1525 2093 eos
1549 2065 1615 2098 falli,
1629 2065 1694 2100 quim

905 2122 1012 2149 cunque
1025 2113 1105 2140 aliutn
1120 2113 1294 2147 interpretem
1303 2112 1442 2147 assignant
1458 2119 1537 2147 quam
1551 2111 1691 2138 Rufinum.

909 2169 918 2186 ι
939 2161 1119 2194 Quaecunque,
1144 2158 1239 2193 inquit,
1270 2159 1297 2186 in
1323 2158 1501 2187 Numerorum
1525 2157 1605 2191 libro,
1632 2158 1696 2184 sive-

872 2217 894 2245 ι)
909 2204 1073 2233 borniliatico
1100 2204 1179 2239 stylo.
1199 2203 1255 2231 sive
1271 2204 1352 2230 etiam
1370 2211 1402 2230 ex
1423 2203 1464 2231 his
1479 2211 1539 2238 qua:
1556 2203 1694 2237 Excerpta-

910 2249 1090 2284 appellantur,
1108 2249 1208 2282 scripta
1229 2247 1389 2281 reperimus,
1412 2247 1469 2274 haec
1491 2250 1650 2280 perurgente
1664 2249 1697 2272 te

910 2295 1062 2331 (Ursacium
1082 2291 1236 2328 alloquitur)
1255 2293 1374 2320 Romana
1387 2296 1415 2319 ut
1432 2292 1568 2327 potuimus
1583 2298 1648 2318 voce
1657 2298 1695 2318 ex

909 2340 1024 2367 diversis
1049 2340 1076 2367 in
1101 2347 1183 2366 unum
1208 2339 1329 2366 ordinem
1356 2339 1468 2367 collecta
1490 2337 1659 2373 digessimus.
1679 2345 1695 2362 ι.

909 2386 965 2414 Has
982 2392 1077 2420 nempe
1088 2392 1155 2420 quas
1171 2385 1301 2413 habemus
1318 2384 1442 2412 bomilias
1450 2384 1626 2417 undecunque
1638 2381 1695 2408 co|~

910 2431 994 2459 lectas
1007 2438 1056 2466 pro
1070 2431 1181 2458 arbitrio
1198 2439 1247 2459 suo
1265 2431 1290 2458 in
1305 2431 1426 2458 ordinem
1439 2429 1579 2463 disposuit,
1592 2426 1647 2462 (75)
1657 2426 1694 2454 si-

916 2478 1025 2512 mulque
1040 2477 1121 2505 etiam
1135 2477 1237 2505 scholia
1252 2477 1308 2512 ipsa
1324 2475 1495 2511 permiscuit;
1508 2474 1581 2510 quod
1597 2472 1701 2500 Ruﬁno

915 2616 1043 2643 rutilum:
1052 2619 1124 2645 sunt.
1139 2621 1197 2648 qua:
1209 2610 1394 2650 inlgeryrillil,
1414 2614 1467 2650 etc.
1482 2606 1698 2650 _Vide_Admonli:

913 2642 1011 2678 tionem
1037 2642 1155 2677 nostram
1182 2649 1215 2685 ad
1241 2642 1392 2682 ὲξήγῆτικά
1420 2646 1448 2685 in
1476 2643 1627 2685 Levitisum,
1646 2642 1698 2685 tibi

915 2676 1051 2720 inuidiam"
1061 2676 1128 2712 aliis
1152 2676 1288 2720 rationum
1296 2676 1302 2681 ”
1310 2676 1453 2720 momentis
1466 2678 1634 2707 ostendimus
1645 2676 1696 2720 lio-

914 2713 1002 2748 inilias
1020 2720 1079 2747 illas
1090 2727 1151 2747 esse
1167 2717 1311 2754 genuinum
1334 2715 1472 2750 Origenis,
1496 2721 1547 2741 non
1566 2720 1630 2739 vero
1644 2713 1697 2746 Cy-

928 2756 963 2782 illi
984 2756 1078 2782 fetum.

913 2763 1153 2824 rullﬂlilllgiiit‘ulque
1168 2785 1366 2824 etiamin/tolio
1383 2785 1439 2824 ipsa
1450 2782 1613 2824 permiscuit.
1627 2780 1698 2824 Illud

914 2817 988 2854 forte?
999 2817 1024 2852 in
1040 2817 1122 2852 causa
1136 2827 1178 2850 est
1193 2830 1242 2849 cur
1256 2823 1282 2849 in
1297 2817 1427 2855 ejusmOdi
1443 2817 1559 2855 rhomilis
1572 2817 1695 2855 quadarn

913 2869 945 2889 ex
975 2863 1094 2894 lcmpore
1115 2854 1316 2893 pronuntiata,’
1339 2854 1467 2884 uounulla
1488 2860 1553 2884 vero
1576 2860 1610 2881 ex
1639 2854 1697 2879 otio
