1927 3076
256 114 321 143 1211

871 117 899 146 Ρ.
919 118 1077 149 DANIELIS
1092 119 1207 149 HUETII

1805 123 1866 152 12ιέ

254 173 400 209 interprete
416 174 525 209 dignum
540 178 609 202 erat.
626 173 718 202 Inanis
736 175 828 210 itaque
851 181 895 205 est
921 178 1036 207 Andreae
1049 181 1073 211 Α
1086 179 1234 208 Gratianus
1245 179 1388 209 advertere
1398 179 1502 210 debuit.
1518 179 1639 208 Humilia
1654 180 1794 210 vicesima
1806 183 1865 211 insi-

254 219 341 248 Hiveti
367 220 537 253 observatio,
563 225 699 249 auctorem
727 222 897 250 homiliarum
924 224 1034 252 istarum

253 265 378 294 Latinum
394 273 455 293 esse
481 273 515 294 ex
539 274 571 293 eo
600 268 747 302 arguentis.
773 269 844 303 quod
872 269 964 297 homil.
990 270 1034 304 l2,

252 318 327 338 num.
343 311 372 344 ἢ,
390 310 541 338 differentia
556 316 663 339 notetur
681 312 750 340 inter
766 313 893 341 excudere
916 319 943 342 et
965 315 1035 342 exci-

251 357 312 384 dere
327 364 337 383 :
350 365 409 391 qune
425 357 514 385 Rufini
539 358 696 393 interpretis
718 360 908 388 muniﬁcentia
924 366 1035 396 accepta

251 402 390 430 referenda
421 409 495 431 sunt.
518 403 708 433 Oratiunculas
725 413 789 434 vero
813 407 841 434 in
870 407 1035 436 Desierant»-

250 449 330 476 mium
348 450 493 484 quominus
516 450 612 478 Latine
626 452 793 486 exposuerit.
807 454 1033 488 quemadmodum

249 495 341 523 animo
356 496 549 529 destinaverat,
563 505 636 525 mors
649 498 843 532 impedimento
854 500 913 527 fuit.

285 541 319 568 V.
335 542 465 571 Homilias
479 543 606 578 Origenis
615 544 642 570 in
662 543 747 571 Iosue
760 552 809 572 sex
833 549 861 573 et
878 545 971 580 viginti
986 545 1036 574 La-

250 587 305 615 tina
320 587 397 615 nobis
411 588 521 616 exhibet
543 589 637 616 editio.
652 588 816 625 Hieronymo
834 590 1034 626 interpretatio-

249 641 312 662 nem
328 634 423 662 tribuit
438 634 531 662 titulus
553 634 660 669 Prologi
677 643 683 661 :
702 635 749 662 sed
765 640 819 662 tam
836 636 1034 672 interpretatio,

249 688 330 714 quam
357 681 573 715 interpretationi
608 681 733 716 prteﬂxus
759 681 892 718 Prologus
923 691 1035 718 prorsus

248 726 376 754 Ruﬁnum
393 731 532 754 auctorem
549 726 659 754 habent.
683 727 722 755 Ac
736 728 822 764 stylus
836 729 945 764 quidem
963 729 1034 764 stylo

247 773 417 808 superiorum
446 772 617 800 homiliarum
648 781 709 802 cum
734 775 868 802 orationis
894 779 1033 808 contextu,

250 824 305 847 tum
333 820 482 847 dictionum
500 819 605 847 delectu
625 827 755 855 perquam
783 821 881 849 similis
901 826 952 849 est.
977 820 1033 849 Nec

1087 226 1131 261 ειιί
1147 230 1225 261 parte
1239 230 1345 253 constat
1356 226 1495 254 duodecim
1510 225 1666 254 Philocaliie
1680 232 1773 262 caput.
1796 228 1864 256 Hanc

1086 271 1109 298 si
1125 278 1185 299 eum
1200 270 1288 298 Ruﬁni
1301 272 1523 307 interpretatione
1535 272 1696 304 contuleris.
1704 281 1803 300 verene
1814 275 1865 302 hac

1086 316 1232 344 inlaudata
1251 316 1331 344 toties
1356 318 1526 352 peroratione
1538 316 1727 346 Commentar.
1746 318 1867 353 Origenis

1086 363 1112 389 in
1120 361 1310 397 Epistolarum!
1318 362 1458 395 Romanos,
1467 363 1535 391 dese
1547 364 1735 399 przedicaverit
1746 365 1865 398 Ruﬁnus,

1087 408 1272 442 deprehendes
1292 417 1300 436 :
1315 417 1325 434 ι
1343 407 1408 435 Nam
1424 408 1468 436 illa
1480 416 1541 444 quae
1556 410 1582 437 in
1606 409 1671 438 Jesu
1689 409 1772 444 Nave,
1795 415 1823 438 et
1841 412 1867 438 in

1085 453 1210 481 iudicum
1239 454 1347 486 librum,
1364 459 1391 482 et
1417 455 1443 482 in
1469 455 1637 485 tricesimum
1661 461 1784 489 sextum,
1799 458 1868 485 etin

1087 500 1252 528 tricesimum
1264 501 1420 536 septimum,
1431 505 1459 528 et
1473 500 1638 529 tricesimum
1653 507 1781 529 octavum
1797 503 1867 536 psal-

1086 552 1159 572 mum
1177 544 1347 580 scripsimus,
1365 545 1529 580 simpliciter
1541 546 1728 580 expressimus
1741 551 1772 574 ut
1796 547 1869 576 inve-

1086 590 1187 624 nimus,
1201 595 1228 618 et
1251 598 1305 618 non
1333 591 1417 619 multo
1439 598 1501 619 cum
1523 591 1616 619 labore
1646 593 1866 621 transtulimus.»

1086 634 1213 663 Huﬁnum
1229 636 1340 671 quidem
1371 637 1603 672 interpretationis
1627 638 1708 672 hujus
1732 643 1869 666 auctorem

1085 682 1209 717 agnoscit
1225 682 1354 711 Erasmus
1374 683 1400 710 in
1421 683 1531 711 Censur.
1548 683 1592 711 lib.
1613 683 1738 719 0rt'gen.,
1756 689 1785 712 at
1801 684 1870 712 Pr:-

1084 728 1213 756 fationem
1227 728 1370 757 conﬁctam
1387 737 1402 756 a
1421 729 1577 764 bibliopolis
1590 735 1617 757 et
1632 731 1802 764 suppositam
1814 731 1870 758 exi-

1085 774 1188 806 stimat,
1203 773 1306 801 idcirco
1317 774 1388 809 quod
1405 774 1566 802 solmcismis
1574 779 1602 802 et
1615 776 1755 803 sermonis
1765 776 1871 811 ineptiis

1085 823 1200 852 scateat,
1213 824 1240 848 et
1256 820 1327 855 quod
1340 820 1467 848 bomilias
1483 820 1550 848 istas
1562 820 1588 848 in
1601 820 1687 848 Iosue
1698 826 1870 857 extempora-

248 866 426 901 interpretem
448 873 477 894 se
498 854 652 894 dissimulat
670 854 727 902 ipse
750 867 864 895 Bullinus
876 867 902 895 in
916 867 1033 895 Perora-
1048 854 1070 882 Β
1084 867 1124 893 les
1150 872 1211 893 esse
1238 854 1381 901 signiticet,
1396 874 1458 894 cum
1480 866 1582 894 scribat
1599 871 1690 894 tamen
1709 854 1870 895 Athan-asins

247 912 320 938 tione
338 918 393 938 sua:
412 911 646 946 interpretationis
659 911 923 940 Commentariorum
937 913 1033 948 Orige-

246 957 289 984 nis
297 957 325 984 in
334 956 481 991 Epistolam
495 957 530 984 ad
540 956 684 986 Romanos.
696 958 827 994 Prologus
838 967 947 995 quoque
956 960 1033 988 Rull-

247 1004 344 1031 niauas
369 1012 473 1038 merces
487 1005 552 1033 olet.
577 1004 633 1032 Cur
658 1005 824 1041 Hieronymo
847 1006 964 1033 tributus
986 1006 1032 1040 sit,

245 1057 336 1077 causa:
351 1050 377 1077 id
394 1049 477 1078 fuisse
491 1057 565 1086 puto.
579 1050 732 1086 Scripserat
752 1051 778 1078 in
794 1050 908 1086 Prologo
920 1051 1033 1079 Galean

245 1094 429 1130 Hieronymus
453 1104 460 1122 :
482 1104 492 1121 ι
511 1096 538 1122 ln
554 1096 654 1131 templo
680 1096 727 1123 Dei
742 1095 822 1124 oﬁ‘ert
846 1098 1032 1133 unusquisque

245 1140 316 1174 quod
334 1145 438 1175 potest;
458 1141 502 1168 alii
516 1148 623 1173 aurum,
640 1146 780 1175 argentum
799 1145 827 1169 et
852 1140 954 1177 lapides
969 1149 1031 1177 pre-

245 1185 330 1213 tiosos
345 1193 352 1212 :
369 1186 416 1213 alii
441 1186 551 1221 hyssum
574 1191 602 1213 et
617 1194 778 1221 purpuram.
792 1192 820 1214 et
838 1193 949 1214 coccum
966 1185 1030 1214 oﬁ‘e-

245 1236 318 1264 runt,
334 1238 362 1259 et
389 1232 594 1267 byacinthum:
620 1232 760 1260 nobiscum
785 1233 853 1261 bene
881 1234 983 1269 agitur,
1007 1235 1030 1261 si

244 1278 422 1306 obtulerimus
448 1278 531 1314 pelles
557 1282 585 1306 et
612 1285 756 1313 caprarum
774 1279 853 1315 pilos.
878 1288 888 1306 ι
915 1279 977 1307 Haec
1003 1279 1030 1307 in

244 1323 361 1359 Prologo
373 1332 422 1351 suo
439 1323 575 1360 expressit
600 1323 725 1356 Ruﬁnus,
751 1329 779 1352 et
806 1324 939 1352 dilatavit.
959 1325 1030 1352 Idem

243 1369 433 1398 Chromatium
450 1370 695 1405 alloquitur,quem
708 1370 913 1398 Praefationibus
929 1371 986 1399 suis
1003 1371 1031 1398 in

245 1416 452 1451 Paralipomsna
467 1421 494 1444 et
507 1417 535 1443 in
551 1415 659 1443 Tobiam
676 1416 855 1452 Hieronymus
876 1417 1028 1452 compellat.

244 1461 300 1489 Hos
321 1462 360 1489 illi
380 1462 473 1490 titulos
493 1462 606 1497 largitur
636 1461 770 1490 Ruﬁnus:
789 1471 798 1488 ι
818 1463 840 1491 0
864 1463 900 1490 ιιιί
922 1471 1030 1499 semper

245 1508 410 1536 venerabilis
425 1513 504 1543 pater
517 1508 673 1542 Chromati;
690 1518 700 1535 ι
717 1509 783 1536 istos
807 1509 987 1545 Hieronymus
1002 1510 1028 1537 in
1042 1526 1063 1555 ο

243 1554 358 1590 Prologo
369 1554 428 1582 libri
446 1562 466 1582 ll
480 1554 635 1583 Comment.
655 1555 683 1582 in
699 1554 825 1582 Habacuc
839 1564 848 1583 :
862 1564 871 1581 ι
887 1555 922 1583 Mi
942 1556 1030 1584 Chro-

242 1601 394 1636 inati,papa
409 1601 596 1629 venerabilis.»
607 1601 662 1638 (76)
675 1601 714 1628 Es
731 1601 774 1629 his
787 1606 866 1629 natus
876 1609 964 1629 error.
975 1602 1029 1630 Nec

243 1647 271 1674 id
288 1655 352 1676 casu
369 1652 469 1681 tamen,
487 1647 534 1675 sed
559 1648 662 1675 dolosis
683 1647 773 1675 lluﬁni
797 1647 902 1675 artibus
926 1647 1027 1675 factum

243 1693 371 1728 coniicio,
389 1693 435 1728 qui
459 1701 521 1721 cum
539 1700 568 1721 se
590 1692 755 1728 Origenismi
778 1693 858 1729 vulgo
873 1699 1026 1729 suspectum

240 1747 313 1772 esse,
327 1744 527 1774 proptereaque
556 1740 646 1766 minus
659 1738 809 1766 vendibiles
831 1747 936 1768 merces
960 1749 1027 1770 suas

242 1784 415 1819 intelligeret,
442 1784 532 1812 fucum
561 1784 680 1812 incautis
704 1783 852 1812 lectoribus
875 1785 965 1814 facere
979 1794 1027 1814 vo-

240 1831 324 1858 luisse
343 1831 490 1858 verisimile
510 1835 569 1863 est;
595 1830 752 1866 Hieronymi
771 1835 861 1858 autem
876 1833 1026 1861 adversarii

241 1877 282 1904 sui
300 1884 398 1904 nomen
416 1876 593 1911 praescripsit,
606 1883 660 1910 quo
675 1883 738 1903 eum
753 1883 862 1911 quoque
883 1877 910 1904 in
933 1877 1027 1913 Orige-

240 1923 320 1950 nismi
337 1923 518 1958 suspicionem
535 1927 656 1955 vocaret,
673 1930 688 1949 a
702 1930 756 1956 quo
770 1928 823 1949 tam
840 1931 912 1959 saepe
923 1924 1026 1952 doctri-

240 1977 283 1996 nae
308 1969 389 2004 hujus
413 1969 502 1996 fuerat
523 1969 695 1996 criminatus.
724 1969 780 2004 (Π)
805 1969 891 1997 Simili
917 1969 1026 1998 vafritie

239 2015 370 2043 adversus
382 2023 443 2042 eum
459 2022 523 2042 usus
536 2019 577 2042 est
594 2016 620 2042 in
634 2017 808 2050 peroratione
823 2017 1025 2051 interpretatio-

239 2062 282 2088 nis
293 2057 557 2089 Commentariorum
571 2060 694 2096 Origenis
710 2062 738 2088 in
751 2060 899 2096 Epiuotam
915 2062 950 2088 ad
971 2062 1024 2089 Ho-

237 2112 383 2138 manoa.ut
397 2114 446 2134 suo
459 2106 521 2134 loco
544 2113 560 2133 a
589 2106 668 2133 nobis
689 2107 806 2134 dicetur.
825 2106 914 2134 Ruﬁni
933 2111 1024 2134 autem

238 2161 292 2181 non
313 2153 402 2180 minus
428 2153 571 2180 familiaris
595 2152 679 2180 fuisse
709 2152 816 2180 videtur
840 2152 1024 2184 Chromatius.

1083 910 1319 947 diligentissimum
1337 911 1480 946 Origenem
1495 912 1588 940 luisse.
1599 912 1697 940 Futilia
1712 920 1783 940 sane
1797 921 1871 948 argn-

1083 961 1184 984 menta.
1211 956 1294 990 Quasi
1322 965 1375 985 non
1397 959 1548 986 orationem
1569 965 1645 986 suam
1673 958 1872 993 stribliginibns

1082 1009 1189 1038 quoque
1213 1003 1400 1039 inquinaverit
1419 1003 1547 1036 Ruﬁnus;
1572 1005 1648 1039 quasi
1674 1012 1731 1032 non
1750 1005 1872 1033 homilias

1082 1053 1110 1076 et
1124 1056 1157 1076 ex
1169 1053 1288 1084 tempore
1299 1050 1513 1084 pronuntiaverit
1523 1049 1664 1085 Origenes,
1677 1055 1707 1078 et
1725 1058 1777 1085 per
1786 1051 1868 1078 otium

1082 1094 1277 1130 lucubraverit,
1295 1100 1325 1122 ut
1341 1095 1412 1123 infra
1433 1096 1692 1124 demonstrabimus.
1726 1096 1792 1124 Hac
1809 1096 1872 1123 Era-

1082 1141 1134 1169 smi
1151 1148 1266 1169 censura
1284 1142 1460 1177 quantumvis
1482 1142 1583 1177 inepta,
1606 1142 1773 1177 ineptiorem
1796 1143 1871 1170 etiam

1082 1188 1161 1216 istam
1176 1196 1191 1215 a
1210 1187 1487 1223 Magdeburgensibus
1504 1188 1638 1224 expressit
1653 1188 1736 1216 Cent.
1763 1189 1794 1222 5,
1813 1196 1870 1223 cap.

1082 1233 1125 1266 lo.
1146 1243 1156 1260 ι
1177 1233 1205 1261 1η
1223 1234 1321 1261 librum
1336 1233 1400 1261 Jesu
1423 1233 1495 1261 Nave
1518 1235 1636 1262 homilia
1647 1234 1683 1262 26
1705 1241 1867 1270 supersunt,

1081 1287 1142 1314 quae
1153 1287 1206 1307 non
1221 1287 1281 1308 esse
1291 1280 1416 1315 Origenis
1433 1280 1562 1309 Erasmus
1573 1282 1690 1317 judicat.
1704 1289 1740 1309 ex
1765 1281 1872 1310 soloeci-

1081 1327 1148 1354 smis
1172 1327 1333 1359 dictionum,
1359 1331 1385 1354 et
1408 1327 1572 1355 locutionum
1601 1329 1825 1364 improprietate.
1849 1333 1873 1356 et

1082 1372 1218 1400 sermonis
1234 1372 1360 1408 ineptiis;
1377 1373 1440 1400 item
1456 1381 1489 1400 ex
1507 1373 1619 1408 singulis
1638 1374 1799 1409 allegoriis;
1820 1380 1871 1402 tum

1080 1419 1152 1453 quod
1175 1418 1357 1454 Hieronymus
1385 1418 1411 1446 in
1436 1418 1562 1454 Catalogo
1581 1420 1743 1454 scriptorum
1772 1420 1869 1447 nullam

1080 1463 1162 1498 hujus
1179 1464 1270 1499 operis
1296 1464 1462 1492 mentionem
1488 1465 1581 1493 faciat.
1595 1474 1605 1492 ι
1623 1465 1700 1499 Quod
1717 1465 1754 1493 de
1771 1465 1870 1493 Prefa-

1081 1509 1155 1536 tione
1182 1509 1251 1536 dixit
1275 1509 1413 1540 Erasmus.
1431 1510 1465 1538 de
1489 1510 1607 1538 homiliis
1625 1511 1730 1538 dictum
1744 1511 1868 1538 arbitrati

1082 1558 1146 1582 sunt
1171 1553 1427 1590 Magdeburgenses.
1445 1555 1474 1583 ld
1493 1556 1571 1591 longe
1598 1557 1675 1593 abest
1699 1557 1736 1584 ab
1766 1556 1869 1585 Erasini

1082 1601 1213 1628 sententia
1231 1611 1238 1629 :
1259 1609 1322 1629 nam
1340 1602 1391 1630 hoc
1418 1607 1580 1637 argumento
1598 1602 1806 1637 supposititiam
1823 1611 1869 1638 pu-

1083 1651 1122 1673 tat
1137 1646 1338 1679 meationem,
1357 1655 1409 1675 non
1429 1647 1500 1682 quod
1523 1647 1650 1676 homilias
1670 1648 1740 1676 iSIas
1758 1648 1867 1684 Origeni

1081 1691 1150 1719 falso
1164 1692 1221 1726 ipsa
1245 1691 1375 1724 ascribat,
1389 1692 1437 1719 sed
1458 1691 1529 1726 quod
1546 1699 1579 1721 ex
1602 1697 1727 1727 tempore
1755 1693 1793 1720 ab
1815 1694 1868 1727 ipso

1082 1738 1210 1766 recitatus
1224 1737 1307 1765 fuisse
1326 1738 1430 1765 doceat.
1451 1737 1518 1766 Tum
1532 1739 1608 1766 addit
1624 1747 1631 1765 :
1646 1748 1656 1765 ι
1679 1739 1729 1766 His
1743 1739 1868 1774 adjiciam

1080 1784 1152 1819 quod
1163 1789 1191 1810 ut
1206 1784 1388 1820 Hieronymus
1401 1784 1426 1811 in
1443 1784 1569 1819 Calalogo
1585 1786 1747 1818 scriptorum
1769 1786 1868 1813 nullam

1080 1830 1160 1864 hujus
1174 1829 1266 1865 operis
1280 1829 1346 1857 facit
1370 1830 1545 1863 mentionem,
1563 1831 1599 1858 ita
1617 1830 1737 1859 Ruﬁnus
1753 1832 1783 1860 in
1808 1840 1868 1869 per-

1081 1876 1204 1904 oratione
1216 1884 1296 1911 quam
1323 1876 1404 1912 paulo
1415 1881 1479 1903 ante
1494 1876 1649 1910 citavimus,
1673 1878 1823 1913 proﬁtetur
1843 1887 1870 1907 ss

1079 1923 1158 1957 hujus
1172 1923 1243 1955 libri,
1257 1927 1285 1950 et
1299 1923 1439 1957 sequentis
1449 1922 1573 1950 Judicum
1588 1923 1784 1959 interpretem.
1801 1935 1810 1952 ι
1825 1926 1868 1952 Ait

1080 1968 1210 1996 Erasmus
1226 1975 1308 2003 opera
1335 1976 1384 1996 sua
1414 1973 1600 1997 recensentem
1624 1968 1824 2006 Hieronymum
1845 1971 1868 1997 in

1079 2014 1207 2049 Catalogo
1233 2014 1391 2048 scriptorum
1411 2014 1511 2041 nullam
1535 2015 1773 2050 interpretationis
1793 2017 1870 2050 hujus

1079 2060 1175 2088 fecisse
1200 2059 1381 2092 mentionem;
1409 2059 1537 2087 Ruﬁnum
1552 2067 1618 2087 vero
1635 2060 1664 2087 in
1691 2063 1870 2095 peroratione

1078 2106 1198 2141 subjecta
1212 2105 1421 2134 Commentariis
1437 2103 1563 2140 Origenis
1589 2106 1619 2133 in
1651 2106 1808 2141 Epistolam
1837 2108 1870 2134 ad

1078 2151 1212 2179 Romanos
1229 2159 1258 2179 se
1281 2151 1341 2187 ejus
1356 2155 1494 2179 auctorem
1515 2159 1576 2180 esse
1600 2152 1771 2187 professum.
1783 2155 1870 2189 Atque

238 2207 319 2234 quam
348 2199 517 2234 Hieronymi,
536 2204 629 2235 utpote
643 2199 787 2234 episcopus
807 2198 948 2233 Aquileiae,
965 2205 1025 2232 qua:
1041 2210 1063 2238 ο
1077 2199 1116 2225 ait
1130 2198 1156 2225 id
1173 2198 1293 2232 quidem,
1314 2202 1344 2224 ut
1360 2197 1501 2231 Ruﬁnum,
1517 2205 1570 2225 non
1593 2197 1811 2234 Hieronymum,
1832 2200 1871 2226 in-

238 2245 328 2273 Huﬁni
344 2246 430 2280 patria
445 2246 504 2273 fuit.
518 2245 663 2274 Gratianus
675 2253 754 2273 causa
768 2245 813 2278 25,
827 2249 924 2280 quaest.
938 2244 966 2276 l,
988 2251 1022 2271 ex

238 2289 346 2317 humilia
369 2290 404 2317 15
423 2290 547 2324 Origenis
572 2291 600 2317 in
616 2290 698 2318 Josue
721 2290 811 2318 locum
835 2289 924 2323 all'ert,
940 2296 1020 2324 quem

237 2335 368 2371 Gregorio
389 2336 512 2363 ascribit.
539 2335 641 2371 Nempe
667 2337 757 2364 locum
777 2337 849 2364 hunc
867 2336 920 2364 sibi
941 2343 1023 2363 usur-

236 2387 350 2418 pavurat
375 2381 532 2417 Gregorius,
560 2390 641 2418 quem
667 2382 776 2410 aliunde
800 2386 940 2418 arreptum
962 2388 1023 2410 esse

237 2472 341 2511 scripta
361 2477 388 2500 et
402 2471 669 2511 fusinspertractata
680 2471 836 2499 videantur.
855 2471 924 2511 Hinc
936 2472 1018 2511 etiam

239 2509 348 2540 accidit,
364 2512 391 2534 ut
416 2507 539 2535 neutrius
555 2508 646 2542 operis
661 2512 767 2542 tempus
792 2512 866 2534 certo
882 2507 938 2541 jam
954 2507 1020 2534 assi-

236 2543 311 2577 gnari
328 2547 417 2577 queat.

285 2578 328 2612 76)
337 2576 386 2604 Ea;
409 2578 449 2604 Iris
476 2583 553 2605 natus
573 2585 658 2604 error.
676 2576 731 2604 Nec
746 2577 773 2604 id
785 2585 848 2604 casu
861 2582 959 2609 tamen,
975 2576 1021 2603 sed

236 2612 335 2640 dolosis
364 2612 449 2647 Ruﬁni
474 2614 585 2644 artibus,
597 2619 650 2639 etc.
673 2612 736 2639 Levi
755 2612 897 2639 admodum
926 2613 1022 2638 funda-

236 2653 328 2675 mento
340 2648 433 2675 nititur
448 2648 535 2676 Huetii
548 2649 714 2682 conjectura.
730 2647 800 2680 Quid
817 2647 908 2675 enim?
927 2647 965 2674 Ex
987 2654 1020 2673 eo

236 2684 307 2720 quod
335 2682 514 2720 Hieronymus
532 2683 639 2720 Prolog.
666 2683 718 2720 lib.
741 2691 760 2710 ιι
787 2682 974 2720 Commentar.
991 2683 1019 2708 in

237 2717 375 2757 llub_acuc,
398 2717 640 2757 ειΙὌΙιιίξιιιξιιίιιιῃ
667 2717 807 2757 scripserit
824 2725 832 2744 :
850 2717 913 2757 «mili
936 2718 1020 2757 Chro-

237 2753 316 2784 inati,
331 2762 397 2788 papa
412 2753 584 2786 venerabilis,
598 2763 607 2779 ι
623 2753 736 2781 Ruﬁnus
749 2753 837 2780 eidem
850 2752 1017 2788 Chromatio.

237 2788 315 2821 cujus
332 2787 385 2815 non
402 2789 491 2815 minus
509 2789 650 2816 familiaris
661 2788 746 2816 fuisse
757 2789 884 2820 videtur;
917 2787 1017 2814 Huetio

238 2822 296 2855 ipso
305 2822 404 2854 judice,
419 2831 499 2856 quam
522 2823 713 2859 Hieronymus,
740 2823 842 2857 absque
856 2822 963 2859 val'ritie
976 2822 1017 2849 di-

238 2863 299 2884 cere
315 2865 366 2884 non
385 2858 469 2892 potuit
487 2865 493 2883 :
515 2867 523 2883 ι
541 2856 564 2885 0
591 2856 633 2886 mi'
645 2864 751 2894 semper
767 2856 927 2885 venerabilis
940 2861 1017 2894 pater

1077 2243 1281 2278 terpretationis
1296 2242 1377 2277 hujus
1402 2249 1541 2271 auctorem
1557 2250 1619 2271 esse
1634 2245 1753 2278 probet;
1773 2253 1827 2272 non
1844 2249 1871 2272 ut

1076 2288 1145 2316 falso
1157 2287 1284 2316 homilias
1298 2288 1370 2323 ipsas
1393 2287 1557 2315 Adaniantio
1571 2288 1671 2315 ascribi
1686 2288 1870 2319 demonstret,

1075 2335 1147 2370 quod
1160 2339 1325 2369 putaverunt
1340 2333 1594 2368 Magdeburgeuses.
1617 2333 1665 2361 Sic
1679 2334 1794 2361 demum
1806 2341 1871 2362 con-

1078 2380 1162 2408 cludit
1180 2389 1187 2407 :
1204 2389 1213 2407 ι
1231 2380 1293 2408 Hac
1307 2379 1429 2416 pluribus
1444 2379 1581 2407 inculcare
1592 2379 1680 2407 visum
1690 2385 1747 2411 est,
1761 2380 1798 2408 ob
1813 2387 1870 2407 inoo

1071 2470 1231 2498 Chromati?
1250 2479 1259 2496 ι
1277 2469 1316 2496 Ex
1338 2477 1371 2497 eo
1393 2469 1464 2503 quod
1488 2468 1671 2503 Hieronymus
1703 2469 1730 2496 in
1753 2468 1869 2501 Prologo

1071 2505 1183 2533 Galeato
1199 2506 1298 2532 dixerit
1312 2513 1319 2530 :
1340 2514 1349 2530 ι
1366 2505 1393 2531 In
1413 2504 1511 2537 templo
1530 2505 1574 2530 Dei
1585 2503 1868 2539 oﬂertunusquisque

1092 2541 1143 2567 uod
1161 2545 1257 2574 potest.
1272 2550 1281 2567 ι
1300 2546 1366 2573 etc.,
1383 2539 1497 2567 Ruﬁnus
1514 2540 1540 2566 in
1555 2538 1672 2573 Prologo
1685 2546 1738 2565 suo
1766 2539 1868 2572 absque

1092 2549 1143 2567 I100
1161 2549 1257 2574 potest.
1272 2550 1281 2567 ι
1300 2549 1366 2573 “HL,
1383 2549 1497 2567 nuunus
1514 2549 1540 2566 111
1555 2549 1672 2573 rrotugu
1685 2549 1738 2565 suo
1766 2549 1868 2572 alisque

1072 2549 1175 2603 flolosis
1192 2576 1295 2603 artibus
1308 2576 1432 2602 eumdem
1447 2575 1597 2609 Scriptura:
1610 2578 1773 2601 contextum
1784 2575 1868 2601 div-er-

1074 2611 1111 2638 sis
1128 2611 1218 2638 verbis
1242 2611 1274 2637 nd
1302 2618 1366 2637 usus
1391 2617 1455 2636 suos
1469 2609 1676 2637 accornmodare
1696 2614 1726 2636 et
1751 2609 1867 2636 dilatare

1075 2654 1128 2673 non
1146 2646 1251 2680 potuit?
1267 2645 1365 2673 Credat
1388 2645 1496 2672 .Iudzeus
1519 2643 1623 2678 Apella.
1643 2643 1760 2676 Deinde,
1785 2644 1865 2680 siiex

1074 2681 1116 2708 his
1133 2679 1211 2708 natus
1228 2688 1316 2712 error,
1336 2681 1407 2707 unde
1423 2680 1572 2707 factumest
1586 2685 1616 2705 ut
1627 2680 1723 2713 plures
1736 2679 1800 2706 aliae
1812 2679 1866 2706 Bu-

1073 2715 1118 2742 ﬁni
1140 2717 1392 2750 interpretationes,
1413 2715 1458 2742 ubi
1470 2719 1559 2741 tamen
1575 2714 1800 2750 nihilejusmodi
1819 2721 1863 2741 re-

1091 2751 1188 2783 eritur,
1202 2751 1366 2786 Hieronymo
1379 2750 1471 2778 itidem
1492 2751 1519 2777 in
1535 2749 1702 2784 quihusdam
1718 2749 1862 2778 codicibus

1091 2758 1188 2783 erttur,
1202 2758 1341 2786 meronyu‘

1070 2758 1171 2814 Fuerint
1187 2785 1341 2813 attributae?

1106 2821 1163 2856 (77)
1183 2821 1270 2856 Simili
1297 2821 1401 2854 t'afritie
1414 2821 1538 2848 adversus
1561 2827 1708 2856 sumimus
1737 2825 1788 2853 est,
1808 2824 1862 2848 ate.

1070 2854 1137 2885 Vide
1154 2854 1214 2892 quae
1226 2855 1294 2885 infra
1306 2856 1506 2885 observavimus
1519 2863 1595 2884 nam.
1611 2854 1653 2884 is.
