1927 3076
97 139 178 169 1925

95 206 170 226 rosa
191 196 366 232 quorumdam
391 205 539 232 crassaque
564 198 675 233 judicia,
700 200 744 234 qui
773 199 884 226 nimium

98 241 401 277 tribuuntquibuslibet
414 243 499 271 titulis
510 251 542 271 ac
554 243 776 278 prazfatiunculis.
794 253 803 271 I
820 244 886 278 Qui-

98 289 159 316 bus
176 289 267 316 verbis
278 289 344 316 satis
359 289 476 317 ostendit
498 297 528 317 se
543 289 577 317 de
594 289 767 325 praelationis,
785 298 837 318 non
854 291 887 319 de

97 334 280 362 homiliarum
297 338 411 362 auctore
437 333 598 370 disputasse.
620 335 655 363 Et
672 339 760 363 tamen
779 335 885 370 Magda-

98 379 284 415 hurgensium
304 379 465 407 sententiam
481 380 630 416 amplexum
658 388 717 409 esse
742 381 820 408 video
834 381 889 409 Gu-

99 426 229 455 lielmum
262 426 436 454 Perkensium
461 426 497 460 'l,
531 427 668 462 aliumque
698 427 784 455 aetatis
808 427 888 462 hujus

100 472 313 504 heterodoxum,
338 471 426 500 virum
448 471 517 500 bene
544 472 665 506 doctum,
682 471 760 507 cujus
786 472 887 500 nomini

99 525 203 553 parco.

142 562 184 590 Ex
201 564 294 591 eadem
320 561 410 591 Ruﬁni
435 563 608 598 peroratione
632 564 756 598 proxime
771 566 889 591 comme—

100 614 216 636 morata
235 608 407 637 homiliarum
429 616 524 636 novem
547 609 576 636 in
595 609 702 636 Iudices
719 613 815 637 auctor
829 617 890 638 esse

100 654 252 690 Origenes,
276 654 389 682 Ruﬁnus
416 653 561 689 interpres,
588 659 616 682 et
639 655 758 690 quidem,
783 655 805 683 si
825 655 890 690 quid

105 701 166 736 ipsi
177 701 351 733 credendum,
364 700 431 729 satis
445 706 587 729 accuratus
603 702 824 737 deprehenditur.
833 702 889 730 Nec

105 747 224 775 aliunde
241 744 390 782 profectam
401 747 476 775 dicas
490 747 628 775 homiliam
642 748 751 776 unicam
770 748 797 775 in
809 748 889 783 Reges

105 791 208 820 Latine
219 792 330 824 editam.
346 792 403 820 sive
415 799 482 827 opus
495 793 593 828 ipsum,
608 793 664 821 sive
687 793 889 828 interpretatio-

103 845 172 865 nem
185 842 300 871 spectes.
316 837 383 865 lllud
400 837 426 864 in
440 845 469 865 ea
479 838 597 865 maxime
609 837 786 865 animadverti
798 837 887 870 velim,

101 883 180 917 quod
195 883 310 910 habetur
320 891 395 910 num.
413 883 440 914 l,
463 882 534 910 circa
548 883 655 910 initium
671 891 679 910 :
694 892 705 909 ι
723 883 811 911 Nolite
825 890 889 918 ergo

101 929 134 956 in
161 929 239 957 nobis
266 929 330 957 illud
345 929 483 965 requirere
507 930 578 964 quod
594 929 622 957 in
639 937 706 965 papa
735 930 888 957 Alexandro

102 974 226 1002 habetis.
242 974 370 1002 Fatemur
383 975 455 1002 enim
474 974 543 1010 quod
560 982 655 1003 omnes
673 982 722 1003 nos
738 980 848 1011 superat
861 975 888 1002 in

100 1019 197 1055 gratia
223 1019 353 1049 lenitatis.
381 1029 391 1047 ι
419 1020 601 1048 Alexandrum
637 1020 889 1057 lerosolymitanum

103 1064 250 1101 praesulem
267 1066 412 1101 signiﬁcat,
428 1073 443 1093 a
457 1073 512 1102 quo
525 1067 559 1094 ad
579 1066 739 1102 presbyterii
767 1067 888 1095 ordinem

103 1111 199 1139 fuerat
213 1116 363 1146 promotus.
380 1111 457 1145 Quod
469 1119 530 1139 cum
556 1112 694 1147 ignoraret
706 1113 829 1140 Andreas
844 1112 891 1140 Bi-

103 1160 200 1190 vetus,
215 1157 317 1184 frustra
338 1165 372 1185 ex
395 1157 429 1185 iis
447 1158 617 1186 occasionem
638 1159 753 1193 sumpsit
774 1158 890 1186 humilia:

103 1201 191 1238 hujus
205 1202 315 1238 Origeni
339 1203 533 1237 abjudicandaa,
548 1213 558 1229 ι
583 1203 618 1231 At
637 1204 698 1239 quis
722 1203 776 1236 ille,
794 1204 889 1239 inquit,

106 1247 267 1275 Alexander
294 1248 384 1284 papa?
406 1248 433 1276 Si
457 1249 559 1283 primus
586 1250 727 1284 episcopus
756 1249 890 1277 Romanus

104 1293 170 1327 ejus
183 1294 308 1326 nominis,
325 1295 410 1322 multo
426 1295 563 1329 antiquior
579 1300 621 1322 est
639 1295 699 1322 :sin
711 1303 775 1323 vero
785 1295 890 1330 episco-

105 1346 162 1374 pus
176 1339 385 1374 Alexandrinus,
399 1340 482 1367 multo
504 1341 659 1374 recentior;
678 1341 807 1368 successit
819 1341 890 1368 enim

104 1384 222 1412 Achillas
235 1393 305 1413 anno
323 1385 421 1414 Christi
435 1386 483 1413 3M
496 1395 503 1420 ;
521 1393 580 1413 eum
597 1385 727 1421 Origenes
738 1391 890 1414 extremum

107 1430 183 1457 diem
196 1431 309 1459 obiisset
319 1432 390 1459 circa
405 1439 504 1459 annum
520 1431 582 1459 256.
599 1441 607 1457 l
618 1432 735 1459 Alteram
755 1431 890 1459 homiliam

107 1473 151 1502 De
173 1476 394 1511 engastrimytlto,
419 1484 500 1511 quant
527 1484 543 1504 e
575 1475 702 1504 Vaticana
731 1477 889 1505 bibliotheca

111 1525 222 1548 erutam
242 1521 388 1556 publicavit
410 1522 534 1555 Aliatius,
549 1527 576 1550 et
588 1523 688 1550 codicis
704 1522 781 1556 ﬁdes,
796 1527 824 1550 et
835 1527 892 1558 sty-

108 1565 156 1594 las
177 1566 246 1602 ipse,
267 1571 294 1595 et
319 1567 453 1596 Eustathii
478 1568 660 1604 diagnosticus
686 1568 811 1604 Origenis
833 1576 893 1597 esse

109 1613 312 1641 demonstrant.

149 1657 194 1685 Vl.
215 1658 390 1693 Agnoseimus
406 1659 486 1686 etiam
503 1666 536 1687 ex
565 1660 688 1695 proxime
709 1660 790 1688 allato
817 1659 893 1687 Ruﬁ-

109 1703 203 1731 nianze
229 1705 411 1739 perorationis
440 1706 594 1733 tcslimonio
614 1706 738 1733 ltomilias
758 1713 852 1734 novem
866 1706 894 1733 in

108 1749 229 1782 psalmos
249 1757 342 1781 xxxvx,
362 1757 455 1777 xxxvii
470 1755 497 1777 et
519 1757 633 1782 xxxviii,
660 1750 770 1786 Origeni
799 1751 894 1778 merito

109 1794 224 1827 ascribi,
236 1794 332 1823 Ruﬁno
342 1802 406 1823 vero
421 1796 669 1830 interpretationem
682 1804 690 1830 ;
702 1802 814 1831 eamque
827 1796 894 1824 sim-

111 1840 222 1875 pliciter
237 1841 320 1869 fuisse
332 1842 537 1878 expressam.ln
550 1843 665 1878 gratiam
679 1843 826 1878 Aproniani
842 1843 894 1870 viri

110 1886 223 1919 nobilis,
234 1892 262 1915 et
277 1895 367 1916 causae
383 1896 438 1916 sua:
456 1889 571 1916 faventis
583 1889 702 1917 laborem
719 1889 789 1916 hunc
804 1896 895 1916 susce-

110 1936 190 1967 ptum
205 1940 220 1960 a
236 1940 266 1960 se
283 1933 403 1961 declarat
414 1934 440 1961 in
454 1933 566 1969 Prologo
579 1934 621 1961 his
638 1933 756 1962 homiliis
772 1934 893 1969 praeﬁxo.

111 1976 278 2012 Tangendus
294 1979 336 2006 hic
355 1980 444 2008 obiter
458 1980 598 2012 Erasmus,
609 1979 655 2015 qui
668 1980 696 2007 in
709 1979 830 2008 Censura
847 1988 895 2008 su-

111 2030 165 2058 per
188 2024 231 2052 bis
255 2025 383 2058 homiliis,
408 2026 510 2053 eriticte
537 2033 593 2053 suae
621 2025 733 2052 nimium
755 2025 895 2060 permittit,

112 2076 265 2104 earumque
279 2075 426 2103 auctorem,
446 2076 474 2098 et
489 2071 675 2106 interpretem,
692 2071 788 2098 dubios
803 2071 868 2098 facit
887 2077 894 2096 :

115 2123 128 2140 ε
146 2114 201 2142 Nec
218 2116 284 2150 ipse,
308 2116 406 2150 inquit,
426 2117 471 2151 qui
497 2116 636 2152 prafatur,
651 2116 792 2152 proﬁtetur
804 2125 833 2145 se
848 2117 896 2144 has

113 2161 241 2189 ltomilias
259 2162 418 2196 simpliciter
433 2163 557 2196 vertisse,
576 2169 607 2190 ut
634 2163 805 2191 habebantur
826 2163 896 2198 apud

112 2206 233 2240 Gnaeos,
245 2215 294 2235 nec
307 2208 361 2235 illic
372 2208 496 2242 exprimit
509 2216 606 2235 nomen
621 2208 750 2236 auctoris.
769 2217 778 2234 ι
796 2207 895 2235 Verum

111 2252 240 2288 quidem;
254 2258 282 2280 at
296 2253 451 2281 meminisse
468 2253 598 2281 debuerat
612 2253 742 2280 Erasmus
755 2257 895 2280 adctorum

115 2299 227 2326 nomina
246 2306 357 2334 operum
372 2299 456 2326 initiis
467 2298 606 2333 praescribi
626 2298 724 2330 solere,
739 2305 770 2325 ac
786 2298 897 2333 proinde

113 2343 276 2378 praefantem
288 2344 412 2371 Ruﬁnum
424 2351 534 2384 necesse
554 2351 606 2371 non
630 2343 757 2371 habuisse
778 2345 895 2379 proﬁteri

116 2390 166 2417 has
178 2390 300 2418 homilias
312 2398 341 2418 se
355 2399 387 2418 ex
410 2390 527 2426 Origene
540 2390 664 2424 vertisse,
685 2398 746 2418 cum
762 2391 788 2418 id
804 2391 897 2418 titulus

114 2432 255 2461 clamaret.
263 2434 375 2463 Futilius
390 2435 470 2462 etiam
482 2440 524 2462 est
535 2440 722 2469 argumentum
738 2435 849 2470 petitum
863 2443 896 2463 ex
915 2438 925 2449 '

115 2480 298 2516 peroratione,
316 2482 342 2509 in
357 2489 409 2516 qua
425 2490 524 2510 nomen
545 2482 663 2510 auctoris
680 2489 734 2509 non
748 2482 893 2516 expressit.

114 2524 220 2559 Agebat
232 2526 266 2553 de
278 2527 404 2561 operibus
414 2527 537 2564 Origenis
547 2535 562 2555 a
577 2535 606 2556 se
617 2528 815 2563 interpretatis;
833 2527 895 2556 Ori-

116 2577 213 2604 genem
231 2571 318 2605 ipsum
341 2573 544 2606 nominaverat;
573 2573 742 2601 homiliarum
767 2574 850 2608 ipsius
867 2575 894 2601 in

116 2614 247 2648 Genesim,
260 2616 380 2644 Eradum
400 2623 427 2645 et
441 2618 585 2646 Leaiticum
600 2619 760 2647 mentionem
777 2620 892 2647 fecerat:

117 2661 192 2688 addit
205 2662 321 2690 deinde:
340 2672 351 2689 ι
369 2662 435 2691 Nam
448 2665 494 2692 illa
510 2673 570 2701 qua:
585 2666 611 2693 in
634 2665 696 2693 .iesu
719 2665 803 2699 Nave,
817 2670 845 2693 et
867 2667 893 2693 in

99 2706 242 2735 .Judicum
259 2709 369 2742 librum.
394 2715 422 2737 et
445 2711 472 2738 in
496 2712 660 2740 tricesimum
677 2717 794 2745 sextum,
822 2717 849 2740 et
867 2714 894 2740 in

99 2772 102 2774 .
116 2752 284 2782 tricesimum
297 2756 452 2791 septimum,
467 2761 496 2784 et
512 2758 676 2787 tricesimum
689 2764 812 2787 octavum
826 2758 897 2795 psal-

507 137 789 167 ORIGENIANORUM
809 139 873 167 LIB.
892 139 937 172 lli,
954 139 1030 167 CAP.
1051 138 1083 172 ll,
1106 138 1201 167 SECT.
1221 137 1265 166 Ill.

1645 137 1712 166 ﬂ”

900 201 923 230 Α
938 207 1009 227 mum
1024 199 1189 234 scripsimus,
1202 196 1359 233 simpliciter
1373 196 1554 232 expressimus
1568 199 1597 223 ut
1609 196 1713 224 inveni-

938 252 1006 273 mus.
1023 253 1032 271 ι
1057 244 1146 272 Facile
1167 251 1231 271 sane
1252 243 1411 277 intelligitur
1428 242 1487 269 haec
1500 248 1608 276 quoque
1619 246 1714 275 opera.

937 290 1030 318 itidem
1052 294 1082 317 ut
1105 289 1229 325 proxime
1254 292 1476 319 commemorata,
1493 286 1616 322 Origenis
1643 294 1714 320 esse,

937 336 1013 370 cujus
1026 342 1124 363 nomen
1144 335 1177 362 ad
1190 332 1295 368 singula
1312 340 1448 367 apponere
1467 331 1630 366 superﬂuum
1644 331 1712 359 luis-

937 386 979 409 eet
989 385 1016 409 et
1028 380 1183 408 molestum.
1208 378 1284 412 Quod
1307 378 1403 405 sihaze
1427 376 1584 412 Origeniani
1601 376 1716 404 nominis

937 426 1130 462 praetermissio
1142 425 1250 453 dubium
1262 429 1400 450 auctorem
1415 422 1488 455 facit,
1498 430 1545 450 cur
1559 422 1593 450 de
1607 427 1716 449 auctore

938 471 1108 499 homiliarum
1120 471 1146 498 in
1159 469 1281 497 Psalmos
1292 469 1426 497 dubitavit
1437 468 1574 500 Erasmus,
1582 468 1615 495 de
1627 471 1718 494 aucto-

938 525 968 545 re
982 516 1152 545 homiliarum
1168 516 1194 544 in
1208 515 1305 543 librum
1319 514 1443 542 Judicum
1463 514 1620 549 neutiquam
1635 513 1715 541 dubi-

939 563 1026 591 tavit?
1046 569 1096 597 par
1106 562 1178 590 enim
1189 565 1248 590 erat
1266 560 1410 595 utrobique
1425 559 1506 588 ratio.
1522 560 1621 587 Eodem
1635 559 1715 587 modo

939 609 973 637 de
982 613 1092 636 auctore
1102 606 1333 641 interpretationis
1355 605 1550 633 ratiocinamur
1568 612 1713 639 :quaennm

939 655 1011 682 enim
1026 654 1083 681 haec
1096 658 1138 681 est
1148 653 1349 689 ἀποκλήρωσις,
1365 652 1529 687 reliquarum
1548 647 1716 678 homiliarum

939 700 967 728 in
980 699 1156 727 Peroratione
1172 703 1380 726 memoratarum
1407 697 1655 732 interpretationem
1670 697 1719 724 tri-

939 744 1022 773 buere
1035 744 1150 778 Ruﬁno;
1165 745 1236 772 hanc
1247 751 1312 772 vero
1325 744 1373 778 illi,
1387 751 1479 771 earum
1493 743 1583 771 itidem
1605 747 1635 769 ut
1653 742 1719 769 alia-

939 799 998 819 rum
1022 791 1194 827 interpretem
1222 798 1252 818 se
1281 790 1418 826 protltcnti
1441 788 1614 824 abjudicare?
1630 787 1718 823 Magni

939 836 1062 871 profecto
1072 841 1100 864 et
1109 835 1267 864 excellentis
1281 835 1383 872 ingenii
1395 835 1437 862 vir
1454 834 1504 862 luit
1514 834 1652 865 Erasmus,
1671 832 1719 861 sed

941 881 1086 917 praecipitis
1098 881 1203 916 judicii.
1223 881 1297 908 Hanc
1318 885 1407 908 tamen
1423 879 1481 914 ejus
1506 886 1648 907 censuram
1674 885 1719 905 se-

942 933 1062 963 quuntur
1071 926 1325 962 Magdeburgenses,
1346 927 1467 961 sequitur
1478 931 1504 954 et
1519 926 1652 953 Robertus
1666 925 1719 952 Co-

941 981 989 1001 cus
999 973 1111 1009 Anglus,
1126 980 1240 1008 eamque
1257 974 1308 1001 hoc
1326 972 1400 1001 fulcit
1425 977 1598 1008 argumento;
1617 981 1626 998 α
1648 973 1720 1007 quod

941 1019 969 1046 in
989 1020 1102 1047 diversis
1125 1019 1244 1047 textibus
1259 1019 1433 1054 explicandis,
1454 1019 1590 1054 quomodo
1614 1018 1719 1051 Latine,

942 1066 1078 1100 quomodo
1092 1064 1186 1093 Graece
1199 1072 1228 1093 se
1241 1065 1342 1093 habent
1354 1071 1471 1093 enarrat.
1487 1064 1606 1100 Exempli
1635 1065 1720 1100 gratia

943 1110 969 1138 in
986 1110 1117 1147 psalmum
1139 1118 1231 1144 xxxvi,
1267 1111 1312 1139 hic
1336 1111 1445 1147 (inquit,
1460 1112 1541 1139 verba
1563 1110 1666 1139 iaciens
1688 1111 1721 1138 de

943 1160 1018 1183 textu
1029 1157 1144 1191 quodam
1159 1156 1185 1184 in
1203 1156 1423 1191 Deuteronomio)
1441 1157 1486 1185 ubi
1499 1156 1593 1184 Latine
1601 1157 1700 1184 dicitur
1711 1166 1720 1184 :

942 1203 976 1230 In
990 1203 1075 1230 zelum
1101 1203 1269 1239 addugerunl
1294 1211 1344 1235 me,
1362 1209 1386 1231 et
1402 1211 1448 1239 ego
1474 1204 1501 1231 in
1526 1203 1610 1230 zelum
1635 1203 1721 1230 addu-

942 1257 999 1276 com
1016 1249 1052 1282 ",
1078 1249 1104 1276 in
1118 1237 1213 1277 Gratim
1232 1248 1301 1277 idem
1319 1250 1376 1285 ipse
1401 1257 1491 1278 sermo
1516 1254 1567 1282 est,
1582 1249 1627 1284 qui
1651 1255 1678 1277 et
1693 1249 1720 1276 in

943 1295 1036 1330 psalmi
1050 1295 1126 1323 initio
1144 1300 1186 1323 est
1202 1296 1288 1324 dictus
1306 1304 1313 1323 :
1330 1295 1464 1324 jEmulati
1484 1301 1544 1324 aunt
1564 1305 1614 1330 me,
1630 1301 1653 1324 et
1673 1304 1721 1331 ego

945 1339 1089 1367 wniulabor
1101 1348 1155 1367 eos.
1179 1349 1188 1366 ι
1212 1340 1309 1368 Parum
1338 1341 1476 1370 enimvero
1501 1347 1640 1377 perspecta
1670 1341 1723 1369 fuit

944 1385 1007 1413 huic
1028 1386 1135 1414 censori
1160 1386 1249 1414 Ruﬁni
1265 1387 1385 1420 licentia,
1401 1387 1443 1415 cui
1462 1388 1582 1416 solemne
1593 1393 1635 1416 est
1648 1388 1721 1422 ejus-

945 1433 1018 1460 modi
1035 1433 1218 1461 additamenta
1231 1433 1263 1460 ad
1285 1433 1406 1461 auctoris
1418 1438 1574 1462 contextum
1591 1434 1721 1468 adjicere.

947 1477 1004 1506 Hoc
1018 1478 1144 1513 amplius,
1156 1478 1324 1506 Erasmusex
1336 1478 1506 1514 Origenianis
1517 1480 1542 1507 in
1560 1480 1722 1508 Psalterium

945 1524 1151 1552 Commentariis
1173 1525 1359 1560 depromptum
1394 1526 1465 1553 hunc
1491 1526 1663 1554 homiliarum
1691 1525 1724 1553 li-

943 1570 1036 1603 brum,
1054 1570 1165 1599 liberius
1195 1578 1365 1605 conversum,
1393 1577 1420 1599 et
1439 1573 1465 1600 in
1491 1572 1616 1602 homilias
1637 1573 1722 1599 disse-

943 1622 1027 1650 ctum,
1043 1617 1152 1645 immani
1165 1624 1279 1652 prorsus
1288 1617 1398 1645 audacia
1415 1617 1556 1652 conjectat.
1569 1617 1636 1645 Nam
1648 1618 1721 1652 ejus-

943 1662 1015 1689 modi
1046 1661 1149 1689 feratur
1162 1662 1345 1696 conjectorum
1366 1663 1486 1695 licentia,
1502 1663 1557 1697 jam
1579 1670 1645 1690 vero
1659 1663 1723 1697 quid

945 1707 998 1735 erit
1011 1707 1197 1742 certum,quid
1211 1707 1372 1735 eonstansin
1386 1707 1501 1735 litteris?
1516 1708 1618 1742 antiqui
1632 1715 1722 1735 rerum

944 1753 1145 1781 confundentur
1158 1753 1237 1786 ﬁnes,
1249 1759 1277 1780 et
1292 1753 1382 1780 omnia
1407 1761 1454 1781 sus
1468 1753 1555 1788 deque
1574 1758 1722 1781 vertentur.

946 1798 1043 1826 Merito
1059 1799 1150 1834 itaque
1163 1799 1232 1826 hanc
1249 1799 1354 1826 Erastni
1377 1806 1519 1827 censuram
1536 1799 1658 1826 confutet
1671 1799 1725 1827 Ge-

943 1843 1093 1871 nebrardus
1110 1844 1136 1871 in
1153 1843 1334 1878 Collectumt's,
1355 1844 1498 1879 multisque
1518 1852 1550 1872 ac
1573 1844 1666 1872 solidis
1681 1852 1725 1872 ra-

945 1889 1064 1917 tionibus
1078 1889 1128 1917 has
1149 1890 1274 1918 homilias
1289 1890 1392 1918 auctori
1412 1897 1462 1918 suo
1481 1889 1590 1925 Origeni
1614 1891 1723 1918 asserit.

944 1935 1031 1970 Atque
1051 1942 1084 1962 ex
1106 1941 1138 1962 eo
1152 1942 1259 1970 quoque
1281 1934 1412 1962 refellitur
1438 1933 1589 1962 Gulielmus
1610 1933 1724 1961 l‘erlrin-

945 1987 990 2008 sus
997 1979 1021 1996 ⁸³
1032 1979 1195 2015 Anglus,qui
1209 1979 1333 2007 liomilias
1342 1979 1409 2006 duas
1421 1979 1448 2006 in
1463 1978 1594 2013 psalmum
1609 1984 1723 2011 xxxvut,

946 2034 979 2054 ex
996 2026 1175 2061 gmminurum
1192 2024 1316 2060 Origenis
1327 2032 1440 2060 operum
1456 2024 1527 2052 serie
1540 2025 1678 2059 expungit.

979 2071 1110 2098 Antonius
1125 2069 1268 2098 Verderius
1292 2069 1477 2104 supplemento
1503 2067 1637 2102 Epitomu
1675 2068 1724 2096 Bi-

946 2116 1080 2143 bliotheca:
1093 2114 1282 2148 Gesneriame,
1301 2114 1504 2147 Bibliothecam,
1525 2114 1582 2141 sive
1601 2113 1723 2147 Antiqui-

948 2166 1017 2188 tates
1034 2158 1348 2194 Constantinopolitanas
1359 2159 1508 2194 subjunxit,
1524 2159 1552 2186 in
1567 2158 1665 2193 quibus
1681 2159 1725 2185 in-

910 2223 933 2251 Β
949 2212 990 2234 ter
1004 2207 1088 2234 libros
1106 2206 1243 2233 illustriss.
1264 2204 1404 2251 principis
1415 2205 1515 2251 domini
1540 2204 1726 2251 JacobiAMar-

949 2255 1059 2279 increta:
1090 2251 1162 2278 hunc
1181 2253 1314 2283 recenset,
1329 2249 1372 2276 cui
1387 2249 1480 2276 titulus
1493 2253 1534 2278 est
1549 2256 1557 2275 :
1572 2257 1582 2275 ‹
1600 2248 1725 2284 Origeuis

945 2296 1089 2330 explicatio
1110 2297 1137 2324 in
1155 2295 1315 2323 Psalterium
1328 2294 1421 2322 David.
1433 2304 1443 2321 ι
1470 2295 1537 2322 Tum
1559 2295 1723 2329 subjicitur:

950 2351 960 2367 ‹
979 2342 1012 2369 Et
1020 2349 1115 2369 rursus
1126 2342 1151 2368 in
1160 2341 1365 2377 explicationem
1376 2340 1500 2376 Origenis
1514 2341 1595 2369 habet
1613 2341 1725 2369 solutio-

948 2395 1008 2414 nem
1028 2387 1214 2422 explicationis
1233 2386 1350 2415 Joannes
1366 2386 1526 2421 Mabropoda
1541 2387 1724 2422 metropolita-

947 2441 998 2461 nus
1014 2433 1193 2461 sanctissima;
1203 2432 1406 2468 metropolitica:
1429 2433 1554 2460 Ecclesiae
1579 2432 1725 2460 Euebaita-

948 2485 1008 2506 rum
1025 2487 1032 2505 :
1050 2483 1131 2512 atque
1144 2479 1202 2513 ipse
1213 2478 1352 2512 Origenes,
1368 2478 1406 2505 uti
1417 2478 1499 2505 habet
1511 2485 1588 2505 suam
1606 2477 1724 2513 explica-

949 2526 1062 2557 tionem,
1080 2525 1152 2552 lllius
1166 2529 1209 2552 est
1222 2525 1253 2552 S.
1277 2524 1411 2561 Hippolyti
1433 2524 1580 2559 philosophi
1605 2529 1632 2552 et
1651 2531 1723 2551 mar-

945 2572 1022 2608 tyris.
1037 2580 1046 2597 ι
1063 2570 1124 2598 Haec
1148 2571 1204 2605 ipsa
1223 2570 1257 2597 ad
1278 2571 1381 2598 calcem
1403 2571 1549 2605 Apparatus
1565 2570 1606 2597 sui
1625 2569 1723 2603 adjecit

945 2617 1118 2649 Possevinus,
1139 2624 1200 2644 cum
1213 2616 1348 2643 variarum
1376 2616 1599 2644 bibliothecarum
1624 2615 1724 2643 catalo-

947 2670 995 2699 gos
1013 2667 1175 2698 pertexeret.
1190 2662 1255 2696 Qua:
1271 2669 1332 2688 cum
1356 2663 1424 2690 satis
1442 2663 1555 2690 obseura
1582 2661 1647 2694 sint,
1672 2669 1722 2696 ego

946 2710 986 2737 sic
1002 2708 1133 2743 intelligo,
1149 2707 1290 2743 Origenem
1309 2708 1335 2734 in
1350 2707 1400 2734 hac
1412 2707 1580 2743 expositione
1598 2706 1721 2735 Psalterii

950 2756 1083 2783 imitatum
1097 2761 1157 2782 esse
1171 2752 1355 2789 Hippolytum,
1366 2761 1447 2788 quem
1462 2753 1678 2783 Commentarios
1695 2754 1723 2782 in

156 2855 179 2871 "
199 2856 319 2885 Perkins.
339 2856 364 2885 in
375 2855 505 2884 Problem.
518 2858 548 2885 de
570 2857 688 2885 ementita
705 2857 778 2886 Rom.
796 2858 858 2894 ﬁdei
871 2856 1065 2887 Cailtoiiciuno.
1102 2858 1124 2875 “
1146 2858 1222 2887 Deut.
1234 2864 1319 2892 xxxii,
1332 2855 1377 2884 al.
1415 2855 1437 2872 "
1458 2854 1580 2884 Perkins.
1596 2854 1669 2890 ibidl.
