1908 3071
222 119 294 148 1215

849 116 876 144 Ρ.
897 116 1054 145 DANlELIS
1072 117 1188 145 HUILTII

1757 125 1817 155 1216

223 175 384 205 Psalterium
397 176 540 211 scripsisse
559 175 642 203 tradit
666 175 843 212 Hieronymus
858 175 897 203 De
911 177 1002 209 script.
1019 178 1040 207 Α
1056 184 1145 204 suum.
1169 186 1179 204 ι
1197 177 1224 205 In
1237 177 1348 205 homilia
1366 185 1431 206 vero
1448 178 1536 212 priore
1548 179 1581 207 ab
1594 179 1755 216 Hieronymo
1774 183 1818 210 La.

221 223 328 256 eodem;
346 231 408 258 cap.
423 222 468 250 δῦ.
483 222 612 250 Eumdem
625 226 714 249 autem
732 221 923 258 Hieronymum
939 222 1002 249 alibi

224 269 397 304 probavimus
415 269 482 296 falso
501 269 600 297 ibidem
613 268 737 297 docuisse
749 268 892 304 Origeuem
903 269 928 295 in
944 268 1005 303 Hip-

223 315 306 349 polyti
322 314 522 342 aemulationem
544 314 576 341 ad
605 315 827 348 interpretandas
848 313 1004 349 Scripturas

223 367 283 387 sese
298 360 461 388 accinxisse.
474 359 559 394 Igitur
574 360 616 388 vel
631 359 749 395 Catalagi
760 360 947 392 conciunator,
961 359 1004 388 vel

223 406 267 440 qui
280 406 400 433 codicem
420 406 506 441 ipsum
521 406 713 440 descripserat.
731 405 875 441 Origenem
899 406 1004 440 putavit

224 451 252 479 in
268 451 426 486 explicando
443 451 576 479 Psalterio
600 451 732 487 Hippolyti
756 452 918 479 imitatorem
931 456 958 479 et
973 452 1005 478 li—

222 496 287 523 lium
307 497 401 524 fuisse.
418 497 548 525 Scribunt
570 503 698 532 praeterea
718 496 805 525 Josias
825 498 956 526 Simlerus
977 501 1005 526 et

220 542 362 570 Conradns
376 543 479 571 Frisios
496 543 522 570 in
538 543 655 578 Epitome
678 543 844 570 Bibliothectz
866 541 1004 570 Cameria-

223 597 276 622 me,
306 589 332 616 in
357 588 484 623 Origene,
515 589 626 624 aliique,
658 588 851 624 Origenianam
879 587 1004 616 Psalterii

222 636 418 670 expositionem
452 636 479 662 in
511 635 632 663 Casarea
660 634 805 662 Viennensi
842 634 1005 663 bibliotheca

223 688 368 708 asservart.

257 725 342 754 Porro
368 734 384 754 e
409 726 488 754 tomis
523 725 550 752 in
583 725 714 760 psalmum
738 725 853 759 primum
877 725 1006 754 habemus

223 778 317 807 partes
341 772 445 806 aliquas
466 771 535 806 apud
555 770 733 805 Epiphaniam
749 770 815 798 haer.
835 770 881 802 δι,
897 778 958 805 cap.
976 771 1004 803 6.

223 823 250 845 et
267 817 421 845 Philocalite
443 825 503 853 cap.
525 818 544 844 2
554 822 580 844 et
593 817 620 849 5.
633 821 661 844 et
672 817 740 851 apud
753 817 898 844 Eusebium
920 817 966 844 lib.
979 825 1005 845 vs

1056 222 1111 249 tine
1140 223 1243 249 reddita
1265 232 1272 250 :
1299 232 1308 248 ι
1327 222 1372 250 Ha:
1396 223 1494 257 quippe
1514 224 1540 250 in
1569 223 1620 250 hoc
1638 223 1719 256 libro,
1742 225 1818 260 inquit

1053 276 1127 295 num.
1143 268 1170 300 ί,
1185 267 1272 296 fabula
1288 269 1389 304 pariter
1400 273 1427 296 et
1440 269 1622 303 epithalamio.
1636 275 1699 297 sunt
1710 279 1819 305 persona

1052 318 1086 339 ex
1109 319 1162 347 quo
1183 317 1210 340 et
1231 313 1344 346 gentiles
1365 313 1414 340 sibi
1431 313 1629 348 epithalamium
1650 315 1819 350 vindicarunt,

1052 361 1079 384 et
1097 357 1176 385 istius
1189 358 1297 392 generis
1307 365 1416 385 carnem
1431 363 1599 393 assumptum
1620 365 1671 387 est.
1694 360 1820 395 Epithala-

1053 402 1136 429 mium
1163 402 1295 438 siquidem
1319 403 1459 430 Canticum
1479 404 1656 433 canticorum.
1679 414 1689 431 ι
1713 405 1820 435 Primum

1053 448 1156 475 Cantici
1170 456 1275 475 versum
1288 456 1422 484 exponens
1434 449 1461 476 in
1476 449 1644 486 ψευδωνύμῳ
1655 450 1763 479 bomilia
1771 461 1821 487 quae

1053 494 1195 529 Prologum
1209 495 1309 529 excipit
1325 502 1353 529 p.
1370 494 1413 526 58,
1434 496 1530 536 sqribit
1556 495 1586 522 τὺ
1603 497 1765 532 ἡγεμονικόν
1785 506 1822 525 ra-

1054 541 1103 568 riis
1116 541 1270 568 nominibus
1284 541 1310 568 in
1320 541 1459 576 Scriptura
1472 548 1566 569 sancta
1578 543 1695 578 signari,
1706 544 1745 570 vcl
1757 553 1822 572 voca-

1054 587 1118 615 bulo
1131 587 1232 620 cordis.
1256 587 1298 615 vel
1322 588 1440 623 pectoris
1453 595 1485 616 ac
1500 588 1588 620 sinus,
1611 589 1634 616 si
1659 590 1693 617 de
1718 591 1823 618 discum-

1055 633 1181 661 bentibus
1197 633 1222 661 in
1239 634 1364 662 convivio
1380 638 1494 670 agatur;
1513 635 1585 661 velut
1607 643 1668 663 cum
1692 643 1769 671 super
1782 645 1822 671 pe-

1053 683 1112 706 ctus
1127 677 1189 707 Jesn
1206 680 1362 708 recubuisse
1385 680 1483 707 dicitur
1506 679 1635 712 Joannes.
1653 681 1755 709 Christi
1770 683 1823 716 ἠγε-

1056 724 1166 759 μονικόν
1181 731 1241 752 esse
1256 724 1457 760 intelligendttm
1472 734 1479 752 :
1505 725 1530 752 in
1557 725 1677 753 Levitico
1702 727 1768 754 idem
1782 736 1822 754 et-

1054 770 1135 805 primi
1147 777 1196 804 per
1210 771 1396 805 pectusculum
1407 775 1434 799 et
1447 779 1563 805 armum,
1585 772 1630 806 qui
1649 773 1823 801 sacerdotibus

1055 820 1220 850 separatur;
1247 817 1273 844 in
1298 817 1411 845 Cantico
1433 825 1498 845 vero
1518 825 1567 852 per
1589 818 1684 845 ubera.
1710 818 1773 845 Tum
1794 820 1822 846 ita

223 863 340 897 "istan,
363 871 424 898 cap.
436 862 480 893 25,
494 866 522 890 et
537 862 632 889 iterum
646 861 714 895 apud
723 860 901 895 Epiphanium
921 861 946 888 in
959 868 1007 888 ea-
1023 857 1044 884 Β
1057 861 1212 889 concludit:
1233 871 1243 888 ί
1257 861 1308 889 Cor
1321 868 1406 896 tuum,
1425 871 1441 891 ο
1457 864 1563 898 Sponse
1583 871 1671 895 meus,
1690 864 1716 891 id
1730 869 1769 891 est
1786 865 1823 891 do-

224 907 284 934 dem
311 907 376 935 haer.
396 914 455 940 cap.
479 906 512 934 10
534 910 561 933 et
582 905 652 940 apud
678 904 847 939 Pamphilum
861 905 886 932 in
903 905 1002 938 Apolo-

222 953 315 988 getico.
328 952 372 979 ubi
390 956 495 979 sextam
510 951 638 978 adversus
663 950 807 984 Origenem
834 950 1003 978 criminatio-

223 1007 285 1027 nem
308 998 416 1026 refellit.
437 997 553 1024 Rursum
580 996 685 1031 insigne
708 1001 877 1030 segmentum
897 1003 913 1023 e
930 1001 1004 1023 tomo

223 1046 253 1074 s'u
268 1044 403 1072 Psalmum
416 1048 538 1078 quartum
557 1042 666 1070 exhibet
688 1041 833 1068 Philacalia
856 1042 945 1076 capite
956 1041 1003 1075 25,

224 1097 252 1120 et
263 1092 334 1119 aliud
348 1099 364 1118 e
376 1089 583 1118 Commentariis
597 1090 623 1116 in
637 1089 772 1116 Psalmum
787 1094 889 1115 sextum
903 1088 1004 1122 Apolo-

222 1139 322 1172 yeticns
350 1136 495 1171 Pamphili.
521 1136 664 1170 septimam
704 1134 849 1162 confutans
874 1134 1005 1162 adversus

222 1185 366 1219 Origenom
393 1183 632 1215 criminationem;
654 1186 683 1209 et
713 1181 785 1208 aliud
814 1181 912 1208 iterum
933 1180 1003 1207 idem

222 1231 417 1266 Apolagetitus,
449 1233 552 1256 sextam
581 1228 799 1256 criminationem
827 1232 965 1258 tractans,
989 1233 1006 1254 e

221 1276 431 1306 Commentariis
448 1276 475 1302 in
496 1273 635 1302 Psalmum
656 1275 786 1301 decimum
812 1274 956 1308 quintum;
979 1277 1007 1300 et

222 1324 294 1352 aliud
305 1324 392 1350 denuo
405 1321 513 1354 ibidem,
527 1328 543 1348 e
554 1320 761 1347 Commentariis
772 1319 799 1346 in
812 1319 947 1346 Psalmnm
959 1319 1005 1346 ἀει

223 1371 321 1397 rituum
337 1373 458 1396 octavum
471 1376 480 1400 ;
492 1373 519 1395 et
535 1373 643 1394 rursum
661 1366 734 1392 aliud
749 1364 898 1392 Philocalia
918 1364 1007 1398 capite

223 1415 322 1451 primo,
346 1422 361 1441 e
386 1413 594 1441 Commentariis
615 1412 644 1438 in
667 1410 802 1438 Psalmum
823 1410 1006 1445 quinquagesi-

223 1470 304 1489 mum.
323 1461 358 1488 At
376 1460 509 1488 Eusebius
524 1459 587 1485 libr.
608 1465 633 1484 VI
663 1457 781 1488 Histor.,
793 1464 855 1491 cap.
873 1456 918 1487 58,
943 1463 1007 1490 pro-

224 1509 276 1535 fert
286 1506 442 1541 particulam
461 1513 495 1533 ex
514 1504 627 1532 llomilia
644 1504 677 1530 ad
694 1503 821 1537 psalmum
834 1510 937 1530 Lxxxn.
962 1501 1008 1530 Hae

1056 911 1145 942 gmata
1158 915 1218 942 quae
1234 908 1303 935 intra
1319 913 1344 936 te
1358 914 1430 942 sunt,
1455 909 1497 937 vel
1517 910 1647 937 doctrinae
1671 910 1769 944 gratia,
1787 918 1823 936 su-

1056 958 1133 988 perat
1148 961 1227 982 omne
1242 955 1344 989 vinum,
1360 955 1431 990 quod
1448 963 1495 983 cor
1510 956 1626 984 hominis
1642 955 1778 983 Iretilicare
1790 963 1823 982 so-

1057 999 1102 1026 let.
1119 998 1194 1027 Sicut
1209 1000 1280 1027 enim
1299 1000 1325 1028 in
1347 1001 1388 1029 his
1400 1001 1434 1029 de
1447 1003 1545 1037 quibus
1558 1002 1640 1029 dicit:
1669 1001 1739 1035 Quia
1753 1001 1823 1028 Deam

1057 1045 1225 1079 videbunt",
1247 1054 1295 1074 cor
1319 1052 1504 1082 competenter
1523 1049 1623 1076 dictum
1649 1055 1711 1076 esse
1723 1048 1824 1080 videtur,

1057 1095 1083 1117 et
1097 1091 1167 1118 inter
1180 1091 1380 1119 discumbentes
1393 1093 1470 1120 sinus
1487 1101 1520 1120 ac
1542 1098 1636 1129 pectus
1662 1093 1769 1128 ponitur
1786 1101 1824 1127 pro

1058 1136 1151 1164 habitu
1170 1137 1228 1164 sine
1251 1137 1333 1165 dubio
1350 1137 1589 1172 discumbentium,
1611 1139 1754 1174 formaque
1771 1147 1824 1166 con-

1057 1182 1121 1209 vivii
1139 1191 1146 1210 :
1174 1187 1202 1210 et
1221 1190 1316 1210 rursus
1338 1188 1367 1211 ut
1385 1183 1456 1218 apud
1478 1185 1634 1212 sacerdotes
1653 1184 1824 1219 pectusculum

1058 1232 1086 1256 et
1102 1228 1241 1256 brachium
1257 1229 1380 1264 mysticis
1389 1229 1545 1264 designatur
1555 1229 1672 1265 eloquiis
1684 1239 1692 1263 ;
1705 1230 1741 1256 ita
1755 1229 1824 1256 etiam

1059 1273 1180 1302 arbitror
1194 1274 1220 1301 in
1233 1275 1361 1309 praesenti
1377 1275 1446 1309 loco,
1463 1276 1507 1303 ubi
1522 1276 1673 1303 amantium
1694 1275 1792 1303 habitus
1803 1279 1825 1302 et

1059 1320 1192 1355 colloquia
1206 1321 1408 1353 describuntur.
1424 1322 1577 1357 gratissime
1597 1323 1651 1350 hoc
1666 1322 1752 1358 ipsum
1764 1321 1825 1356 prim

1060 1366 1147 1400 cipale
1164 1366 1253 1393 cordis
1272 1366 1299 1394 in
1324 1367 1454 1395 uberibus
1471 1368 1643 1403 appellatum.
1672 1378 1682 1394 I
1713 1368 1776 1395 Ecce
1788 1368 1826 1395 tibi

1061 1419 1106 1439 res
1122 1412 1231 1440 easdem
1245 1412 1271 1441 in
1288 1413 1398 1440 hotnilia
1418 1413 1508 1448 priore
1536 1414 1570 1441 ab
1594 1413 1761 1449 Hieronymo
1772 1421 1826 1441 cou-

1061 1464 1140 1485 versa
1167 1464 1244 1485 num.
1264 1458 1295 1490 ‘3,
1325 1465 1407 1493 super
1432 1459 1555 1486 eumdem
1581 1458 1689 1487 Cantici
1715 1466 1825 1486 versum:

1064 1510 1074 1527 ε
1092 1501 1216 1536 Congrue
1231 1509 1321 1530 sermo
1345 1503 1453 1531 divinus
1473 1511 1553 1531 unam
1583 1505 1761 1539 eamdemque
1782 1511 1827 1531 rem

224 1551 336 1579 omnino
352 1550 471 1585 reliquiae
495 1557 511 1578 e
530 1553 569 1576 tot
583 1547 702 1576 homiliis
718 1553 745 1575 et
762 1547 842 1574 tomis
857 1553 1006 1581 temporum
1020 1541 1042 1570 Ο
1059 1555 1108 1582 pro
1122 1547 1241 1574 locorum
1257 1548 1388 1582 qualitate
1402 1549 1518 1576 diversis
1534 1549 1678 1577 vocabulis
1692 1554 1826 1584 nuncupat.

225 1597 329 1631 injuria
341 1597 479 1624 subducta:
491 1599 564 1623 sunt.
576 1593 839 1622 Commentariorum
851 1593 878 1620 in
894 1593 1008 1620 Prouer-

225 1644 268 1670 bia
289 1643 438 1677 fragmenta
451 1642 504 1670 duo
517 1642 544 1668 in
564 1640 730 1675 Apologetico
744 1647 793 1667 suo
805 1639 961 1674 Pamphilus
974 1639 1009 1666 ab

226 1687 337 1715 interitu
354 1686 511 1713 vindicavit.
526 1685 604 1713 Aliud
615 1692 724 1720 quoque
742 1685 768 1711 in
784 1689 879 1712 catena
896 1683 1011 1711 Mazari-

227 1734 307 1761 niana
321 1734 351 1760 in
367 1732 465 1759 Lucam
485 1735 588 1764 exstat.
605 1731 651 1758 sed
673 1735 831 1757 catenarum
858 1729 1009 1764 fragmenta

227 1787 369 1807 recensere
387 1779 464 1806 nobis
476 1779 518 1806 hic
536 1778 699 1812 propositum
715 1784 768 1803 non
785 1781 837 1804 est.

264 1825 318 1853 VII.
337 1825 357 1852 E
373 1831 458 1858 parvo
481 1828 554 1851 tomo
580 1823 609 1850 in
631 1822 781 1854 Canticum,
808 1829 887 1855 quem
905 1819 1011 1855 juvenis

227 1871 374 1905 scripserat
388 1868 531 1904 Origenes,
547 1867 706 1903 particulam
719 1867 864 1901 quamdam
880 1865 1010 1892 habemus

229 1916 385 1945 Phitacalitz
407 1915 498 1950 capite
525 1915 651 1948 septimo.
675 1913 696 1940 E
716 1913 835 1940 secundo
857 1919 923 1939 vero
939 1917 1011 1938 tomo

228 1961 488 1990 Commentariorum
503 1968 572 1995 quos
587 1960 679 1987 decem
691 1958 871 1986 voluminibus
884 1957 1012 1993 grandior

229 2012 294 2034 natu
309 2007 431 2042 digessit,
447 2005 520 2032 aliud
533 2008 702 2039 segmentum
720 2004 869 2038 reperimus
882 2003 1011 2030 vicesimo

229 2059 307 2081 sexto
334 2054 424 2087 capite
449 2050 616 2082 Philocalite,
639 2057 700 2085 quae
722 2050 749 2077 in
776 2056 808 2076 eo
831 2048 912 2075 linem
935 2048 1009 2076 facit.

229 2100 392 2128 Eorutndem
412 2106 475 2126 vero
488 2097 652 2125 voluminum
671 2096 763 2124 decem
778 2094 932 2129 Prologum,
950 2102 1012 2122 cum

230 2146 401 2181 sequentium
417 2150 551 2172 tomorum
568 2143 648 2170 initio
665 2141 761 2169 Latina
776 2140 902 2175 Origenis
915 2147 1014 2174 repue-

231 2197 320 2220 sentat
335 2192 430 2223 editio,
455 2198 470 2217 a
494 2189 592 2216 Rulino
608 2189 829 2223 interpretatum,
855 2186 901 2213 sed
924 2186 1012 2213 defor-

231 2244 344 2270 matum,
358 2243 385 2265 et
401 2245 450 2273 pro
466 2235 582 2264 homiliis
597 2241 739 2270 perperam
756 2232 932 2259 venditatum.
957 2231 1013 2258 Cur

232 2286 268 2313 ita
283 2286 397 2312 sentiam
414 2290 511 2310 causas
524 2281 633 2309 all'eram
651 2280 781 2307 adversus
796 2277 949 2310 nonnullos,
965 2277 1011 2311 qui

233 2332 266 2358 de
276 2329 366 2363 operis
380 2329 459 2362 hujus
473 2333 584 2355 auctore
602 2326 668 2353 falsa
693 2329 845 2353 senserunt.
866 2324 929 2358 Ejus
951 2323 1012 2358 qui-

233 2378 293 2405 dem
308 2377 425 2410 scriptor
436 2382 497 2403 esse
510 2374 642 2409 Origenes
656 2379 688 2399 ex
705 2371 774 2407 stylo
788 2370 1012 2404 deprehenditur,

234 2429 262 2452 et
280 2431 314 2451 ex
333 2421 486 2457 allegoricis
502 2425 530 2448 et
547 2418 720 2454 tropologicis
742 2415 968 2450 expositionibus,
987 2415 1013 2441 in

234 2478 301 2505 quas
318 2470 352 2497 ab
373 2467 512 2496 historicis
534 2466 664 2494 excurrit.
687 2464 716 2491 ld
739 2463 856 2497 probant
882 2466 1012 2496 praeterea

234 2516 374 2544 sententiae
398 2522 492 2542 earum
515 2511 668 2541 consimiles
688 2514 716 2538 et
737 2515 883 2545 germanae,
902 2515 965 2543 quze
986 2507 1013 2534 in

234 2561 339 2589 duabus
357 2560 475 2588 homiliis
503 2560 536 2586 ab
562 2558 726 2593 Hieronymo
755 2554 894 2582 conversis
919 2560 1016 2581 occur-

236 2612 319 2634 runt:
335 2615 343 2632 ι
365 2605 583 2640 Epithalamium,
601 2604 693 2637 inquit.
706 2603 733 2628 in
758 2600 864 2636 Prologi
880 2600 969 2632 initio,
984 2600 1016 2627 li-

237 2652 321 2679 bellus
334 2653 387 2683 liic,
401 2651 427 2678 id
439 2656 480 2678 est
492 2649 617 2684 nuptiale
633 2655 752 2680 carmen,
773 2647 902 2674 dramatis
914 2646 941 2673 in
956 2654 1014 2673 mo-

238 2698 302 2724 dum
322 2697 386 2724 mihi
409 2697 514 2723 videtur
533 2704 548 2723 a
569 2695 713 2723 Salomone
734 2693 912 2727 conscriptus.
935 2700 1016 2728 quem

238 2742 338 2770 cecinit
356 2743 441 2770 instar
463 2742 589 2770 nubentis
616 2748 723 2775 sponsae
751 2745 778 2768 et
802 2747 865 2775 erga
889 2746 1016 2774 sponsqu

275 2829 403 2858 "Matth.
420 2838 447 2864 ν,
462 2831 488 2858 s.
526 2830 548 2847 ι·
571 2830 714 2867 (Ἀδικία),
737 2829 764 2856 7.

1059 1593 1172 1626 Quando
1198 1593 1285 1620 hostia
1301 1593 1414 1621 oll‘ertur
1428 1594 1454 1621 in
1470 1594 1539 1629 lege.
1553 1600 1581 1622 et
1596 1594 1655 1622 vult
1678 1595 1826 1622 intellectum

1059 1638 1213 1670 ostendere,
1221 1639 1407 1673 pectusculum
1419 1639 1598 1674 separationis
1610 1640 1722 1668 affatur.
1733 1641 1828 1674 Quando

1060 1691 1124 1712 vero
1147 1684 1282 1712 recumbit
1299 1684 1398 1720 aliquis
1419 1693 1480 1713 cum
1496 1684 1571 1718 Jesu,
1596 1691 1624 1713 et
1644 1693 1771 1714 sensuum
1781 1686 1828 1720 ejus

1060 1731 1250 1759 communione
1263 1731 1422 1766 perfruitur.
1438 1739 1491 1759 non
1504 1732 1694 1767 pectusculum
1709 1737 1738 1759 ut
1750 1740 1827 1767 supra,

1062 1776 1109 1805 sed
1124 1782 1218 1811 pectus
1232 1777 1390 1812 alloquitur.
1410 1777 1495 1805 Porro
1517 1785 1580 1805 cum
1601 1777 1709 1813 Sponsa
1722 1778 1827 1813 loquitur

1061 1822 1095 1850 ad
1109 1822 1254 1858 Sponsum,
1269 1823 1332 1858 quia
1356 1823 1474 1857 nuptiale
1490 1830 1600 1851 carmen
1622 1824 1769 1855 inducitur.
1785 1831 1827 1850 non

1062 1868 1258 1903 pectusculum,
1281 1874 1311 1895 ut
1331 1868 1356 1895 iu
1382 1867 1536 1901 sacrificio;
1562 1877 1615 1896 non
1637 1874 1746 1904 pectus,
1764 1874 1790 1896 ut
1807 1870 1828 1895 in

1061 1913 1163 1942 Joanne
1178 1914 1321 1948 discipulo,
1336 1914 1384 1941 sed
1400 1913 1482 1940 ubera
1501 1914 1632 1947 nominat,
1649 1914 1742 1942 dicens
1754 1924 1760 1941 :
1772 1915 1828 1946 Quia

1061 1960 1128 1987 bona
1138 1961 1218 1987 ubera
1231 1965 1277 1987 tua
1290 1967 1366 1993 super
1375 1960 1461 1987 vinum
1468 1960 1501 1986 ".
1518 1959 1697 1988 Communica
1706 1960 1827 1994 utSponsa

1062 2014 1124 2034 cum
1137 2007 1262 2034 sensibus
1284 2004 1392 2040 Sponsi,
1408 2011 1435 2032 et
1448 2006 1519 2033 scias
1536 2007 1598 2038 quia
1617 2006 1751 2034 inebriant
1764 2010 1828 2039 atque

1063 2051 1201 2078 laetiﬁcant
1216 2051 1366 2078 istiusmodi
1385 2051 1551 2084 cogitatus.»
1574 2051 1641 2084 Quis
1666 2058 1718 2078 non
1742 2055 1829 2077 utrum-

1063 2105 1115 2132 que
1133 2097 1221 2124 locum
1236 2097 1262 2124 id
1274 2096 1371 2124 eadem
1388 2096 1485 2123 incude
1499 2096 1642 2123 formatum
1658 2096 1754 2123 dicat?
1772 2094 1828 2121 Iler-

1064 2144 1134 2171 linus
1151 2144 1258 2171 demum
1272 2143 1298 2170 in
1312 2144 1402 2178 aliquo
1418 2143 1526 2178 quidem
1551 2142 1646 2170 codice
1668 2149 1761 2169 nomen
1779 2140 1826 2168 Hie-

1028 2209 1049 2236 D
1066 2190 1174 2225 rouymi
1187 2189 1264 2224 operi
1287 2189 1350 2217 huic
1370 2189 1519 2224 ascriptum
1546 2195 1606 2216 sese
1620 2189 1754 2223 reperisse
1767 2187 1828 2216 dicit.

1065 2236 1111 2266 sed
1132 2236 1157 2262 in
1172 2235 1298 2262 omnibus
1314 2241 1404 2262 tamen
1418 2235 1534 2262 vetustis
1553 2239 1581 2261 et
1600 2234 1722 2268 probatis
1737 2231 1829 2259 volumi-

1067 2280 1146 2308 nibus
1162 2280 1306 2314 Origenem
1320 2284 1459 2307 auctorem
1473 2279 1575 2313 signari
1592 2278 1704 2305 fatetur.
1719 2276 1829 2304 Dubitan-

1066 2327 1128 2353 dum
1148 2326 1239 2359 itaque
1253 2333 1306 2353 non
1323 2331 1377 2358 est,
1389 2325 1452 2359 quin
1476 2325 1619 2360 Origenem
1646 2331 1715 2358 opus
1730 2321 1794 2350 istud
1804 2321 1829 2347 de

1067 2379 1120 2407 quo
1133 2373 1249 2407 agimus,
1261 2377 1398 2399 auctorem
1414 2371 1522 2399 habent.

1103 2418 1182 2446 Nunc
1197 2425 1263 2446 vero
1278 2417 1444 2452 probandum
1459 2422 1501 2444 est
1519 2423 1660 2451 perperam
1679 2416 1759 2444 fuisse
1777 2414 1828 2442 illud

1068 2463 1096 2491 in
1113 2464 1239 2491 homilias
1264 2463 1449 2495 distributum,
1470 2467 1498 2490 et
1513 2468 1616 2497 partem
1637 2469 1699 2489 esse
1715 2466 1828 2488 tomorum

1067 2511 1158 2538 decem
1175 2517 1242 2544 quos
1254 2513 1282 2536 in
1305 2507 1442 2537 Canticum
1457 2508 1599 2542 scripsisse
1614 2512 1782 2535 memoratur.
1790 2506 1829 2532 Ar-

1069 2561 1197 2591 gutnento
1220 2556 1334 2591 primum
1361 2555 1447 2590 stylus
1470 2560 1521 2588 est,
1546 2562 1626 2590 quem
1641 2554 1722 2582 alium
1736 2559 1788 2580 esse
1807 2551 1827 2577 in

1069 2602 1162 2635 tomis,
1180 2602 1263 2629 alium
1286 2602 1312 2628 in
1331 2601 1450 2628 homiliis
1467 2601 1557 2628 sciunt
1573 2601 1618 2635 qui
1630 2601 1657 2627 in
1672 2598 1786 2634 Origeuis
1799 2597 1828 2623 le-

1071 2649 1159 2676 ctione
1185 2647 1286 2675 versati
1306 2653 1377 2674 sunt.
1403 2647 1495 2682 Stylus
1518 2646 1688 2674 bomileticus
1705 2641 1827 2673 familiaris

1069 2699 1122 2725 est.
1144 2694 1270 2728 simplex,
1294 2693 1442 2729 popularis,
1471 2692 1560 2720 brevis
1580 2700 1588 2724 ;
1615 2691 1685 2718 alter
1710 2687 1825 2718 sublimis.

1072 2737 1197 2772 dimisus,
1214 2739 1350 2773 curiosus,
1372 2738 1507 2766 eruditus.
1527 2736 1600 2765 Talis
1624 2741 1712 2764 autem
1735 2732 1826 2767 scriptio
