1908 3071
74 135 145 164 ﬂ"
479 134 762 164 ORIGENIANOBUM
781 134 845 164 LIB.

866 135 910 171 Ill,
929 134 1006 167 CAP.
1027 134 1059 169 ll,
1079 135 1239 164 SECT..lll.
1365 139 1368 142 ’
1608 137 1676 165 HIS

70 191 102 218 In
114 191 266 223 Canticum,
295 190 328 218 de
353 197 406 226 qua
427 198 472 218 res
490 196 542 218 est.
567 191 697 225 Quorsum
721 197 848 226 pmterea
864 193 886 222 Α
899 191 982 219 linum
994 199 1054 219 esse
1069 191 1227 225 referenda;
1253 191 1409 226 neutiquam
1426 198 1489 228 ergo
1501 192 1626 222 dubitare
1641 195 1677 221 ti-

70 236 204 271 Prologus
218 235 279 263 ille?
288 234 424 270 ‘Prologos
437 235 515 263 tomis
527 243 719 271 nunquamnon
737 236 850 271 prieﬁgit

69 283 222 318 Origenes;
236 289 372 316 nunquam
385 282 511 310 homiliis.
524 283 664 310 Postremo
677 283 788 310 solemni
800 284 851 311 hac

69 328 194 356 clausula
210 327 333 363 Origenis
353 328 471 356 homiliie
487 328 543 356 fere
555 329 696 356 terminari
709 329 806 362 solent,
823 334 852 357 ut

69 374 118 401 vix
139 381 219 400 unam
235 373 382 400 alterumve
398 374 433 401 ab
444 374 494 401 hoc
509 382 584 401 more
597 374 795 408 discrepantem
809 382 852 402 re-

70 418 175 451 perias,
193 418 222 444 ἐν
238 418 348 454 Χριστῷ
372 418 471 454 Ἰησοῦ,
497 415 518 452 ᾧ
535 420 607 446 ἐστιν
632 420 649 454 ἡ
670 419 742 452 δόξα,
760 420 807 446 καὶ
822 418 852 445 τὸ

71 462 176 497 κράτος
193 464 232 495 εις
242 463 341 495 αἰῶνας
355 464 409 490 τῶν
428 464 533 491 αἰώνων
547 473 553 480 ·
570 465 721 500 cujusmodi
745 465 811 492 nihil
825 465 850 492 in

68 507 261 544 ψευδωνύμως
273 510 327 537 illis
341 510 464 546 Origenis
476 510 593 538 homiliis
603 511 731 538 occurrit.
746 511 852 538 Minime

69 561 140 588 ergo
163 554 279 583 homiliae
301 560 374 589 sunt,
398 556 445 583 sed
469 557 543 583 tomi.
570 556 675 591 Optime
695 557 852 584 Vincentius

71 598 275 627 Bellovacensis
290 599 396 634 Speculi
410 601 562 628 doctrinalis
578 601 625 629 lib.
641 609 719 634 xvnt,
736 609 794 637 cap.
807 602 851 635 45,

69 643 297 679 Origenianarum
323 647 500 682 scriptionum
530 655 670 675 numerum
697 652 851 680 contexens,

68 691 198 719 emisisse
209 692 265 719 Ada
271 693 398 719 mantiutn
408 693 446 719 ait
459 692 486 719 in
500 691 636 720 Canticum
646 693 768 721 homilias
777 693 852 723 duas;

69 736 100 763 in
114 737 276 772 principium
302 744 366 765 vero
389 737 449 764 libri
472 737 592 771 ejusdem
610 738 694 766 libros
713 744 778 766 tres.
798 738 852 766 Nec

70 783 178 816 patitur
196 783 285 818 operis
299 783 450 819 granditas,
466 788 494 810 ut
511 789 613 819 partem
628 792 687 812 eam
702 792 761 812 esse
775 789 852 820 pute-

70 836 135 856 mus
150 829 226 863 parvi
241 829 316 862 turni,
342 837 422 865 quem
442 830 549 866 juvenis
563 831 589 857 in
605 831 744 858 Canticum
760 831 852 858 elabo—

69 875 166 902 ravit:
185 883 245 902 cum
265 875 414 909 praesertim
437 875 617 911 fragmentum
644 876 708 903 illud
731 884 746 904 e
770 884 852 911 parvo

69 925 158 954 tomo,
173 921 245 955 quod
259 920 415 948 PItilucalite
427 922 517 957 capite
529 922 644 956 septimo
659 922 814 954 adducitur,
824 922 851 949 in

70 965 116 993 his
130 971 249 1001 quatuor
271 966 390 994 homiliis
410 967 451 994 vel
468 967 579 1002 Prologo
596 975 726 1002 nusquam
746 972 851 995 exstet:

69 1016 100 1039 at
112 1011 178 1039 illttd
193 1011 308 1039 alterum
329 1013 400 1047 quod
416 1013 504 1047 capite
517 1013 645 1040 vicesimo
664 1017 740 1040 sexto
758 1011 853 1040 Philo-

69 1058 150 1085 calia:
163 1065 196 1085 ex
210 1059 329 1086 secundo
348 1066 363 1086 e
383 1058 475 1086 decem
501 1059 580 1086 tomis
599 1059 783 1093 depromptum
801 1063 853 1091 est,

69 1103 101 1130 in
125 1104 235 1131 homilia
260 1104 377 1132 secunda
400 1111 434 1131 ex
465 1104 518 1132 illis
545 1109 662 1139 quatuor
691 1105 852 1139 reperiatur.

69 1147 244 1183 Quapropter
257 1149 404 1176 verisimile
415 1154 458 1176 est
473 1154 527 1177 tres
543 1150 666 1177 liomilias
683 1150 785 1185 priores
809 1150 850 1185 ip-

69 1200 119 1221 sos
128 1201 190 1221 esse
201 1194 303 1228 priores
317 1198 403 1222 tomos
417 1199 474 1222 tres
486 1203 493 1228 ;
504 1199 667 1229 postretnam
677 1203 750 1228 vero,
764 1195 853 1230 quarti

70 1243 195 1273 partem;
210 1239 281 1273 quod
293 1244 321 1266 et
334 1247 367 1266 ex
381 1247 475 1267 eorum
491 1240 646 1275 prolixitate
668 1241 803 1268 aestimare
822 1240 855 1267 li-

70 1289 129 1312 cet.
143 1284 263 1319 Denique
283 1284 308 1312 in
327 1292 359 1312 eo
384 1292 466 1320 opere
486 1285 578 1312 laudat
600 1285 729 1320 Origenes
740 1285 854 1320 Exposi-

69 1330 163 1358 tiones
175 1338 239 1358 suas
258 1331 286 1357 in
302 1330 434 1363 Exortum,
449 1331 476 1357 in
493 1330 647 1362 Leviticum,
665 1331 692 1357 in
713 1330 854 1363 Numeros,

70 1379 102 1403 et
113 1376 142 1402 in
160 1374 253 1408 Joaue,
271 1383 339 1410 quas
352 1375 491 1410 probabile
504 1383 557 1402 non
573 1380 616 1402 est
627 1375 684 1410 jam
700 1379 756 1402 tum
772 1375 855 1402 fuisse

69 1421 240 1452 elaboratas,
262 1428 322 1448 cum
335 1428 445 1454 parvum
461 1426 560 1448 tomum
572 1421 599 1447 in
613 1419 751 1447 Canticum
774 1421 854 1448 moli-

71 1471 161 1499 retur,
199 1471 290 1500 utpote
313 1474 394 1501 quem
411 1467 498 1494 adhuc
518 1466 624 1500 juvenis
641 1466 809 1501 composuit;
829 1471 856 1494 at

71 1513 210 1539 maturior
221 1516 301 1539 aetate
313 1512 346 1539 ad
357 1512 449 1539 decem
476 1516 561 1539 tomos
584 1512 786 1540 concinnandos
805 1520 853 1540 ac-

69 1558 167 1585 cessit.
181 1558 267 1593 Objici
281 1562 372 1592 potest
385 1558 515 1593 scriptum
532 1566 593 1586 esse
604 1558 638 1586 ab
654 1558 818 1594 Hieronymo
828 1559 854 1586 in

69 1604 189 1636 Prulogo
217 1605 445 1640 interpretationis
475 1605 645 1632 homiliarum
683 1605 797 1632 duarum
828 1605 856 1632 in

69 1649 225 1683 Canticum,
249 1650 395 1686 Origenem
422 1650 448 1677 in
465 1650 557 1678 decem
582 1651 661 1678 tomis
679 1650 855 1685 Septuaginta

70 1696 249 1730 lnterpretes,
265 1697 402 1731 Aquilam,
412 1695 616 1732 Symmachum,
631 1696 855 1730 Tlieodotionem,

70 1745 102 1769 et
124 1742 246 1776 quintam
275 1742 420 1770 editionem
451 1742 590 1776 tnagniﬁce
615 1747 761 1776 aperteque
777 1742 858 1769 disse-

71 1788 183 1820 ruisse;
199 1789 269 1823 quod
285 1796 346 1815 cum
371 1788 397 1815 in
417 1787 602 1822 ψευδωνύμως
624 1794 691 1821 quas
708 1792 856 1815 tractamus

72 1833 195 1860 homiliis
209 1841 261 1860 non
277 1839 415 1868 appareat,
433 1835 497 1861 hinc
517 1833 644 1867 consequi
670 1840 738 1867 opus
758 1840 818 1860 esse
839 1841 854 1861 a

71 1880 169 1908 decem
185 1881 265 1907 tomis
276 1881 423 1908 diversum.
444 1879 541 1907 Verqu
555 1880 692 1907 sciendum
716 1885 759 1907 est
781 1880 857 1907 Ruﬁ-

73 1934 141 1954 nutn
167 1926 323 1961 scriptionis
349 1924 428 1961 hujus
449 1933 509 1954 esse
542 1925 726 1959 interpretem,
747 1930 775 1953 ut
795 1934 856 1954 mox

73 1971 228 2004 ostendant,
247 1972 291 1998 cui
305 1979 367 1999 cum
383 1972 504 1998 solemne
527 1971 564 1998 sit
579 1975 734 2005 pervertere
756 1972 856 2005 omnia,

73 2023 102 2045 et
119 2019 152 2044 ad
172 2017 277 2044 libitum
291 2025 449 2052 recoquere,
461 2018 528 2045 adeo
543 2021 574 2043 ut
594 2021 680 2044 tomos
693 2016 816 2052 Origenis
829 2019 855 2045 in

75 2061 223 2097 Epistolam
246 2062 278 2089 ad
297 2061 434 2089 Romanos
463 2062 497 2089 ad
514 2061 628 2088 mediam
652 2067 755 2096 partem
778 2070 858 2089 coar-

74 2107 201 2140 ctaverit,
216 2107 278 2142 quis
292 2107 372 2134 ullam
390 2108 424 2134 ab
438 2114 471 2134 eo
485 2106 562 2134 ﬁdem
575 2107 734 2141 exspectet?

112 2154 242 2188 Superest
257 2158 284 2181 ut
293 2153 420 2180 Ruﬁnum
435 2153 608 2188 interpretem
621 2161 681 2181 esse
691 2154 858 2182 demonstre-

75 2207 149 2227 mus.
168 2198 348 2234 Hieronymus
373 2199 399 2225 in
424 2197 541 2234 Prologo
555 2199 726 2226 homiliarum
743 2199 855 2226 duarum

75 2245 202 2280 Origenis
215 2245 242 2271 in
256 2244 404 2276 Canticum,
420 2244 452 2271 de
467 2245 559 2272 decem
576 2245 756 2273 voluminibus
777 2245 856 2273 Com-

76 2290 271 2319 mentariorum
287 2297 378 2326 agens,
396 2297 488 2317 eorum
512 2291 759 2326 interpretationem
782 2293 819 2319 ait
841 2300 855 2319 a

75 2345 106 2365 Se
128 2337 211 2364 fuisse
233 2337 457 2371 praetermissam,
485 2337 556 2372 quod
584 2344 627 2364 res
647 2342 720 2364 esset
742 2337 857 2373 ingentis

76 2383 137 2415 otii,
149 2382 247 2409 laboris
268 2387 296 2409 et
311 2388 476 2416 sumptuum.
492 2383 520 2409 ln
531 2382 600 2410 libro
621 2390 727 2418 quoque
740 2383 778 2410 De
790 2384 856 2411 uri-

76 2428 196 2462 rtaribus
209 2428 311 2461 etclam,
327 2435 387 2463 cap.
403 2428 466 2460 l55,
482 2429 552 2456 inter
565 2429 650 2457 libros
665 2429 787 2464 Origenis
800 2438 814 2456 a
827 2437 857 2457 se

75 2482 234 2507 conversos,
249 2475 348 2502 nullam
363 2475 442 2509 hujus
455 2475 622 2503 mentionem
647 2475 720 2503 fecit.
746 2475 857 2504 Minime

75 2522 160 2555 igitur
178 2521 340 2556 llieronymo
353 2522 512 2550 ascribenda
528 2527 569 2549 est
586 2522 642 2549 haec
658 2522 855 2556 interpretatio.

74 2568 234 2596 Gennadius
249 2573 338 2595 autem
366 2567 392 2595 in
416 2567 544 2604 Cataloga
565 2569 679 2596 uirorum
699 2568 855 2600 illustrium,

74 2622 139 2650 cap.
162 2614 205 2646 18.
230 2613 383 2649 signiﬁcare
413 2614 518 2641 videtur
542 2620 710 2648 quacunque
732 2612 857 2648 Origenis

75 2667 160 2696 opera
177 2660 366 2695 Hieranymum
380 2659 554 2695 interpretem
565 2667 618 2687 non
631 2659 743 2692 habent,
757 2660 790 2686 ad
804 2658 857 2686 ltu-

899 241 942 264 eet
954 237 1018 271 quin
1034 236 1222 271 interpretatio
1232 244 1262 264 ea
1278 236 1374 264 Ruﬁno
1387 237 1515 264 debeatur
1529 246 1536 264 :
1549 246 1609 268 nam
1625 247 1676 266 an-

901 282 1002 317 tiquam
1016 290 1088 316 esse,
1109 287 1136 310 et
1155 284 1282 317 aequalem
1302 282 1516 318 Hieronymianae
1538 285 1636 316 aetatis,
1652 289 1680 312 et

900 328 1039 357 Gennadio
1052 329 1232 364 antiquiorem
1249 329 1335 365 stylus
1358 330 1425 356 satis
1447 330 1558 365 arguit;
1573 332 1630 365 qui,
1648 337 1680 360 ut

901 375 953 403 alia
965 376 1054 403 omnia
1067 376 1299 411 praetermitterem
1320 380 1489 410 argumenta,
1512 376 1585 403 solus
1606 376 1681 404 Ruﬁ-

902 429 964 448 num
980 422 1153 456 interpretum
1167 422 1277 449 indicat.
1291 420 1407 449 Maxime
1426 429 1491 449 vero
1507 422 1626 449 indicattt
1638 429 1682 449 se-

902 467 977 494 lectae
988 467 1122 501 quasdam,
1142 471 1169 494 et
1195 474 1292 501 magna
1312 475 1344 494 ex
1368 471 1445 501 parte
1459 467 1580 494 barbara;
1601 475 1681 495 voces

902 513 999 540 Ruﬁno
1017 513 1213 545 usitatissimte,
1228 513 1378 547 cujusmodi
1402 513 1453 540 illa:
1467 518 1539 544 sunt.
1562 522 1572 538 r
1586 513 1682 540 attitu-

902 558 970 591 lare,
997 563 1197 592 competenter,
1226 559 1367 594 complecti
1390 568 1399 584 ι
1432 559 1458 586 in
1479 559 1678 594 signiﬁcatione

902 605 1018 640 passiva,
1045 613 1055 630 ι
1069 612 1188 638 cassare,
1218 610 1353 638 creatura,
1371 614 1380 631 ι
1409 613 1457 640 pro
1477 606 1590 638 creatio,
1608 615 1619 630 ι
1636 606 1680 633 in-

902 650 1049 686 corruptio,
1065 651 1255 683 numerositas,
1279 650 1468 682 observantim.
1493 651 1680 683 observanter,

903 697 1085 732 participium,
1111 706 1121 722 ι
1152 705 1202 731 pro
1226 704 1258 723 eo
1275 697 1347 732 quod
1374 702 1426 730 est,
1456 697 1541 732 partis
1563 698 1683 732 adeptio,

905 751 916 768 ι
936 743 1108 778 pretiositas,
1133 743 1344 776 rationabiliter,
1372 743 1503 774 refutare,
1522 752 1532 769 ›
1560 751 1607 777 pro
1633 743 1682 770 ab-

903 797 997 822 nuere,
1015 798 1025 815 ι
1041 789 1217 824 sequestrari,
1234 789 1432 824 signiﬁcantize.
1456 798 1466 815 ι
1485 789 1559 822 Quod
1584 789 1605 816 si
1624 789 1684 824 quis

903 839 1020 870 opponat
1038 835 1308 871 interpretationibus
1331 836 1388 863 suis
1409 835 1539 869 Prologos
1554 835 1682 863 Ruﬁnum

902 881 1040 917 przeﬁgere
1055 881 1153 914 solere,
1170 886 1198 908 ut
1212 882 1294 908 tradit
1315 881 1470 909 Gennadius
1495 881 1622 915 Calalogo
1646 882 1684 908 ui-

903 935 990 954 rorum
1004 926 1160 960 illustrium,
1173 935 1234 962 cap.
1251 927 1294 958 i8,
1309 926 1372 954 huic
1393 932 1482 954 autem
1503 927 1573 953 libro
1588 926 1683 953 Prolo-

902 981 965 1008 gum
981 973 1015 1000 ab
1029 973 1174 1008 interprete
1188 973 1339 1007 appositum
1358 980 1409 999 non
1435 972 1534 1004 fuisse;
1556 972 1624 998 sciat
1640 971 1687 998 ille

902 1019 1000 1046 multos
1018 1026 1033 1045 e
1048 1018 1136 1045 Ruﬁni
1152 1019 1270 1053 prologis
1290 1019 1462 1045 intercidisse
1477 1026 1485 1051 ;
1507 1017 1580 1045 velut
1599 1017 1685 1049 illum,

903 1070 981 1097 quem
994 1063 1073 1090 toties
1085 1063 1266 1096 laudavimus,
1284 1062 1410 1090 Numeris
1425 1063 1576 1096 pra-ﬁxum,
1594 1067 1621 1089 et
1633 1062 1685 1090 Ur-

902 1109 976 1135 sacio
991 1107 1160 1142 inscriptum,
1179 1116 1256 1143 quem
1273 1107 1365 1136 Latina
1390 1107 1446 1144 (78)
1462 1108 1585 1142 Origenis
1597 1108 1680 1135 editio

903 1154 1058 1189 neutiquam
1076 1158 1261 1190 repraesentat.

939 1197 1004 1232 Qua:
1019 1206 1079 1226 cum
1096 1199 1131 1226 ita
1151 1199 1219 1231 sint,
1238 1198 1271 1226 de
1287 1198 1370 1225 nihilo
1385 1205 1443 1226 esse
1463 1201 1547 1232 patet,
1568 1198 1639 1232 quod
1655 1197 1682 1225 in

904 1244 1019 1271 vetustis
1047 1243 1209 1278 Quibusdam
1232 1243 1371 1271 codicibus
1400 1251 1497 1271 nomen
1524 1243 1681 1278 Hieronymi

903 1288 1085 1317 lucubrationi
1100 1289 1163 1316 huic
1181 1288 1230 1315 fuit
1245 1293 1432 1323 praenotatum,
1447 1293 1475 1316 ut
1488 1288 1613 1315 observat
1624 1287 1685 1314 Six-

906 1339 966 1366 tus;
984 1335 1110 1369 quodque
1126 1342 1157 1361 ex
1181 1335 1231 1361 hoc
1246 1341 1327 1368 opere
1353 1333 1508 1361 testimonia
1533 1333 1681 1360 attulerunt

905 1380 1034 1416 Magister
1047 1381 1259 1413 Sententiarum,
1278 1384 1305 1407 et
1319 1379 1349 1408 S.
1362 1379 1490 1412 Thomas,
1506 1381 1556 1408 sub
1572 1381 1683 1409 nomine

906 1427 1054 1455 Ambrosii.
1071 1426 1249 1462 Castigandns
1274 1433 1381 1461 quoque
1407 1425 1535 1453 Erasmus
1549 1426 1582 1458 ⁵⁸,
1601 1427 1687 1461 quiet

906 1473 964 1508 ipse
975 1472 1068 1504 sentit,
1090 1471 1211 1498 et‘idem
1236 1475 1265 1497 ut
1287 1470 1420 1498 sentirent
1441 1470 1685 1506 Magdeburgenses

899 1517 1029 1553 perfecit,
1044 1517 1095 1544 hoc
1108 1524 1176 1551 opus
1188 1523 1250 1544 esse
1268 1514 1392 1542 Hominis
1414 1513 1512 1548 Latini,
1524 1515 1631 1550 pulchre
1644 1517 1688 1543 do-

869 1544 890 1573 c
1023 1544 1091 1590 'bene
1106 1544 1196 1588 diserti
1212 1569 1223 1589 :
1243 1566 1384 1596 propterea
1409 1561 1479 1595 quod
1559 1561 1686 1597 Prologo,

908 1616 936 1644 p.
961 1607 1008 1640 2⁵1,
1034 1607 1142 1634 Gnaeos
1161 1606 1263 1638 laudat,
1285 1605 1359 1633 velut
1382 1605 1493 1638 alienos,
1514 1605 1556 1632 his
1578 1607 1688 1634 verbis:

909 1662 919 1679 I
937 1652 1003 1679 Cum
1020 1652 1089 1686 apud
1104 1651 1225 1681 Graecos,
1247 1650 1292 1684 qui
1315 1649 1414 1677 eruditi
1441 1657 1472 1677 ac
1494 1651 1630 1684 sapientes
1644 1651 1686 1678 vi-

906 1698 1015 1725 dentur.
1038 1706 1048 1722 ι
1072 1696 1099 1724 Id
1120 1697 1206 1730 ipsum
1232 1696 1335 1730 liquere
1348 1696 1387 1722 ait
1405 1703 1438 1722 ex
1460 1697 1687 1730 interpretatione

909 1751 919 1769 t
936 1743 1059 1775 amoris,
1084 1742 1243 1772 cliarilatis,
1272 1740 1423 1768 dilectionis
1454 1745 1480 1768 et
1502 1742 1646 1776 cupidinis.
1674 1751 1687 1768 ι

907 1788 1018 1814 Domum
1046 1787 1201 1821 suspicatur
1226 1786 1284 1821 ejus
1302 1793 1373 1817 esse,
1395 1786 1472 1820 cujus
1493 1791 1605 1814 exstant
1623 1787 1684 1814 linri

905 1833 944 1860 De
970 1833 1104 1860 vacatione
1124 1832 1251 1867 gentium,
1268 1837 1296 1859 et
1318 1832 1513 1859 Commentarii
1538 1833 1564 1859 in
1582 1833 1687 1868 aliquot

906 1880 1034 1915 psalmos.
1054 1878 1118 1912 Qum
1135 1868 1216 1913 quarti
1228 1877 1323 1905 l‘rivola
1339 1878 1405 1910 sint,
1420 1882 1572 1913 promptum
1588 1884 1630 1907 est
1643 1887 1688 1907 os-

907 1927 1024 1953 tendere.
1055 1924 1184 1952 Etlniicos
1213 1931 1308 1951 omnes
1329 1931 1344 1950 a
1371 1924 1442 1951 Luca
1465 1925 1491 1951 in
1514 1924 1601 1957 Actis,
1621 1929 1649 1952 et
1671 1931 1689 1951 a

906 1971 989 1998 Paulo
1010 1970 1142 2006 Ἕλληνας
1170 1969 1300 2004 appellari
1325 1975 1417 1996 notum
1440 1974 1501 1997 est:
1521 1970 1585 1998 hinc
1602 1970 1689 1998 Judaei

906 2022 1079 2052 opponuntur
1093 2018 1148 2049 τοῖς
1163 2016 1293 2052 Ἕλλησι.
1312 2016 1338 2042 id
1359 2020 1402 2042 est
1416 2015 1532 2043 ethnicis
1554 2023 1602 2043 seu
1620 2024 1688 2050 geti-

908 2063 1011 2090 tilibus.
1023 2062 1114 2096 Itaque
1128 2070 1143 2089 a
1158 2062 1282 2089 Patribus
1295 2061 1438 2097 Ἕλληνες.
1457 2066 1582 2096 tanquam
1605 2061 1688 2088 alieni

907 2109 1064 2142 laudantur,
1090 2113 1118 2135 et
1141 2108 1174 2135 ab
1195 2109 1252 2144 ipso
1273 2108 1356 2135 etiam
1378 2106 1494 2142 Origene
1520 2112 1585 2134 tom.
1605 2115 1639 2134 xv
1660 2107 1688 2134 in

907 2154 1016 2186 Matth"
1031 2162 1104 2182 num.
1119 2154 1217 2186 15..ϋί
1235 2154 1291 2181 ait:
1311 2153 1373 2180 Ἐὰν
1384 2154 1414 2180 δέ
1425 2161 1468 2184 τις
1480 2154 1514 2188 τῇ
1531 2152 1689 2189 ἀνθρωπίνῃ

871 2216 894 2244 D
907 2200 1007 2236 ὲνορῶν
1025 2200 1151 2235 ἀσθενείᾳ.
1165 2200 1319 2236 καταφρονῇ
1333 2200 1381 2235 μὲν
1395 2200 1444 2235 τῆς
1457 2199 1566 2231 λέξεως,
1579 2199 1688 2244 τράπηέ

907 2253 952 2272 ται
968 2245 995 2271 δὲ
1008 2245 1051 2271 ἐπ’
1067 2244 1241 2280 ἀλληγορίας,
1255 2243 1478 2279 δυσωπηθήσεται
1492 2243 1522 2269 ἐκ
1537 2251 1618 2270 τινων
1639 2243 1688 2270 καὶ

913 2290 1074 2326 Ἑλληνικῶν
1095 2291 1228 2326 ἱστοριων,
1248 2290 1277 2316 ὲν
1295 2288 1335 2321 οἷς
1352 2289 1396 2316 διὰ
1414 2289 1463 2325 τὴν
1484 2289 1548 2325 παρ’
1575 2288 1688 2323 Ἕλλησι

909 2337 1003 2372 σοφίαν
1021 2337 1267 2373 ἱστοροῦνταίτινες
1281 2336 1311 2362 τὺ
1324 2335 1440 2362 ἐνταῦθα
1451 2336 1490 2371 τῷ
1503 2335 1622 2371 πλουσίῳ
1636 2334 1689 2361 ὑπὸ

907 2383 954 2411 τοῦ
971 2384 1096 2420 Σωτῆρος
1112 2384 1254 2420 εἰρημένον
1275 2383 1463 2418 πεποιηκέναι.
1490 2383 1622 2410 Caeterum
1645 2381 1688 2408 vel

909 2436 941 2456 ex
967 2429 1017 2455 hoc
1039 2429 1107 2462 loco,
1127 2431 1196 2456 unde
1217 2429 1419 2463 supposititium
1443 2435 1503 2455 esse
1527 2427 1593 2454 illud
1617 2434 1686 2462 opus

909 2473 1017 2507 coniicit
1031 2473 1170 2506 Erasmus,
1185 2474 1229 2501 ubi
1251 2482 1303 2501 non
1321 2473 1443 2501 obscuris
1455 2473 1544 2500 verbis
1567 2472 1689 2500 Platonis

909 2519 1036 2547 laudatur
1053 2519 1236 2554 Symposium,
1248 2519 1275 2547 in
1291 2527 1344 2554 quo
1358 2520 1391 2546 de
1404 2519 1503 2546 amoris
1518 2524 1616 2545 natura
1632 2517 1688 2545 dis-

909 2565 1020 2597 seritur,
1038 2565 1193 2600 conjectura
1213 2572 1265 2592 non
1280 2565 1346 2593 levis
1357 2565 1416 2600 capi
1432 2568 1530 2599 potest,
1543 2569 1686 2591 auctorem

908 2611 999 2646 operis
1016 2610 1096 2646 hujus
1119 2618 1180 2638 esse
1205 2609 1363 2645 Origenem,
1377 2611 1420 2638 cui
1436 2609 1553 2638 Platonis
1569 2609 1688 2644 disputa-

910 2657 997 2685 tiones
1013 2664 1077 2685 suos
1090 2656 1118 2684 in
1134 2663 1199 2684 usus
1207 2656 1493 2684 converteresolemuc
1505 2660 1557 2683 est.
1569 2653 1644 2688 Quod
1653 2652 1688 2681 ad

116 2751 141 2768 "
152 2751 255 2779 Erasm.
270 2751 296 2778 in
316 2750 423 2778 Censur.
438 2750 483 2777 lib.
499 2749 573 2785 Orig.
588 2751 822 2787 Magdeburgens.,
839 2755 944 2779 centur.
956 2752 984 2784 5,
999 2759 1059 2785 cap.
1072 2751 1116 2778 10.

112 2810 380 2849 (78)-Ωυεηιμέιιιίηα
403 2810 523 2846 Origenis
544 2811 624 2839 editio
647 2814 797 2849 neutiquam
825 2818 1002 2849 reprcuntat.
1029 2812 1106 2841 llunc
1132 2815 1356 2848 representamus
1380 2810 1407 2838 in
1432 2811 1558 2840 editionis
1587 2814 1688 2839 nostra

171 2846 202 2880 ιι,
217 2854 244 2881 p.
259 2845 322 2873 275.
