1908 3071
252 117 321 145 ων

878 117 908 145 Ρ.
931 117 1086 146 DANIELIS
1105 117 1221 146 HUETII

1792 122 1846 149 £229

251 183 347 204 vocum
364 177 481 209 illarum,
500 186 510 202 ι
524 176 636 209 amoris,
645 176 791 204 charitatis
800 197 809 210 ,
828 177 982 206 dilectionis
1006 182 1033 205 et
1046 181 1070 210 Α
1083 179 1199 206 ctionem
1214 179 1341 214 sextae)“
1349 180 1501 212 terentium.
1514 181 1547 208 ab
1556 180 1600 208 his
1613 180 1708 208 verbis
1720 189 1728 208 :
1740 180 1846 209 Conseri

251 223 386 258 cupidinis
401 232 411 249 ι
435 223 541 255 attinet,
566 223 622 250 haec
649 227 731 258 atque
754 223 806 250 alia
828 223 886 258 ejus
910 224 1030 259 generis,

251 276 312 303 quae
329 268 479 295 Romanum
494 268 653 302 scriptorem
669 267 788 302 sapiunt,
805 268 896 296 Rutilii
913 269 1032 303 perlidiat

251 315 400 341 debuerunt
426 313 537 341 ascribi.
559 313 643 346 Quale
666 313 732 341 illud
755 319 798 342 est
820 314 891 350 quod
906 315 1032 343 observat

248 359 385 387 Bohertus
398 358 485 387 Cocus
498 359 610 393 Anglus,
627 358 729 387 dixisse
738 365 878 387 auctorem
891 359 1032 388 Corumen-

251 404 312 432 tarii
335 404 424 439 hujus,
452 404 500 432 lib.
523 412 565 438 tu,
586 414 612 440 p.
638 405 694 433 76:
716 415 726 432 t
753 405 868 434 Verbum
891 406 938 433 Dei
961 405 1031 441 apud

249 451 358 478 Graecos
371 450 520 479 masculino
536 458 636 486 genere
658 451 784 486 proferri,
809 452 879 487 apud
892 460 943 480 nos
965 460 1032 479 neu-

250 503 292 524 tro
304 504 424 532 genere:
439 506 450 524 t
468 503 496 525 et
517 497 606 532 qualia
621 503 684 526 sunt
706 506 738 525 ea
762 498 822 526 loca
841 498 931 532 operis
954 498 1032 526 istius

250 544 284 571 de
301 543 399 578 quibus
414 543 451 570 ait
466 543 558 571 Bruno
573 544 769 571 Amerbachius
789 543 900 571 Praefat.
920 544 947 570 in
967 542 1031 570 Hie-

250 587 353 622 ronymi
368 592 433 614 tom.
451 587 495 614 γη
509 596 515 614 :
532 595 541 612 ι
558 587 638 615 Multa
656 593 718 615 sunt
732 596 790 622 qua:
804 587 893 615 Latini
909 587 1030 617 hominis

247 640 319 664 esse,
333 640 386 660 nou
399 631 496 665 Graeci,
510 633 696 667 comprobent.
715 642 724 658 ι
747 632 865 666 Quorum
885 632 1042 668 judicium,

249 682 278 704 ut
298 684 326 704 et
347 678 411 704 illud
430 678 554 706 Gulielmi
578 678 700 705 Perkinsi
721 678 756 710 ",
775 679 846 706 inter
871 678 981 713 rejicula
1003 684 1032 707 et

248 723 340 758 spuria
361 723 413 751 hoc
429 731 496 759 opus
526 724 705 758 recensentis,
733 725 832 753 merito
854 723 931 752 ﬂocci
961 723 1029 752 faci-

247 775 318 801 mus,

284 814 383 842 Praeter
397 815 472 850 parvi
495 815 559 842 ttuni
579 815 771 851 fragmentum,
785 819 813 843 et
828 815 933 850 amplas
945 822 960 842 e
977 814 1029 843 de-

1081 229 1142 252 sunt
1155 226 1189 252 ad
1207 225 1353 259 iniquitates
1368 231 1474 261 patrum
1488 227 1605 260 priorum
1616 226 1649 254 “.
1669 226 1775 254 Iamdiu
1797 236 1846 255 vero

1083 270 1109 297 in
1124 271 1165 298 his
1180 271 1299 299 homiliis
1313 279 1390 299 error
1403 272 1457 299 iste
1469 273 1596 300 inolevit:
1611 272 1720 300 codices
1731 272 1845 308 siquide

1082 324 1162 344 manu
1179 318 1281 345 exarati
1301 317 1468 346 bibliotheca:
1480 318 1570 354 Hegias
1584 318 1679 346 eadem
1695 318 1848 346 deformitate

1082 363 1166 389 vitiati
1182 368 1253 390 sunt.
1271 363 1372 399 Nempe
1387 364 1465 392 facile
1488 365 1600 400 contigit
1613 370 1643 392 ut
1659 364 1787 392 librarius
1803 366 1844 393 im-

1082 410 1200 444 prudens
1212 410 1246 437 ad
1261 410 1466 438 describendam
1488 416 1653 446 postremam
1679 416 1781 446 partem
1808 412 1848 439 ho-

1081 456 1162 483 milia:
1175 456 1299 492 Origenis
1311 457 1338 484 in
1350 456 1450 484 Isaiam
1466 464 1553 491 name,
1570 458 1603 485 ab
1615 457 1780 492 Hieronymo
1795 466 1848 486 con-

1080 509 1166 530 versa:
1178 503 1321 534 accedens,
1346 510 1411 531 casu
1426 503 1552 531 inciderit
1569 504 1596 530 in
1619 509 1782 539 postremam
1799 513 1848 538 par-

1082 553 1135 576 tem
1150 549 1266 577 homilize
1283 548 1409 585 Origenis
1422 549 1601 577 iuJemm‘am
1616 557 1707 584 nouae,
1718 549 1755 577 ab
1770 549 1848 578 Hiero-

1081 602 1163 630 nymo
1179 595 1271 622 itidem
1285 602 1432 623 conversas.
1448 595 1526 623 Unde
1538 603 1590 622 non
1607 595 1691 622 inane
1700 603 1803 630 quoque
1813 603 1848 623 sn-

1081 641 1163 667 mitur
1176 645 1365 675 argumentum
1385 640 1558 668 homiliarum
1580 641 1608 667 in
1631 639 1733 667 Isaiam
1752 648 1800 668 non
1812 648 1848 669 se-

1081 694 1129 714 cus
1141 686 1320 722 interpretem
1336 693 1396 715 esse
1414 686 1618 723 Hieronymum,
1642 693 1676 714 ac
1694 685 1847 714 homiliarum

1080 733 1107 760 is
1129 732 1282 760 Jeremiant.
1308 732 1434 761 Profecto
1459 740 1547 760 causae
1563 732 1614 760 fuit
1640 732 1688 760 hic
1711 739 1793 764 error,
1810 739 1848 759 cur

1079 783 1217 813 postrema
1242 786 1306 814 pars
1328 778 1447 807 humilia
1470 779 1498 806 in
1521 777 1624 805 Isaiam
1652 784 1734 806 nona)
1753 777 1847 805 interei-

1081 824 1161 851 derit.

246 868 306 888 θείη
323 862 401 889 “imis
415 861 539 895 lacinias.
565 862 624 889 άυὶθ
646 869 755 897 quoque
769 866 916 896 supersunt
940 862 1029 889 homi’
1044 855 1065 882 Β
1117 869 1161 896 IX.
1176 868 1383 897 Observavimus
1395 877 1478 905 supra
1488 869 1612 904 quinque
1635 872 1664 896 et
1689 868 1846 904 quadraginta

247 907 289 934 lia:
305 908 339 935 ab
351 907 514 943 Hieronymo
534 907 632 935 Latino
655 915 781 935 sermone
802 907 944 941 explicatas
967 916 977 933 t
997 907 1030 934 ll-

246 954 341 981 deliter
356 954 450 988 magis,
468 960 548 988 quam
560 958 666 985 ornate,
682 962 691 979 ι
712 957 742 980 ut
753 953 809 988 ipse
821 953 859 980 ait
873 953 899 980 in
913 952 1030 988 Prologo

246 1001 280 1027 ad
302 1000 456 1027 Damasum.
481 998 626 1039 Homiliam
651 999 770 1033 priorem
793 999 820 1025 in
850 1003 940 1034 partes
962 999 1030 1026 duas

246 1055 385 1082 perperam
400 1045 528 1074 Merliuus
544 1045 696 1077 dissecuit;
713 1045 829 1080 primam
850 1051 956 1079 partem
975 1045 1030 1080 epi-

245 1093 321 1120 stolae
336 1101 384 1127 pro
401 1092 561 1119 Pra-fatione
581 1091 736 1118 venditans.
757 1090 884 1118 Errorem
905 1091 1031 1118 viderunt

245 1138 373 1166 Erasmus
397 1143 425 1165 ct
447 1137 652 1169 Gcnebrardus,
679 1141 706 1164 et
727 1137 755 1164 in
791 1137 846 1164 suis
866 1137 1031 1164 editionibus

244 1189 439 1216 correxerunt;
454 1191 531 1219 parte
545 1188 656 1218 utraque
674 1183 699 1210 in
717 1190 798 1210 unutn
812 1182 966 1218 conjuncta.

282 1230 347 1258 Vlll.
363 1229 510 1265 Superiore
536 1230 657 1256 sectione
677 1228 797 1255 diximus
818 1228 960 1261 Origenem
981 1228 1030 1255 tri-

245 1276 318 1310 ginta
350 1275 544 1307 voluminibus,
577 1278 605 1302 et
635 1273 731 1309 viginti
760 1273 881 1309 quinque
909 1274 1031 1302 homiliis

244 1321 341 1350 Isaiam
355 1320 514 1356 explicasse.
536 1320 557 1348 Ε
570 1320 640 1348 libro
655 1321 742 1355 primo
768 1320 1029 1348 Commentariorum

244 1367 424 1402 fragmentum
450 1366 530 1394 aﬂ'ert
552 1366 708 1400 Pamphilus
729 1366 756 1394 in
779 1366 948 1400 Apologctico
962 1373 979 1398 ,;
1002 1371 1030 1394 et

245 1413 317 1440 aliud
333 1411 412 1447 paulo
424 1417 486 1447 post
496 1411 591 1439 elibro
607 1411 735 1439 vicesimo
751 1415 860 1439 octavo.
886 1411 925 1438 Ex
940 1411 1029 1439 homi-

245 1457 288 1485 liis
311 1462 455 1491 supersunt
475 1457 590 1484 omnino
611 1464 706 1484 novem
731 1457 758 1484 in
775 1457 895 1484 editione
919 1456 1026 1484 Latina.

244 1503 402 1537 luterpretis
417 1510 514 1530 nomen
537 1510 588 1530 non
613 1502 769 1534 aseribitur,
788 1509 867 1536 quem
893 1502 1026 1539 Hierony-

245 1556 318 1576 mum
333 1555 394 1576 esse
417 1547 658 1583 censeo.'ldipsum
673 1553 765 1576 censet
782 1548 922 1581 Erasmus,
933 1549 1028 1584 aitque

245 1594 436 1629 Hieronymum
462 1595 488 1622 in
518 1594 647 1629 Catalaga
682 1595 839 1629 scriptarum
868 1595 1025 1622 ecclesiasti-

244 1649 334 1668 carum
351 1640 429 1668 fateri
443 1648 472 1668 se
484 1640 537 1668 hoc
551 1640 733 1676 fragmentum
753 1640 866 1668 vertisse
889 1648 922 1668 ex
950 1641 1029 1669 Com-

245 1687 387 1715 mentariis
400 1686 526 1722 Origenis
541 1687 568 1713 in
582 1686 694 1714 Isaiam.
712 1687 841 1721 Equidem
854 1687 881 1714 id
895 1687 982 1715 solum
1001 1688 1026 1715 in

243 1741 277 1761 eo
295 1732 433 1768 Cataloge,
450 1740 511 1767 cap.
528 1732 590 1765 I55,
614 1733 731 1767 reperio,
756 1733 801 1760 ubi
816 1733 850 1760 de
864 1734 953 1768 seipso
972 1734 1028 1768 agit

244 1776 443 1814 Hieronymus:
471 1787 481 1804 ι
502 1779 529 1806 lu
542 1778 687 1806 Jeremiam
700 1783 727 1805 et
744 1778 769 1805 in
785 1778 955 1806 Ezechielem
980 1779 1028 1806 ho-

244 1825 333 1852 milias
349 1824 477 1859 Origeuis
489 1824 583 1859 viginti
596 1828 669 1856 octo,
689 1831 756 1858 quas
770 1824 803 1851 de
820 1823 916 1851 Graeco
928 1825 954 1851 in
975 1823 1028 1851 La-

244 1872 329 1897 tinum
344 1870 424 1902 verti,
438 1870 471 1897 de
483 1869 627 1904 Seraphim
641 1875 669 1897 et
682 1869 801 1897 Osanna.
817 1879 827 1896 ο
846 1870 926 1905 Atqui
943 1870 1027 1898 homi-

243 1917 339 1943 liarum
358 1923 418 1951 qua
434 1921 552 1948 exstant,
569 1916 643 1950 prior
654 1916 710 1951 agit
725 1917 758 1944 de
777 1916 940 1951 seraphimis
952 1922 1027 1944 stan-

244 1964 314 1990 tibus
331 1970 411 1997 super
428 1963 525 1990 solium
542 1962 647 1989 Domini
665 1962 740 1989 lsaia:
753 1970 793 1995 v1,
810 1963 839 1994 2,
854 1963 901 1990 sed
915 1962 974 1990 leve
985 1968 1027 1991 est

243 2009 296 2037 hoc
308 2013 508 2044 argumentum,
526 2008 559 2036 ad
578 2009 753 2043 probandum.
770 2009 837 2036 istas
859 2017 956 2037 novem
974 2009 1026 2037 ho-

243 2055 330 2083 milias
350 2055 543 2091 Hieronymum
566 2055 744 2083 convertisse.
767 2054 947 2084 Verisimilior
959 2056 1024 2084 mihi

241 2102 396 2136 conjectura
410 2102 518 2136 capitur
532 2108 566 2128 ex
583 2101 656 2136 stylo
667 2105 702 2138 .et
713 2108 746 2128 ex
765 2101 870 2128 delectu
897 2109 1026 2136 quarum-

242 2150 304 2176 dam
319 2148 479 2180 dictionum,
503 2155 572 2182 quas
588 2147 759 2181 frequentius
777 2147 827 2174 sibi
843 2147 1025 2183 Hieronymus

1079 916 1108 943 in
1121 915 1263 943 Jeremiam
1281 915 1405 943 homilias
1428 915 1574 950 Origenem
1600 915 1740 943 elimasse.
1762 914 1797 941 Ex
1814 915 1846 941 in-

1080 963 1152 997 genti
1175 962 1225 989 hac
1242 962 1414 989 homiliarum
1440 967 1514 989 strue
1538 960 1748 997 quatuordecim
1769 959 1846 987 Latine

1081 1008 1179 1035 refudit
1194 1008 1385 1044 Hieronymus.
1400 1013 1430 1036 ut
1443 1008 1500 1043 ipse
1517 1008 1553 1036 de
1568 1015 1598 1035 se
1622 1011 1741 1034 testatur
1755 1006 1778 1033 in
1793 1013 1846 1040 pra-

1080 1054 1181 1081 fatione
1194 1054 1365 1081 homiliarum
1377 1053 1500 1089 Origenis
1514 1054 1542 1080 in
1560 1053 1739 1084 Ezechielem,
1751 1057 1777 1080 et
1789 1052 1810 1079 in
1820 1051 1845 1078 li-

1080 1099 1129 1126 bro
1139 1098 1178 1125 De
1192 1099 1280 1133 script.
1294 1099 1398 1133 ποίει,
1413 1107 1474 1133 cap.
1489 1099 1550 1126 155.
1568 1098 1761 1126 Novemdecim
1771 1097 1846 1125 Grece

1079 1144 1163 1171 edidit
1174 1144 1314 1172 Balthasar
1324 1144 1492 1173 Corderiuse
1504 1145 1670 1173 Scorialensi
1692 1144 1846 1175 bibliotheca.

1080 1187 1212 1224 suamque
1234 1191 1488 1226 interpretationem
1515 1190 1654 1226 adiunxit.
1679 1189 1772 1226 Cyrilli
1796 1196 1847 1216 vero

1079 1236 1195 1272 prallxit
1213 1243 1321 1270 nomen,
1348 1236 1478 1272 deceptus
1503 1236 1537 1264 ab
1556 1237 1671 1271 antiquo
1691 1236 1790 1268 codice,
1810 1242 1847 1270 ομ

1081 1282 1152 1310 lima!
1170 1283 1334 1317 ceteroquin
1357 1287 1437 1310 notae.
1457 1281 1518 1310 Istae
1546 1283 1691 1310 nominum
1713 1286 1844 1309 commun-

1079 1329 1167 1356 tiones
1183 1336 1216 1356 ex
1230 1336 1264 1356 eo
1282 1328 1411 1357 oriuntur
1429 1336 1559 1363 persaepe,
1573 1329 1645 1363 quod
1664 1328 1692 1355 in
1708 1328 1775 1355 idem
1787 1334 1845 1354 com-

1079 1379 1156 1410 pacta
1181 1375 1304 1404 volumen
1337 1375 1453 1411 plurima
1482 1375 1619 1402 variorum
1645 1381 1744 1410 opera,
1765 1373 1844 1408 partim

1078 1427 1218 1449 auctorum
1243 1429 1353 1450 suorum
1369 1421 1499 1457 inscripta
1524 1420 1697 1454 nominibus,
1709 1419 1800 1456 partim
1810 1418 1845 1446 de-

1078 1466 1183 1500 stituta,
1199 1466 1325 1494 librarios
1347 1466 1427 1495 facile
1452 1467 1558 1500 fallant,
1581 1472 1724 1495 carentem
1747 1465 1845 1493 auctoris

1078 1513 1120 1540 sui
1137 1513 1244 1540 nomine
1263 1513 1438 1548 scriptionem
1454 1514 1488 1541 ad
1505 1513 1628 1541 eumdem
1654 1513 1789 1549 pertinere
1801 1520 1845 1540 cre-

1079 1559 1172 1586 dentes
1187 1564 1336 1593 auctorem,
1350 1559 1426 1595 cujus
1443 1568 1540 1588 nomen
1555 1568 1609 1596 prae
1624 1567 1657 1588 se
1676 1560 1730 1588 fert
1751 1559 1845 1593 scriptio

1078 1605 1199 1639 proxime
1222 1605 1397 1633 antecedens.
1422 1605 1479 1633 Non
1506 1606 1547 1633 his
1566 1613 1631 1633 vero
1656 1604 1845 1637 duntaxal,sed

1080 1650 1106 1677 in
1137 1650 1197 1678 aliis
1219 1650 1302 1678 etiam
1333 1651 1574 1685 lucubrationibus,
1604 1651 1735 1686 Origenis
1764 1657 1843 1678 nomen

1077 1703 1137 1723 cum
1154 1695 1247 1732 Cyrilli
1272 1698 1380 1725 nomine
1407 1699 1564 1733 permistum
1583 1705 1615 1725 ac
1642 1697 1786 1725 confusum
1799 1700 1842 1723 est.

1078 1740 1219 1769 Sexdecim
1242 1741 1366 1777 Origenis
1387 1743 1512 1771 homilias
1532 1744 1558 1770 in
1580 1742 1731 1771 Leoiticum
1751 1747 1845 1770 vetusta

1077 1786 1169 1821 Cyrilli
1189 1787 1288 1815 habent
1299 1788 1443 1821 editiones,
1457 1794 1483 1816 et
1497 1788 1598 1825 Cyrillo
1612 1789 1767 1816 ascribunt.
1781 1787 1845 1815 Com-

1077 1834 1237 1860 mentarium
1261 1834 1404 1869 quemdam
1432 1835 1460 1861 in
1488 1834 1609 1862 Marcum
1632 1835 1692 1870 (79)
1714 1842 1789 1870 quem
1803 1834 1843 1860 ali-

1076 1880 1183 1913 quando
1199 1887 1259 1907 cum
1274 1880 1327 1908 Deo
1342 1881 1442 1915 publici
1454 1881 1525 1915 juris
1539 1881 1675 1909 faciemus
1691 1881 1793 1916 Origeni
1806 1887 1842 1908 co-

1076 1925 1149 1952 dices
1168 1925 1288 1960 quidam,
1301 1926 1401 1962 Cyrillo
1415 1927 1546 1960 nonnulli,
1561 1927 1665 1955 Victori
1694 1927 1844 1955 Antiocheno

1076 1970 1120 1998 alii
1136 1971 1266 1999 tribuunt.
1283 1971 1475 2001 Novemdecim
1496 1974 1587 2008 itaque
1604 1973 1733 2001 homilias
1756 1972 1841 2008 Cyrillo

1075 2023 1217 2051 perperam
1233 2019 1366 2053 ascriptus
1381 2019 1543 2047 Adamantio
1556 2019 1842 2053 restituendasjudica-

1076 2069 1136 2088 mus
1150 2062 1202 2089 hoc
1216 2068 1388 2097 argumento,
1402 2065 1474 2098 quod
1488 2064 1558 2091 inter
1573 2063 1780 2098 quatuordecim
1797 2061 1834 2089 Ort'

1075 2106 1154 2141 genis
1168 2107 1293 2135 homilias
1313 2108 1348 2135 ab
1375 2107 1540 2143 Hieronymo
1554 2115 1701 2135 conversas
1719 2105 1841 2134 duodecim

1075 2159 1108 2178 ex
1129 2152 1161 2179 iis
1177 2153 1357 2187 reperiantur,
1370 2161 1438 2188 quas
1451 2153 1546 2181 Graece
1564 2152 1715 2181 Cordcrius
1740 2151 1841 2187 publica-

241 2196 375 2223 asciscere
394 2199 478 2227 amat,
499 2194 572 2229 quod
593 2194 725 2229 optimum
745 2198 788 2221 est
809 2194 1025 2222 internoscendis
1040 2202 1063 2230 ι)
1078 2198 1123 2224 vit.
1141 2198 1254 2226 Accedit
1272 2197 1393 2226 Vaticani
1409 2199 1511 2227 codicis
1523 2199 1687 2231 auctoritas.
1715 2199 1763 2226 has
1783 2197 1841 2230 ipsas

241 2241 420 2275 scriptoribus
451 2244 651 2275 argumentum.
684 2239 822 2267 Dictiones
851 2240 904 2267 illa:
932 2245 1021 2268 sunt:

244 2296 254 2312 ε
269 2287 428 2319 absconsus,
451 2286 613 2320 dominicus,
626 2286 833 2320 nuncupativus,
857 2286 1019 2321 principale:

240 2339 290 2366 pro
304 2338 338 2358 eo
353 2332 425 2366 quod
442 2337 484 2359 est
507 2331 538 2358 τὺ
559 2332 733 2367 ἡγεμονικόν,
758 2333 905 2367 principari
929 2332 1022 2366 alicui,

240 2378 407 2414 principalis.
431 2378 587 2413 prophetes,
613 2379 792 2413 repromitto,
830 2379 1021 2414 repromissio,

240 2425 445 2460 speculatorias,
462 2425 664 2460 turpiloquium,
679 2424 809 2457 Zabulus,
821 2431 919 2453 cuncta
935 2426 1024 2453 Evan-

239 2471 382 2506 geliorum,
398 2480 409 2498 ι
430 2470 539 2506 aliaque
556 2471 701 2505 ejusmodi.
716 2470 795 2499 Notet
811 2471 925 2507 diligens
937 2472 1022 2499 lector

241 2517 377 2544 homiliam
398 2524 496 2544 nonam
511 2516 633 2544 mutilam
646 2524 706 2544 esse
723 2516 749 2544 in
764 2517 927 2545 editionibus
940 2518 1027 2546 ,Μαι--

241 2563 298 2596 lini,
314 2564 419 2591 Erasini
442 2568 470 2591 et
483 2562 660 2596 Genebrardi,
672 2568 700 2591 et
711 2569 846 2598 postrema
859 2569 936 2599 parte
949 2568 1023 2591 trun-

240 2615 338 2643 catam,
360 2610 442 2644 eique
465 2609 619 2644 supplenda;
643 2609 791 2637 detractam
817 2610 899 2638 fuisse
914 2616 1022 2645 partem

240 2659 404 2688 postremam
428 2653 546 2682 humilia:
565 2661 643 2682 nonae
656 2654 743 2690 (juxta
760 2654 918 2690 Hieronymi
936 2656 1020 2684 colle-

1076 2244 1260 2271 novemdecim
1276 2245 1303 2271 in
1319 2243 1462 2272 Jeremiam
1476 2244 1601 2272 homilias
1617 2245 1732 2277 habens,
1751 2248 1775 2271 et
1792 2241 1841 2269 Ori-

1075 2289 1135 2324 geui
1150 2290 1305 2325 assignans.
1323 2290 1431 2326 Septem
1446 2298 1479 2318 ex
1494 2291 1546 2319 illis
1557 2291 1646 2318 emisit
1661 2291 1689 2318 in
1710 2290 1792 2317 lucem
1804 2287 1840 2314 lii-

1075 2334 1152 2362 chael
1174 2334 1323 2363 Ghislerius
1346 2336 1373 2363 in
1400 2340 1495 2364 catena
1513 2343 1561 2363 sua
1581 2336 1609 2362 in
1629 2335 1790 2366 Jemniant;
1805 2338 1840 2359 eat

1075 2380 1200 2408 nimirum
1213 2388 1273 2415 qua:
1288 2382 1314 2408 in
1330 2381 1547 2417 Hieronymianis
1572 2381 1698 2409 deerant.
1728 2379 1838 2407 Eumdem

1075 2425 1146 2453 inter
1158 2426 1217 2453 illas
1230 2427 1351 2455 ordinem
1365 2428 1441 2463 ponit
1452 2428 1536 2456 codex
1549 2432 1675 2462 uterque,
1692 2431 1770 2461 atque
1789 2430 1838 2451 eum

1075 2471 1237 2507 legitimum,
1259 2478 1286 2501 et
1308 2472 1433 2501 Jeremiae.
1451 2473 1516 2501 locis
1539 2480 1608 2508 quos
1625 2476 1764 2504 enarrant,
1789 2477 1838 2497 con-

1073 2523 1243 2546 sentaneum.
1253 2518 1319 2546 Nam
1332 2527 1412 2554 quem
1423 2520 1510 2546 tenuit
1521 2518 1712 2554 Hieronymus.
1724 2516 1837 2544 confusus

1073 2564 1118 2591 ille
1138 2569 1189 2596 est,
1209 2564 1250 2591 vel
1273 2566 1332 2600 ipso
1359 2564 1463 2592 fatente
1482 2573 1490 2592 :
1517 2574 1526 2591 ι
1546 2564 1652 2599 Itaque,
1673 2564 1768 2598 inquit,
1788 2563 1836 2596 post

1074 2611 1275 2645 quatuordecim
1288 2611 1412 2638 homilias
1431 2613 1459 2638 in
1476 2610 1629 2643 Jeremiam,
1655 2617 1724 2644 quas
1744 2607 1837 2643 jampri-

1074 2656 1135 2683 dem
1149 2656 1261 2684 coufuso
1276 2657 1370 2685 ordine
1385 2657 1578 2692 interpretatus
1593 2663 1663 2684 sum.
1681 2665 1692 2682 ι
1708 2654 1780 2683 Unde
1791 2659 1835 2680 ma-

275 2735 298 2751 "
314 2735 432 2764 Pcrkins.
451 2736 476 2763 in
492 2733 627 2763 Problem.
646 2735 677 2763 de
691 2735 812 2763 ementita
823 2734 888 2770 ﬁdei
901 2735 986 2771 .Rom.
1003 2735 1202 2765 Calhoticitmo.
1240 2737 1263 2754 "
1278 2736 1378 2766 Jerem.
1392 2745 1431 2772 xl,
1446 2737 1489 2765 l0.

256 2803 330 2843 ,(79)
345 2804 426 2838 Quem
458 2805 601 2841 aliquando
629 2814 688 2833 cum
711 2805 764 2834 Deo
792 2804 887 2840 publici
903 2803 975 2839 juris
1001 2802 1137 2838 faciemus.
1159 2804 1299 2842 Nunquam
1326 2806 1397 2835 hunc
1424 2807 1648 2836 commentarium
1673 2804 1754 2833 edidit
1776 2800 1827 2829 Hoc

243 2841 305 2865 lius.
