  <div class='ocr_page' id='page_1' title='image "/cluster/home/n/w/nwhite01/storage/ocr_20150623/17/njp.32101010944583/830.png"; bbox 0 0 1908 3071; ppageno 0'>
   <div class='ocr_carea' id='block_1_1' title="bbox 60 129 136 158">
    <p class='ocr_par' dir='ltr' id='par_1_1' title="bbox 60 129 136 158">
     <span class='ocr_line' id='line_1_1' title="bbox 60 129 136 158; baseline 0.013 -1"><span class='ocrx_word' id='word_1_1' title='bbox 60 129 136 158; x_wconf 66' lang='grc'><strong>1221</strong></span> 
     </span>
    </p>
   </div>
   <div class='ocr_carea' id='block_1_2' title="bbox 470 131 1229 168">
    <p class='ocr_par' dir='ltr' id='par_1_2' title="bbox 470 131 1229 168">
     <span class='ocr_line' id='line_1_2' title="bbox 470 131 1229 168; baseline 0.005 -8"><span class='ocrx_word' id='word_1_2' title='bbox 470 131 755 162; x_wconf 70' lang='lat' dir='ltr'><strong>ORIGENIANORUM</strong></span> <span class='ocrx_word' id='word_1_3' title='bbox 774 133 838 162; x_wconf 81' lang='lat' dir='ltr'><strong>LIB.</strong></span> <span class='ocrx_word' id='word_1_4' title='bbox 859 134 903 168; x_wconf 85' lang='lat' dir='ltr'><strong>Ill,</strong></span> <span class='ocrx_word' id='word_1_5' title='bbox 924 134 999 163; x_wconf 78' lang='lat' dir='ltr'><strong>CAP.</strong></span> <span class='ocrx_word' id='word_1_6' title='bbox 1018 135 1051 168; x_wconf 83' lang='lat' dir='ltr'><strong>ll.</strong></span> <span class='ocrx_word' id='word_1_7' title='bbox 1073 135 1170 164; x_wconf 65' lang='grc' dir='ltr'><strong>βεστ.</strong></span> <span class='ocrx_word' id='word_1_8' title='bbox 1185 136 1229 164; x_wconf 92' lang='lat' dir='ltr'><strong>lll.</strong></span> 
     </span>
    </p>
   </div>
   <div class='ocr_carea' id='block_1_3' title="bbox 1607 140 1677 168">
    <p class='ocr_par' dir='ltr' id='par_1_3' title="bbox 1607 140 1677 168">
     <span class='ocr_line' id='line_1_3' title="bbox 1607 140 1677 168; baseline 0.014 -1"><span class='ocrx_word' id='word_1_9' title='bbox 1607 140 1677 168; x_wconf 60' lang='grc' dir='ltr'>ηιξ</span> 
     </span>
    </p>
   </div>
   <div class='ocr_carea' id='block_1_4' title="bbox 62 184 1678 231">
    <p class='ocr_par' dir='ltr' id='par_1_4' title="bbox 62 184 1678 231">
     <span class='ocr_line' id='line_1_4' title="bbox 62 184 1678 231; baseline 0.008 -19"><span class='ocrx_word' id='word_1_10' title='bbox 62 184 198 213; x_wconf 73' lang='lat' dir='ltr'><strong>nifeslum</strong></span> <span class='ocrx_word' id='word_1_11' title='bbox 222 189 264 213; x_wconf 84' lang='lat' dir='ltr'><strong>est</strong></span> <span class='ocrx_word' id='word_1_12' title='bbox 289 185 383 214; x_wconf 85' lang='lat' dir='ltr'><strong>titulos</strong></span> <span class='ocrx_word' id='word_1_13' title='bbox 411 185 455 214; x_wconf 79' lang='lat' dir='ltr'><strong>bis</strong></span> <span class='ocrx_word' id='word_1_14' title='bbox 475 187 595 215; x_wconf 86' lang='lat' dir='ltr'><strong>homiliis</strong></span> <span class='ocrx_word' id='word_1_15' title='bbox 618 188 742 222; x_wconf 68' lang='lat' dir='ltr'><strong>[menses</strong></span> <span class='ocrx_word' id='word_1_16' title='bbox 754 188 846 217; x_wconf 82' lang='lat' dir='ltr'><strong>iliero-</strong></span> <span class='ocrx_word' id='word_1_17' title='bbox 860 194 922 225; x_wconf 73' lang='lat' dir='ltr'><strong>Ap.</strong></span> <span class='ocrx_word' id='word_1_18' title='bbox 941 190 1008 224; x_wconf 69' lang='lat'><strong>£66;</strong></span> <span class='ocrx_word' id='word_1_19' title='bbox 1034 191 1104 218; x_wconf 84' lang='lat' dir='ltr'><strong>aliud</strong></span> <span class='ocrx_word' id='word_1_20' title='bbox 1125 199 1157 219; x_wconf 82' lang='lat' dir='ltr'><strong>ex</strong></span> <span class='ocrx_word' id='word_1_21' title='bbox 1181 193 1275 220; x_wconf 83' lang='lat' dir='ltr'><strong>eodem</strong></span> <span class='ocrx_word' id='word_1_22' title='bbox 1298 192 1331 220; x_wconf 85' lang='lat' dir='ltr'><strong>ad</strong></span> <span class='ocrx_word' id='word_1_23' title='bbox 1349 201 1409 229; x_wconf 80' lang='lat' dir='ltr'><strong>cap.</strong></span> <span class='ocrx_word' id='word_1_24' title='bbox 1433 193 1480 228; x_wconf 67' lang='lat'><strong>13,</strong></span> <span class='ocrx_word' id='word_1_25' title='bbox 1503 200 1584 231; x_wconf 84' lang='lat' dir='ltr'><strong>atque</strong></span> <span class='ocrx_word' id='word_1_26' title='bbox 1606 198 1678 226; x_wconf 85' lang='lat' dir='ltr'><strong>aliud</strong></span> 
     </span>
    </p>
   </div>
   <div class='ocr_carea' id='block_1_5' title="bbox 58 232 848 268">
    <p class='ocr_par' dir='ltr' id='par_1_5' title="bbox 58 232 848 268">
     <span class='ocr_line' id='line_1_5' title="bbox 58 232 848 268; baseline 0.005 -10"><span class='ocrx_word' id='word_1_27' title='bbox 58 238 143 267; x_wconf 88' lang='lat' dir='ltr'><strong>nymi</strong></span> <span class='ocrx_word' id='word_1_28' title='bbox 171 239 224 259; x_wconf 92' lang='lat' dir='ltr'><strong>non</strong></span> <span class='ocrx_word' id='word_1_29' title='bbox 253 238 322 259; x_wconf 87' lang='lat' dir='ltr'><strong>esse.</strong></span> <span class='ocrx_word' id='word_1_30' title='bbox 343 233 384 259; x_wconf 81' lang='lat' dir='ltr'><strong>Ad</strong></span> <span class='ocrx_word' id='word_1_31' title='bbox 409 232 467 260; x_wconf 69' lang='lat' dir='ltr'><strong>haec</strong></span> <span class='ocrx_word' id='word_1_32' title='bbox 487 233 666 268; x_wconf 72' lang='lat' dir='ltr'><strong>fragmentum</strong></span> <span class='ocrx_word' id='word_1_33' title='bbox 687 241 720 261; x_wconf 89' lang='lat' dir='ltr'><strong>ex</strong></span> <span class='ocrx_word' id='word_1_34' title='bbox 738 235 848 262; x_wconf 86' lang='lat' dir='ltr'><strong>homilia</strong></span> 
     </span>
    </p>
   </div>
   <div class='ocr_carea' id='block_1_6' title="bbox 60 277 848 312">
    <p class='ocr_par' dir='ltr' id='par_1_6' title="bbox 60 277 848 312">
     <span class='ocr_line' id='line_1_6' title="bbox 60 277 848 312; baseline 0.004 -8"><span class='ocrx_word' id='word_1_35' title='bbox 60 277 206 305; x_wconf 86' lang='lat' dir='ltr'><strong>tricesima</strong></span> <span class='ocrx_word' id='word_1_36' title='bbox 232 284 314 312; x_wconf 87' lang='lat' dir='ltr'><strong>nona,</strong></span> <span class='ocrx_word' id='word_1_37' title='bbox 343 277 432 312; x_wconf 97' lang='lat' dir='ltr'><strong>capite</strong></span> <span class='ocrx_word' id='word_1_38' title='bbox 459 278 564 306; x_wconf 87' lang='lat' dir='ltr'><strong>decimo</strong></span> <span class='ocrx_word' id='word_1_39' title='bbox 588 278 743 307; x_wconf 63' lang='lat' dir='ltr'><strong>Philae-alite</strong></span> <span class='ocrx_word' id='word_1_40' title='bbox 771 279 848 307; x_wconf 89' lang='lat' dir='ltr'><strong>exhi-</strong></span> 
     </span>
    </p>
   </div>
   <div class='ocr_carea' id='block_1_7' title="bbox 58 324 156 352">
    <p class='ocr_par' dir='ltr' id='par_1_7' title="bbox 58 324 156 352">
     <span class='ocr_line' id='line_1_7' title="bbox 58 324 156 352; baseline 0.01 -1"><span class='ocrx_word' id='word_1_41' title='bbox 58 324 156 352; x_wconf 85' lang='lat' dir='ltr'><strong>betur.</strong></span> 
     </span>
    </p>
   </div>
   <div class='ocr_carea' id='block_1_8' title="bbox 98 368 847 407">
    <p class='ocr_par' dir='ltr' id='par_1_8' title="bbox 98 368 847 407">
     <span class='ocr_line' id='line_1_8' title="bbox 98 368 847 407; baseline 0.003 -11"><span class='ocrx_word' id='word_1_42' title='bbox 98 368 137 397; x_wconf 75' lang='grc' dir='ltr'><strong>Χ.</strong></span> <span class='ocrx_word' id='word_1_43' title='bbox 156 368 232 396; x_wconf 90' lang='lat' dir='ltr'><strong>Tomi</strong></span> <span class='ocrx_word' id='word_1_44' title='bbox 254 369 376 405; x_wconf 89' lang='lat' dir='ltr'><strong>Origenis</strong></span> <span class='ocrx_word' id='word_1_45' title='bbox 398 371 424 397; x_wconf 87' lang='lat' dir='ltr'><strong>in</strong></span> <span class='ocrx_word' id='word_1_46' title='bbox 439 370 601 398; x_wconf 73' lang='lat' dir='ltr'><strong>Eurhielem</strong></span> <span class='ocrx_word' id='word_1_47' title='bbox 619 371 739 399; x_wconf 75' lang='lat' dir='ltr'><strong>vicesimi</strong></span> <span class='ocrx_word' id='word_1_48' title='bbox 762 371 847 407; x_wconf 85' lang='lat' dir='ltr'><strong>parti-</strong></span> 
     </span>
    </p>
   </div>
   <div class='ocr_carea' id='block_1_9' title="bbox 57 415 846 452">
    <p class='ocr_par' dir='ltr' id='par_1_9' title="bbox 57 415 846 452">
     <span class='ocr_line' id='line_1_9' title="bbox 57 415 846 452; baseline 0.004 -10"><span class='ocrx_word' id='word_1_49' title='bbox 57 415 126 442; x_wconf 87' lang='lat' dir='ltr'><strong>cula</strong></span> <span class='ocrx_word' id='word_1_50' title='bbox 145 415 258 450; x_wconf 89' lang='lat' dir='ltr'><strong>quadam</strong></span> <span class='ocrx_word' id='word_1_51' title='bbox 272 420 375 444; x_wconf 84' lang='lat' dir='ltr'><strong>constat</strong></span> <span class='ocrx_word' id='word_1_52' title='bbox 396 417 565 445; x_wconf 90' lang='lat' dir='ltr'><strong>undecimum</strong></span> <span class='ocrx_word' id='word_1_53' title='bbox 582 416 736 445; x_wconf 74' lang='lat' dir='ltr'><strong>Philocaliiz</strong></span> <span class='ocrx_word' id='word_1_54' title='bbox 758 421 846 452; x_wconf 89' lang='lat' dir='ltr'><strong>caput.</strong></span> 
     </span>
    </p>
   </div>
   <div class='ocr_carea' id='block_1_10' title="bbox 56 458 848 496">
    <p class='ocr_par' dir='ltr' id='par_1_10' title="bbox 56 458 848 496">
     <span class='ocr_line' id='line_1_10' title="bbox 56 458 848 496; baseline 0.005 -10"><span class='ocrx_word' id='word_1_55' title='bbox 56 458 245 496; x_wconf 79' lang='lat' dir='ltr'><strong>Hieronymus</strong></span> <span class='ocrx_word' id='word_1_56' title='bbox 266 468 331 488; x_wconf 86' lang='lat' dir='ltr'><strong>vero</strong></span> <span class='ocrx_word' id='word_1_57' title='bbox 353 463 557 496; x_wconf 88' lang='lat' dir='ltr'><strong>qualuordecim</strong></span> <span class='ocrx_word' id='word_1_58' title='bbox 581 462 700 496; x_wconf 84' lang='lat' dir='ltr'><strong>ejusdem</strong></span> <span class='ocrx_word' id='word_1_59' title='bbox 724 463 848 490; x_wconf 83' lang='lat' dir='ltr'><strong>homilias</strong></span> 
     </span>
    </p>
   </div>
   <div class='ocr_carea' id='block_1_11' title="bbox 57 505 846 542">
    <p class='ocr_par' dir='ltr' id='par_1_11' title="bbox 57 505 846 542">
     <span class='ocr_line' id='line_1_11' title="bbox 57 505 846 542; baseline 0.003 -10"><span class='ocrx_word' id='word_1_60' title='bbox 57 505 88 532; x_wconf 88' lang='lat' dir='ltr'><strong>in</strong></span> <span class='ocrx_word' id='word_1_61' title='bbox 105 505 179 532; x_wconf 89' lang='lat' dir='ltr'><strong>hunc</strong></span> <span class='ocrx_word' id='word_1_62' title='bbox 192 505 276 540; x_wconf 82' lang='lat' dir='ltr'><strong>ipsum</strong></span> <span class='ocrx_word' id='word_1_63' title='bbox 291 506 449 541; x_wconf 84' lang='lat' dir='ltr'><strong>prophetam</strong></span> <span class='ocrx_word' id='word_1_64' title='bbox 464 506 590 535; x_wconf 81' lang='lat' dir='ltr'><strong>Romanis</strong></span> <span class='ocrx_word' id='word_1_65' title='bbox 601 507 690 535; x_wconf 85' lang='lat' dir='ltr'><strong>verbis</strong></span> <span class='ocrx_word' id='word_1_66' title='bbox 703 507 846 542; x_wconf 87' lang='lat' dir='ltr'><strong>expressit.</strong></span> 
     </span>
    </p>
   </div>
   <div class='ocr_carea' id='block_1_12' title="bbox 58 549 846 586">
    <p class='ocr_par' dir='ltr' id='par_1_12' title="bbox 58 549 846 586">
     <span class='ocr_line' id='line_1_12' title="bbox 58 549 846 586; baseline 0.004 -9"><span class='ocrx_word' id='word_1_67' title='bbox 58 549 157 578; x_wconf 83' lang='lat' dir='ltr'><strong>Testis</strong></span> <span class='ocrx_word' id='word_1_68' title='bbox 172 550 302 586; x_wconf 75' lang='lat' dir='ltr'><strong>Prologus</strong></span> <span class='ocrx_word' id='word_1_69' title='bbox 324 551 351 579; x_wconf 91' lang='lat' dir='ltr'><strong>in</strong></span> <span class='ocrx_word' id='word_1_70' title='bbox 366 559 460 579; x_wconf 90' lang='lat' dir='ltr'><strong>earum</strong></span> <span class='ocrx_word' id='word_1_71' title='bbox 479 552 652 580; x_wconf 88' lang='lat' dir='ltr'><strong>homiliarum</strong></span> <span class='ocrx_word' id='word_1_72' title='bbox 665 553 753 580; x_wconf 78' lang='lat' dir='ltr'><strong>fronte</strong></span> <span class='ocrx_word' id='word_1_73' title='bbox 766 552 846 580; x_wconf 90' lang='lat' dir='ltr'><strong>collo-</strong></span> 
     </span>
    </p>
   </div>
   <div class='ocr_carea' id='block_1_13' title="bbox 55 596 845 633">
    <p class='ocr_par' dir='ltr' id='par_1_13' title="bbox 55 596 845 633">
     <span class='ocr_line' id='line_1_13' title="bbox 55 596 845 633; baseline 0.003 -10"><span class='ocrx_word' id='word_1_74' title='bbox 55 602 162 623; x_wconf 78' lang='lat' dir='ltr'><strong>catus;</strong></span> <span class='ocrx_word' id='word_1_75' title='bbox 178 596 255 624; x_wconf 87' lang='lat' dir='ltr'><strong>testis</strong></span> <span class='ocrx_word' id='word_1_76' title='bbox 267 602 294 624; x_wconf 91' lang='lat' dir='ltr'><strong>et</strong></span> <span class='ocrx_word' id='word_1_77' title='bbox 311 597 380 625; x_wconf 87' lang='lat' dir='ltr'><strong>liber</strong></span> <span class='ocrx_word' id='word_1_78' title='bbox 394 597 432 625; x_wconf 74' lang='lat' dir='ltr'><strong>De</strong></span> <span class='ocrx_word' id='word_1_79' title='bbox 454 599 575 632; x_wconf 79' lang='lat' dir='ltr'><strong>scriptor.</strong></span> <span class='ocrx_word' id='word_1_80' title='bbox 586 599 691 631; x_wconf 67' lang='grc' dir='ltr'><strong>ποια..</strong></span> <span class='ocrx_word' id='word_1_81' title='bbox 710 606 770 633; x_wconf 97' lang='lat' dir='ltr'><strong>cap.</strong></span> <span class='ocrx_word' id='word_1_82' title='bbox 784 598 845 632; x_wconf 74' lang='lat'><strong>146,</strong></span> 
     </span>
    </p>
   </div>
   <div class='ocr_carea' id='block_1_14' title="bbox 56 642 846 678">
    <p class='ocr_par' dir='ltr' id='par_1_14' title="bbox 56 642 846 678">
     <span class='ocr_line' id='line_1_14' title="bbox 56 642 846 678; baseline 0.003 -9"><span class='ocrx_word' id='word_1_83' title='bbox 56 643 142 670; x_wconf 87' lang='lat' dir='ltr'><strong>testis</strong></span> <span class='ocrx_word' id='word_1_84' title='bbox 163 650 269 678; x_wconf 89' lang='lat' dir='ltr'><strong>quoque</strong></span> <span class='ocrx_word' id='word_1_85' title='bbox 283 642 405 676; x_wconf 81' lang='lat' dir='ltr'><strong>Ruﬁnus,</strong></span> <span class='ocrx_word' id='word_1_86' title='bbox 428 644 526 671; x_wconf 92' lang='lat' dir='ltr'><strong>invect.</strong></span> <span class='ocrx_word' id='word_1_87' title='bbox 538 644 566 677; x_wconf 78' lang='lat'><strong>2,</strong></span> <span class='ocrx_word' id='word_1_88' title='bbox 579 644 624 678; x_wconf 90' lang='lat' dir='ltr'><strong>qui</strong></span> <span class='ocrx_word' id='word_1_89' title='bbox 639 649 665 671; x_wconf 91' lang='lat' dir='ltr'><strong>el</strong></span> <span class='ocrx_word' id='word_1_90' title='bbox 681 644 714 672; x_wconf 86' lang='lat' dir='ltr'><strong>ad</strong></span> <span class='ocrx_word' id='word_1_91' title='bbox 729 644 846 672; x_wconf 80' lang='lat' dir='ltr'><strong>Vincen-</strong></span> 
     </span>
    </p>
   </div>
   <div class='ocr_carea' id='block_1_15' title="bbox 55 687 846 724">
    <p class='ocr_par' dir='ltr' id='par_1_15' title="bbox 55 687 846 724">
     <span class='ocr_line' id='line_1_15' title="bbox 55 687 846 724; baseline 0.003 -9"><span class='ocrx_word' id='word_1_92' title='bbox 55 688 130 715; x_wconf 90' lang='lat' dir='ltr'><strong>tium</strong></span> <span class='ocrx_word' id='word_1_93' title='bbox 144 687 286 723; x_wconf 86' lang='lat' dir='ltr'><strong>Prologum</strong></span> <span class='ocrx_word' id='word_1_94' title='bbox 300 689 429 724; x_wconf 84' lang='lat' dir='ltr'><strong>scriptum</strong></span> <span class='ocrx_word' id='word_1_95' title='bbox 444 689 528 717; x_wconf 80' lang='lat' dir='ltr'><strong>fuisse</strong></span> <span class='ocrx_word' id='word_1_96' title='bbox 541 690 629 717; x_wconf 86' lang='lat' dir='ltr'><strong>docet.</strong></span> <span class='ocrx_word' id='word_1_97' title='bbox 648 689 765 717; x_wconf 82' lang='lat' dir='ltr'><strong>Miratur</strong></span> <span class='ocrx_word' id='word_1_98' title='bbox 781 690 846 717; x_wconf 86' lang='lat' dir='ltr'><strong>Era-</strong></span> 
     </span>
    </p>
   </div>
   <div class='ocr_carea' id='block_1_16' title="bbox 52 732 846 770">
    <p class='ocr_par' dir='ltr' id='par_1_16' title="bbox 52 732 846 770">
     <span class='ocr_line' id='line_1_16' title="bbox 52 732 846 770; baseline 0.004 -11"><span class='ocrx_word' id='word_1_99' title='bbox 52 740 138 760; x_wconf 82' lang='lat' dir='ltr'><strong>smus</strong></span> <span class='ocrx_word' id='word_1_100' title='bbox 154 733 180 760; x_wconf 89' lang='lat' dir='ltr'><strong>in</strong></span> <span class='ocrx_word' id='word_1_101' title='bbox 199 733 309 760; x_wconf 62' lang='grc' dir='ltr'><strong>(ἔωσαν.</strong></span> <span class='ocrx_word' id='word_1_102' title='bbox 329 733 376 760; x_wconf 82' lang='lat' dir='ltr'><strong>lib.</strong></span> <span class='ocrx_word' id='word_1_103' title='bbox 390 732 510 768; x_wconf 80' lang='lat' dir='ltr'><strong>0rigen.,</strong></span> <span class='ocrx_word' id='word_1_104' title='bbox 524 734 588 769; x_wconf 91' lang='lat' dir='ltr'><strong>quid</strong></span> <span class='ocrx_word' id='word_1_105' title='bbox 609 734 701 761; x_wconf 90' lang='lat' dir='ltr'><strong>sitcur</strong></span> <span class='ocrx_word' id='word_1_106' title='bbox 714 734 846 770; x_wconf 84' lang='lat' dir='ltr'><strong>Hierony-</strong></span> 
     </span>
    </p>
   </div>
   <div class='ocr_carea' id='block_1_17' title="bbox 55 778 846 813">
    <p class='ocr_par' dir='ltr' id='par_1_17' title="bbox 55 778 846 813">
     <span class='ocr_line' id='line_1_17' title="bbox 55 778 846 813; baseline 0.001 -8"><span class='ocrx_word' id='word_1_107' title='bbox 55 785 132 810; x_wconf 89' lang='lat' dir='ltr'><strong>mus,</strong></span> <span class='ocrx_word' id='word_1_108' title='bbox 146 778 214 806; x_wconf 88' lang='lat' dir='ltr'><strong>alias</strong></span> <span class='ocrx_word' id='word_1_109' title='bbox 226 779 321 806; x_wconf 86' lang='lat' dir='ltr'><strong>creber</strong></span> <span class='ocrx_word' id='word_1_110' title='bbox 340 778 559 813; x_wconf 55' lang='lat' dir='ltr'><strong>palationibus,</strong></span> <span class='ocrx_word' id='word_1_111' title='bbox 581 779 648 806; x_wconf 85' lang='lat' dir='ltr'><strong>nihil</strong></span> <span class='ocrx_word' id='word_1_112' title='bbox 669 781 702 806; x_wconf 90' lang='lat' dir='ltr'><strong>ad</strong></span> <span class='ocrx_word' id='word_1_113' title='bbox 722 779 846 807; x_wconf 85' lang='lat' dir='ltr'><strong>homilias</strong></span> 
     </span>
    </p>
   </div>
   <div class='ocr_carea' id='block_1_18' title="bbox 52 823 846 860">
    <p class='ocr_par' dir='ltr' id='par_1_18' title="bbox 52 823 846 860">
     <span class='ocr_line' id='line_1_18' title="bbox 52 823 846 860; baseline 0.001 -9"><span class='ocrx_word' id='word_1_114' title='bbox 52 824 86 851; x_wconf 81' lang='lat' dir='ltr'><strong>in</strong></span> <span class='ocrx_word' id='word_1_115' title='bbox 104 823 206 851; x_wconf 81' lang='lat' dir='ltr'><strong>Isaiam</strong></span> <span class='ocrx_word' id='word_1_116' title='bbox 237 828 264 851; x_wconf 90' lang='lat' dir='ltr'><strong>et</strong></span> <span class='ocrx_word' id='word_1_117' title='bbox 278 824 419 851; x_wconf 71' lang='lat' dir='ltr'><strong>Jersmiam</strong></span> <span class='ocrx_word' id='word_1_118' title='bbox 440 831 455 850; x_wconf 88' lang='lat' dir='ltr'><strong>a</strong></span> <span class='ocrx_word' id='word_1_119' title='bbox 477 832 506 852; x_wconf 84' lang='lat' dir='ltr'><strong>se</strong></span> <span class='ocrx_word' id='word_1_120' title='bbox 527 824 623 852; x_wconf 82' lang='lat' dir='ltr'><strong>Latine</strong></span> <span class='ocrx_word' id='word_1_121' title='bbox 638 825 757 852; x_wconf 86' lang='lat' dir='ltr'><strong>redditas</strong></span> <span class='ocrx_word' id='word_1_122' title='bbox 778 832 846 860; x_wconf 69' lang='lat' dir='ltr'><strong>prie-</strong></span> 
     </span>
    </p>
   </div>
   <div class='ocr_carea' id='block_1_19' title="bbox 902 237 1679 275">
    <p class='ocr_par' dir='ltr' id='par_1_19' title="bbox 902 237 1679 275">
     <span class='ocr_line' id='line_1_19' title="bbox 902 237 1679 275; baseline 0.01 -12"><span class='ocrx_word' id='word_1_123' title='bbox 902 237 965 264; x_wconf 83' lang='lat' dir='ltr'><strong>ilem</strong></span> <span class='ocrx_word' id='word_1_124' title='bbox 991 238 1093 272; x_wconf 69' lang='lat' dir='ltr'><strong>p.167,</strong></span> <span class='ocrx_word' id='word_1_125' title='bbox 1114 246 1147 265; x_wconf 84' lang='lat' dir='ltr'><strong>ex</strong></span> <span class='ocrx_word' id='word_1_126' title='bbox 1171 239 1265 266; x_wconf 83' lang='lat' dir='ltr'><strong>iisdem</strong></span> <span class='ocrx_word' id='word_1_127' title='bbox 1290 240 1508 275; x_wconf 82' lang='lat' dir='ltr'><strong>Expositiunihus</strong></span> <span class='ocrx_word' id='word_1_128' title='bbox 1529 244 1557 270; x_wconf 83' lang='lat' dir='ltr'><strong>in</strong></span> <span class='ocrx_word' id='word_1_129' title='bbox 1584 244 1679 272; x_wconf 78' lang='lat' dir='ltr'><strong>Matth.</strong></span> 
     </span>
    </p>
   </div>
   <div class='ocr_carea' id='block_1_20' title="bbox 900 283 1681 323">
    <p class='ocr_par' dir='ltr' id='par_1_20' title="bbox 900 283 1681 323">
     <span class='ocr_line' id='line_1_20' title="bbox 900 283 1681 323; baseline 0.009 -13"><span class='ocrx_word' id='word_1_130' title='bbox 900 283 976 317; x_wconf 84' lang='lat' dir='ltr'><strong>cujus</strong></span> <span class='ocrx_word' id='word_1_131' title='bbox 989 283 1075 311; x_wconf 92' lang='lat' dir='ltr'><strong>locum</strong></span> <span class='ocrx_word' id='word_1_132' title='bbox 1092 292 1145 312; x_wconf 91' lang='lat' dir='ltr'><strong>non</strong></span> <span class='ocrx_word' id='word_1_133' title='bbox 1164 284 1273 312; x_wconf 84' lang='lat' dir='ltr'><strong>indicat.</strong></span> <span class='ocrx_word' id='word_1_134' title='bbox 1287 285 1431 321; x_wconf 84' lang='lat' dir='ltr'><strong>lndiligeus</strong></span> <span class='ocrx_word' id='word_1_135' title='bbox 1449 288 1569 323; x_wconf 78' lang='lat' dir='ltr'><strong>proiecto</strong></span> <span class='ocrx_word' id='word_1_136' title='bbox 1584 289 1681 317; x_wconf 85' lang='lat' dir='ltr'><strong>Buleu-</strong></span> 
     </span>
    </p>
   </div>
   <div class='ocr_carea' id='block_1_21' title="bbox 899 330 1679 366">
    <p class='ocr_par' dir='ltr' id='par_1_21' title="bbox 899 330 1679 366">
     <span class='ocr_line' id='line_1_21' title="bbox 899 330 1679 366; baseline 0.009 -11"><span class='ocrx_word' id='word_1_137' title='bbox 899 336 990 364; x_wconf 84' lang='lat' dir='ltr'><strong>genis,</strong></span> <span class='ocrx_word' id='word_1_138' title='bbox 1011 330 1055 364; x_wconf 90' lang='lat' dir='ltr'><strong>qui</strong></span> <span class='ocrx_word' id='word_1_139' title='bbox 1074 330 1144 357; x_wconf 86' lang='lat' dir='ltr'><strong>unde</strong></span> <span class='ocrx_word' id='word_1_140' title='bbox 1165 331 1222 358; x_wconf 69' lang='lat' dir='ltr'><strong>haec</strong></span> <span class='ocrx_word' id='word_1_141' title='bbox 1247 331 1371 359; x_wconf 79' lang='lat' dir='ltr'><strong>habuerit</strong></span> <span class='ocrx_word' id='word_1_142' title='bbox 1394 333 1456 366; x_wconf 86' lang='lat' dir='ltr'><strong>sibi,</strong></span> <span class='ocrx_word' id='word_1_143' title='bbox 1475 334 1602 362; x_wconf 83' lang='lat' dir='ltr'><strong>lectorem</strong></span> <span class='ocrx_word' id='word_1_144' title='bbox 1626 343 1679 362; x_wconf 82' lang='lat' dir='ltr'><strong>non</strong></span> 
     </span>
    </p>
   </div>
   <div class='ocr_carea' id='block_1_22' title="bbox 900 375 1677 414">
    <p class='ocr_par' dir='ltr' id='par_1_22' title="bbox 900 375 1677 414">
     <span class='ocr_line' id='line_1_22' title="bbox 900 375 1677 414; baseline 0.009 -12"><span class='ocrx_word' id='word_1_145' title='bbox 900 375 1015 402; x_wconf 87' lang='lat' dir='ltr'><strong>monuit.</strong></span> <span class='ocrx_word' id='word_1_146' title='bbox 1037 376 1078 403; x_wconf 86' lang='lat' dir='ltr'><strong>An</strong></span> <span class='ocrx_word' id='word_1_147' title='bbox 1101 383 1134 404; x_wconf 72' lang='lat' dir='ltr'><strong>ex</strong></span> <span class='ocrx_word' id='word_1_148' title='bbox 1157 376 1252 403; x_wconf 82' lang='lat' dir='ltr'><strong>codice</strong></span> <span class='ocrx_word' id='word_1_149' title='bbox 1277 377 1369 412; x_wconf 86' lang='lat' dir='ltr'><strong>aliquo</strong></span> <span class='ocrx_word' id='word_1_150' title='bbox 1387 387 1465 406; x_wconf 81' lang='lat' dir='ltr'><strong>manu</strong></span> <span class='ocrx_word' id='word_1_151' title='bbox 1487 381 1610 414; x_wconf 81' lang='lat' dir='ltr'><strong>scripto?</strong></span> <span class='ocrx_word' id='word_1_152' title='bbox 1631 383 1677 409; x_wconf 79' lang='lat' dir='ltr'><strong>vix</strong></span> 
     </span>
    </p>
   </div>
   <div class='ocr_carea' id='block_1_23' title="bbox 901 421 1681 461">
    <p class='ocr_par' dir='ltr' id='par_1_23' title="bbox 901 421 1681 461">
     <span class='ocr_line' id='line_1_23' title="bbox 901 421 1681 461; baseline 0.01 -14"><span class='ocrx_word' id='word_1_153' title='bbox 901 421 981 448; x_wconf 80' lang='lat' dir='ltr'><strong>credo</strong></span> <span class='ocrx_word' id='word_1_154' title='bbox 995 430 1001 448; x_wconf 92' lang='lat'>:</span> <span class='ocrx_word' id='word_1_155' title='bbox 1019 429 1079 448; x_wconf 88' lang='lat' dir='ltr'><strong>nam</strong></span> <span class='ocrx_word' id='word_1_156' title='bbox 1094 421 1248 457; x_wconf 86' lang='lat' dir='ltr'><strong>quicunque</strong></span> <span class='ocrx_word' id='word_1_157' title='bbox 1268 423 1347 450; x_wconf 84' lang='lat' dir='ltr'><strong>hodie</strong></span> <span class='ocrx_word' id='word_1_158' title='bbox 1361 429 1514 458; x_wconf 85' lang='lat' dir='ltr'><strong>supersunt,</strong></span> <span class='ocrx_word' id='word_1_159' title='bbox 1528 427 1681 461; x_wconf 77' lang='lat' dir='ltr'><strong>quicunque</strong></span> 
     </span>
    </p>
   </div>
   <div class='ocr_carea' id='block_1_24' title="bbox 901 466 1680 506">
    <p class='ocr_par' dir='ltr' id='par_1_24' title="bbox 901 466 1680 506">
     <span class='ocr_line' id='line_1_24' title="bbox 901 466 1680 506; baseline 0.01 -14"><span class='ocrx_word' id='word_1_160' title='bbox 901 471 974 493; x_wconf 88' lang='lat' dir='ltr'><strong>certe</strong></span> <span class='ocrx_word' id='word_1_161' title='bbox 989 466 1053 493; x_wconf 92' lang='lat' dir='ltr'><strong>mihi</strong></span> <span class='ocrx_word' id='word_1_162' title='bbox 1069 474 1120 494; x_wconf 92' lang='lat' dir='ltr'><strong>non</strong></span> <span class='ocrx_word' id='word_1_163' title='bbox 1141 472 1215 498; x_wconf 87' lang='lat' dir='ltr'><strong>sunt.</strong></span> <span class='ocrx_word' id='word_1_164' title='bbox 1228 468 1270 494; x_wconf 91' lang='lat' dir='ltr'><strong>vel</strong></span> <span class='ocrx_word' id='word_1_165' title='bbox 1287 476 1301 494; x_wconf 91' lang='lat' dir='ltr'><strong>a</strong></span> <span class='ocrx_word' id='word_1_166' title='bbox 1318 469 1423 496; x_wconf 81' lang='lat' dir='ltr'><strong>decimo</strong></span> <span class='ocrx_word' id='word_1_167' title='bbox 1439 471 1518 498; x_wconf 89' lang='lat' dir='ltr'><strong>tcrIio</strong></span> <span class='ocrx_word' id='word_1_168' title='bbox 1533 472 1622 506; x_wconf 85' lang='lat' dir='ltr'><strong>capile</strong></span> <span class='ocrx_word' id='word_1_169' title='bbox 1637 472 1680 500; x_wconf 89' lang='lat' dir='ltr'><strong>vel</strong></span> 
     </span>
    </p>
   </div>
   <div class='ocr_carea' id='block_1_25' title="bbox 899 512 1679 550">
    <p class='ocr_par' dir='ltr' id='par_1_25' title="bbox 899 512 1679 550">
     <span class='ocr_line' id='line_1_25' title="bbox 899 512 1679 550; baseline 0.008 -12"><span class='ocrx_word' id='word_1_170' title='bbox 899 518 914 537; x_wconf 84' lang='lat' dir='ltr'><strong>a</strong></span> <span class='ocrx_word' id='word_1_171' title='bbox 928 512 1100 546; x_wconf 83' lang='lat' dir='ltr'><strong>sequentibus</strong></span> <span class='ocrx_word' id='word_1_172' title='bbox 1114 512 1217 540; x_wconf 89' lang='lat' dir='ltr'><strong>ducunt</strong></span> <span class='ocrx_word' id='word_1_173' title='bbox 1227 513 1332 540; x_wconf 90' lang='lat' dir='ltr'><strong>initium</strong></span> <span class='ocrx_word' id='word_1_174' title='bbox 1345 523 1352 540; x_wconf 88' lang='lat'><strong>:</strong></span> <span class='ocrx_word' id='word_1_175' title='bbox 1368 514 1393 541; x_wconf 87' lang='lat' dir='ltr'><strong>in</strong></span> <span class='ocrx_word' id='word_1_176' title='bbox 1409 515 1536 543; x_wconf 89' lang='lat' dir='ltr'><strong>vicesimo</strong></span> <span class='ocrx_word' id='word_1_177' title='bbox 1548 518 1679 550; x_wconf 85' lang='lat' dir='ltr'><strong>secundo,</strong></span> 
     </span>
    </p>
   </div>
   <div class='ocr_carea' id='block_1_26' title="bbox 899 557 1679 596">
    <p class='ocr_par' dir='ltr' id='par_1_26' title="bbox 899 557 1679 596">
     <span class='ocr_line' id='line_1_26' title="bbox 899 557 1679 596; baseline 0.008 -13"><span class='ocrx_word' id='word_1_178' title='bbox 899 557 940 584; x_wconf 89' lang='lat' dir='ltr'><strong>vel</strong></span> <span class='ocrx_word' id='word_1_179' title='bbox 957 558 1024 585; x_wconf 85' lang='lat' dir='ltr'><strong>citra</strong></span> <span class='ocrx_word' id='word_1_180' title='bbox 1044 557 1180 585; x_wconf 90' lang='lat' dir='ltr'><strong>desinunt.</strong></span> <span class='ocrx_word' id='word_1_181' title='bbox 1194 558 1319 586; x_wconf 81' lang='lat' dir='ltr'><strong>Fortasse</strong></span> <span class='ocrx_word' id='word_1_182' title='bbox 1337 559 1417 593; x_wconf 77' lang='lat' dir='ltr'><strong>igitur</strong></span> <span class='ocrx_word' id='word_1_183' title='bbox 1433 567 1465 587; x_wconf 88' lang='lat' dir='ltr'><strong>ex</strong></span> <span class='ocrx_word' id='word_1_184' title='bbox 1481 565 1576 588; x_wconf 87' lang='lat' dir='ltr'><strong>catena</strong></span> <span class='ocrx_word' id='word_1_185' title='bbox 1590 562 1679 596; x_wconf 86' lang='lat' dir='ltr'><strong>aliqua</strong></span> 
     </span>
    </p>
   </div>
   <div class='ocr_carea' id='block_1_27' title="bbox 899 604 1678 643">
    <p class='ocr_par' dir='ltr' id='par_1_27' title="bbox 899 604 1678 643">
     <span class='ocr_line' id='line_1_27' title="bbox 899 604 1678 643; baseline 0.006 -13"><span class='ocrx_word' id='word_1_186' title='bbox 899 604 1057 638; x_wconf 87' lang='lat' dir='ltr'><strong>prodierunt</strong></span> <span class='ocrx_word' id='word_1_187' title='bbox 1081 604 1184 632; x_wconf 72' lang='lat' dir='ltr'><strong>isthtec.</strong></span> <span class='ocrx_word' id='word_1_188' title='bbox 1207 604 1365 639; x_wconf 77' lang='lat' dir='ltr'><strong>Quanquam</strong></span> <span class='ocrx_word' id='word_1_189' title='bbox 1389 607 1454 634; x_wconf 86' lang='lat' dir='ltr'><strong>nihil</strong></span> <span class='ocrx_word' id='word_1_190' title='bbox 1481 607 1581 635; x_wconf 82' lang='lat' dir='ltr'><strong>habent</strong></span> <span class='ocrx_word' id='word_1_191' title='bbox 1604 609 1678 643; x_wconf 86' lang='lat' dir='ltr'><strong>ejus-</strong></span> 
     </span>
    </p>
   </div>
   <div class='ocr_carea' id='block_1_28' title="bbox 899 650 1680 689">
    <p class='ocr_par' dir='ltr' id='par_1_28' title="bbox 899 650 1680 689">
     <span class='ocr_line' id='line_1_28' title="bbox 899 650 1680 689; baseline 0.006 -12"><span class='ocrx_word' id='word_1_192' title='bbox 899 650 982 683; x_wconf 89' lang='lat' dir='ltr'><strong>modi,</strong></span> <span class='ocrx_word' id='word_1_193' title='bbox 1001 655 1133 686; x_wconf 80' lang='lat' dir='ltr'><strong>quotquot</strong></span> <span class='ocrx_word' id='word_1_194' title='bbox 1151 651 1319 678; x_wconf 83' lang='lat' dir='ltr'><strong>excussimus</strong></span> <span class='ocrx_word' id='word_1_195' title='bbox 1335 657 1444 680; x_wconf 84' lang='lat' dir='ltr'><strong>catenas</strong></span> <span class='ocrx_word' id='word_1_196' title='bbox 1458 661 1509 689; x_wconf 82' lang='lat' dir='ltr'><strong>ego</strong></span> <span class='ocrx_word' id='word_1_197' title='bbox 1523 658 1549 680; x_wconf 86' lang='lat' dir='ltr'><strong>et</strong></span> <span class='ocrx_word' id='word_1_198' title='bbox 1566 654 1680 682; x_wconf 82' lang='lat' dir='ltr'><strong>Combe—</strong></span> 
     </span>
    </p>
   </div>
   <div class='ocr_carea' id='block_1_29' title="bbox 898 695 1679 728">
    <p class='ocr_par' dir='ltr' id='par_1_29' title="bbox 898 695 1679 728">
     <span class='ocr_line' id='line_1_29' title="bbox 898 695 1679 728; baseline 0.006 -5"><span class='ocrx_word' id='word_1_199' title='bbox 898 696 985 724; x_wconf 83' lang='lat' dir='ltr'><strong>llsius.</strong></span> <span class='ocrx_word' id='word_1_200' title='bbox 1008 695 1037 723; x_wconf 92' lang='lat' dir='ltr'><strong>ln</strong></span> <span class='ocrx_word' id='word_1_201' title='bbox 1054 697 1168 724; x_wconf 84' lang='lat' dir='ltr'><strong>vetustis</strong></span> <span class='ocrx_word' id='word_1_202' title='bbox 1185 697 1323 725; x_wconf 83' lang='lat' dir='ltr'><strong>codicibus</strong></span> <span class='ocrx_word' id='word_1_203' title='bbox 1342 706 1424 725; x_wconf 88' lang='lat' dir='ltr'><strong>manu</strong></span> <span class='ocrx_word' id='word_1_204' title='bbox 1445 701 1564 727; x_wconf 85' lang='lat' dir='ltr'><strong>exaratis</strong></span> <span class='ocrx_word' id='word_1_205' title='bbox 1590 705 1679 728; x_wconf 83' lang='lat' dir='ltr'><strong>tomus</strong></span> 
     </span>
    </p>
   </div>
   <div class='ocr_carea' id='block_1_30' title="bbox 899 742 1678 781">
    <p class='ocr_par' dir='ltr' id='par_1_30' title="bbox 899 742 1678 781">
     <span class='ocr_line' id='line_1_30' title="bbox 899 742 1678 781; baseline 0.008 -14"><span class='ocrx_word' id='word_1_206' title='bbox 899 742 1056 769; x_wconf 87' lang='lat' dir='ltr'><strong>undecimus</strong></span> <span class='ocrx_word' id='word_1_207' title='bbox 1066 749 1127 769; x_wconf 90' lang='lat' dir='ltr'><strong>cum</strong></span> <span class='ocrx_word' id='word_1_208' title='bbox 1142 750 1190 770; x_wconf 89' lang='lat' dir='ltr'><strong>sex</strong></span> <span class='ocrx_word' id='word_1_209' title='bbox 1206 744 1327 778; x_wconf 81' lang='lat' dir='ltr'><strong>proxime</strong></span> <span class='ocrx_word' id='word_1_210' title='bbox 1342 745 1517 779; x_wconf 62' lang='lat' dir='ltr'><strong>aequalibus</strong></span> <span class='ocrx_word' id='word_1_211' title='bbox 1533 747 1678 781; x_wconf 86' lang='lat' dir='ltr'><strong>reperitur.</strong></span> 
     </span>
    </p>
   </div>
   <div class='ocr_carea' id='block_1_31' title="bbox 897 786 1680 824">
    <p class='ocr_par' dir='ltr' id='par_1_31' title="bbox 897 786 1680 824">
     <span class='ocr_line' id='line_1_31' title="bbox 897 786 1680 824; baseline 0.005 -10"><span class='ocrx_word' id='word_1_212' title='bbox 897 786 986 814; x_wconf 88' lang='lat' dir='ltr'><strong>Codex</strong></span> <span class='ocrx_word' id='word_1_213' title='bbox 1012 786 1255 822; x_wconf 73' lang='lat' dir='ltr'><strong>Ladenburgensis.</strong></span> <span class='ocrx_word' id='word_1_214' title='bbox 1280 797 1333 824; x_wconf 93' lang='lat' dir='ltr'><strong>quo</strong></span> <span class='ocrx_word' id='word_1_215' title='bbox 1352 797 1416 817; x_wconf 83' lang='lat' dir='ltr'><strong>usus</strong></span> <span class='ocrx_word' id='word_1_216' title='bbox 1436 795 1478 818; x_wconf 92' lang='lat' dir='ltr'><strong>est</strong></span> <span class='ocrx_word' id='word_1_217' title='bbox 1504 791 1644 824; x_wconf 83' lang='lat' dir='ltr'><strong>Erasmus,</strong></span> <span class='ocrx_word' id='word_1_218' title='bbox 1665 799 1680 818; x_wconf 72' lang='grc' dir='ltr'><strong>ιι</strong></span> 
     </span>
    </p>
   </div>
   <div class='ocr_carea' id='block_1_32' title="bbox 898 830 1681 870">
    <p class='ocr_par' dir='ltr' id='par_1_32' title="bbox 898 830 1681 870">
     <span class='ocr_line' id='line_1_32' title="bbox 898 830 1681 870; baseline 0.009 -13"><span class='ocrx_word' id='word_1_219' title='bbox 898 830 992 858; x_wconf 79' lang='lat' dir='ltr'><strong>Matth.</strong></span> <span class='ocrx_word' id='word_1_220' title='bbox 1011 839 1077 862; x_wconf 87' lang='lat' dir='ltr'>xIII.</span> <span class='ocrx_word' id='word_1_221' title='bbox 1101 832 1147 864; x_wconf 78' lang='lat'><strong>36,</strong></span> <span class='ocrx_word' id='word_1_222' title='bbox 1173 833 1374 869; x_wconf 86' lang='lat' dir='ltr'><strong>auspicabatur,</strong></span> <span class='ocrx_word' id='word_1_223' title='bbox 1399 837 1624 870; x_wconf 86' lang='lat' dir='ltr'><strong>quemadmodum</strong></span> <span class='ocrx_word' id='word_1_224' title='bbox 1653 840 1681 864; x_wconf 87' lang='lat' dir='ltr'><strong>et</strong></span> 
     </span>
    </p>
   </div>
   <div class='ocr_carea' id='block_1_33' title="bbox 54 869 1681 917">
    <p class='ocr_par' dir='ltr' id='par_1_33' title="bbox 54 869 1681 917">
     <span class='ocr_line' id='line_1_33' title="bbox 54 869 1681 917; baseline 0.004 -15"><span class='ocrx_word' id='word_1_225' title='bbox 54 870 133 917; x_wconf 52' lang='grc' dir='ltr'><strong>ίεξιτυξ</strong></span> <span class='ocrx_word' id='word_1_226' title='bbox 154 871 206 903; x_wconf 68' lang='lat' dir='ltr'><strong>Sili</strong></span> <span class='ocrx_word' id='word_1_227' title='bbox 230 869 256 897; x_wconf 79' lang='grc' dir='ltr'><strong>Ῐη</strong></span> <span class='ocrx_word' id='word_1_228' title='bbox 274 869 390 917; x_wconf 63' lang='grc' dir='ltr'><strong>Ρτοιοες)</strong></span> <span class='ocrx_word' id='word_1_229' title='bbox 408 874 499 917; x_wconf 58' lang='lat' dir='ltr'><strong>Wlffin</strong></span> <span class='ocrx_word' id='word_1_230' title='bbox 520 870 553 896; x_wconf 65' lang='lat' dir='ltr'><strong>ad</strong></span> <span class='ocrx_word' id='word_1_231' title='bbox 572 869 700 917; x_wconf 53' lang='grc' dir='ltr'><strong>Ιιίξωίιίθθ</strong></span> <span class='ocrx_word' id='word_1_232' title='bbox 727 870 754 897; x_wconf 64' lang='lat' dir='ltr'><strong>in</strong></span> <span class='ocrx_word' id='word_1_233' title='bbox 776 869 846 917; x_wconf 57' lang='lat' dir='ltr'><strong>Efe-</strong></span> <span class='ocrx_word' id='word_1_234' title='bbox 862 872 884 902; x_wconf 85' lang='grc' dir='ltr'><strong>Β</strong></span> <span class='ocrx_word' id='word_1_235' title='bbox 900 876 1066 904; x_wconf 82' lang='lat' dir='ltr'><strong>Holmiensis</strong></span> <span class='ocrx_word' id='word_1_236' title='bbox 1087 885 1095 905; x_wconf 85' lang='lat'><strong>:</strong></span> <span class='ocrx_word' id='word_1_237' title='bbox 1119 878 1216 913; x_wconf 77' lang='lat' dir='ltr'><strong>Regius</strong></span> <span class='ocrx_word' id='word_1_238' title='bbox 1237 880 1328 916; x_wconf 82' lang='lat' dir='ltr'><strong>priore</strong></span> <span class='ocrx_word' id='word_1_239' title='bbox 1352 881 1486 908; x_wconf 88' lang='lat' dir='ltr'><strong>undecimi</strong></span> <span class='ocrx_word' id='word_1_240' title='bbox 1509 883 1574 908; x_wconf 90' lang='lat' dir='ltr'><strong>tomi</strong></span> <span class='ocrx_word' id='word_1_241' title='bbox 1604 887 1681 917; x_wconf 83' lang='lat' dir='ltr'><strong>parte</strong></span> 
     </span>
    </p>
   </div>
   <div class='ocr_carea' id='block_1_34' title="bbox 52 914 846 950">
    <p class='ocr_par' dir='ltr' id='par_1_34' title="bbox 52 914 846 950">
     <span class='ocr_line' id='line_1_34' title="bbox 52 914 846 950; baseline 0 -8"><span class='ocrx_word' id='word_1_242' title='bbox 52 915 170 943; x_wconf 78' lang='lat' dir='ltr'><strong>chielcm</strong></span> <span class='ocrx_word' id='word_1_243' title='bbox 181 922 289 942; x_wconf 83' lang='lat' dir='ltr'><strong>erasum</strong></span> <span class='ocrx_word' id='word_1_244' title='bbox 305 915 429 950; x_wconf 86' lang='lat' dir='ltr'><strong>queritur</strong></span> <span class='ocrx_word' id='word_1_245' title='bbox 447 914 605 950; x_wconf 87' lang='lat' dir='ltr'><strong>Hieronymi</strong></span> <span class='ocrx_word' id='word_1_246' title='bbox 622 922 731 946; x_wconf 87' lang='lat' dir='ltr'><strong>nomen,</strong></span> <span class='ocrx_word' id='word_1_247' title='bbox 747 920 773 943; x_wconf 93' lang='lat' dir='ltr'><strong>et</strong></span> <span class='ocrx_word' id='word_1_248' title='bbox 787 915 846 949; x_wconf 85' lang='lat' dir='ltr'><strong>ejus</strong></span> 
     </span>
    </p>
   </div>
   <div class='ocr_carea' id='block_1_35' title="bbox 54 962 846 998">
    <p class='ocr_par' dir='ltr' id='par_1_35' title="bbox 54 962 846 998">
     <span class='ocr_line' id='line_1_35' title="bbox 54 962 846 998; baseline 0.001 -8"><span class='ocrx_word' id='word_1_249' title='bbox 54 970 168 998; x_wconf 84' lang='lat' dir='ltr'><strong>quoque</strong></span> <span class='ocrx_word' id='word_1_250' title='bbox 190 970 269 998; x_wconf 88' lang='lat' dir='ltr'><strong>quem</strong></span> <span class='ocrx_word' id='word_1_251' title='bbox 297 962 476 998; x_wconf 85' lang='lat' dir='ltr'><strong>Hieronymus</strong></span> <span class='ocrx_word' id='word_1_252' title='bbox 499 963 654 998; x_wconf 85' lang='lat' dir='ltr'><strong>alloquitur.</strong></span> <span class='ocrx_word' id='word_1_253' title='bbox 687 962 846 998; x_wconf 86' lang='lat' dir='ltr'><strong>Suspicatur</strong></span> 
     </span>
    </p>
   </div>
   <div class='ocr_carea' id='block_1_36' title="bbox 52 1007 846 1044">
    <p class='ocr_par' dir='ltr' id='par_1_36' title="bbox 52 1007 846 1044">
     <span class='ocr_line' id='line_1_36' title="bbox 52 1007 846 1044; baseline 0 -8"><span class='ocrx_word' id='word_1_254' title='bbox 52 1015 125 1036; x_wconf 83' lang='lat' dir='ltr'><strong>vero</strong></span> <span class='ocrx_word' id='word_1_255' title='bbox 150 1007 279 1043; x_wconf 87' lang='lat' dir='ltr'><strong>Prologos</strong></span> <span class='ocrx_word' id='word_1_256' title='bbox 295 1007 380 1036; x_wconf 79' lang='lat' dir='ltr'><strong>fuisse</strong></span> <span class='ocrx_word' id='word_1_257' title='bbox 395 1008 515 1036; x_wconf 90' lang='lat' dir='ltr'><strong>sublatos</strong></span> <span class='ocrx_word' id='word_1_258' title='bbox 535 1009 569 1036; x_wconf 86' lang='lat' dir='ltr'><strong>ab</strong></span> <span class='ocrx_word' id='word_1_259' title='bbox 583 1009 625 1036; x_wconf 91' lang='lat' dir='ltr'><strong>his</strong></span> <span class='ocrx_word' id='word_1_260' title='bbox 644 1009 677 1036; x_wconf 91' lang='lat' dir='ltr'><strong>ad</strong></span> <span class='ocrx_word' id='word_1_261' title='bbox 694 1017 762 1044; x_wconf 86' lang='lat' dir='ltr'><strong>quos</strong></span> <span class='ocrx_word' id='word_1_262' title='bbox 779 1010 846 1038; x_wconf 87' lang='lat' dir='ltr'><strong>scri-</strong></span> 
     </span>
    </p>
   </div>
   <div class='ocr_carea' id='block_1_37' title="bbox 52 1052 845 1089">
    <p class='ocr_par' dir='ltr' id='par_1_37' title="bbox 52 1052 845 1089">
     <span class='ocr_line' id='line_1_37' title="bbox 52 1052 845 1089; baseline 0.001 -8"><span class='ocrx_word' id='word_1_263' title='bbox 52 1059 161 1089; x_wconf 88' lang='lat' dir='ltr'><strong>pserat,</strong></span> <span class='ocrx_word' id='word_1_264' title='bbox 181 1058 320 1088; x_wconf 85' lang='lat' dir='ltr'><strong>postquam</strong></span> <span class='ocrx_word' id='word_1_265' title='bbox 339 1052 463 1088; x_wconf 82' lang='lat' dir='ltr'><strong>Origcnis</strong></span> <span class='ocrx_word' id='word_1_266' title='bbox 488 1060 585 1081; x_wconf 92' lang='lat' dir='ltr'><strong>nomen</strong></span> <span class='ocrx_word' id='word_1_267' title='bbox 609 1054 710 1081; x_wconf 78' lang='lat' dir='ltr'><strong>factum</strong></span> <span class='ocrx_word' id='word_1_268' title='bbox 730 1059 773 1082; x_wconf 85' lang='lat' dir='ltr'><strong>est</strong></span> <span class='ocrx_word' id='word_1_269' title='bbox 792 1054 845 1082; x_wconf 83' lang='lat' dir='ltr'><strong>Ro-</strong></span> 
     </span>
    </p>
   </div>
   <div class='ocr_carea' id='block_1_38' title="bbox 54 1098 844 1135">
    <p class='ocr_par' dir='ltr' id='par_1_38' title="bbox 54 1098 844 1135">
     <span class='ocr_line' id='line_1_38' title="bbox 54 1098 844 1135; baseline 0.003 -10"><span class='ocrx_word' id='word_1_270' title='bbox 54 1099 148 1126; x_wconf 70' lang='lat' dir='ltr'><strong>Inanis</strong></span> <span class='ocrx_word' id='word_1_271' title='bbox 160 1098 332 1130; x_wconf 84' lang='lat' dir='ltr'><strong>invidiosum,</strong></span> <span class='ocrx_word' id='word_1_272' title='bbox 344 1102 372 1126; x_wconf 91' lang='lat' dir='ltr'><strong>et</strong></span> <span class='ocrx_word' id='word_1_273' title='bbox 389 1098 536 1127; x_wconf 83' lang='lat' dir='ltr'><strong>verisimile</strong></span> <span class='ocrx_word' id='word_1_274' title='bbox 546 1106 607 1127; x_wconf 84' lang='lat' dir='ltr'><strong>esse</strong></span> <span class='ocrx_word' id='word_1_275' title='bbox 621 1100 646 1126; x_wconf 93' lang='lat' dir='ltr'><strong>in</strong></span> <span class='ocrx_word' id='word_1_276' title='bbox 665 1099 707 1127; x_wconf 90' lang='lat' dir='ltr'><strong>his</strong></span> <span class='ocrx_word' id='word_1_277' title='bbox 721 1099 844 1135; x_wconf 86' lang='lat' dir='ltr'><strong>Prologis</strong></span> 
     </span>
    </p>
   </div>
   <div class='ocr_carea' id='block_1_39' title="bbox 53 1144 843 1181">
    <p class='ocr_par' dir='ltr' id='par_1_39' title="bbox 53 1144 843 1181">
     <span class='ocr_line' id='line_1_39' title="bbox 53 1144 843 1181; baseline 0.003 -9"><span class='ocrx_word' id='word_1_278' title='bbox 53 1144 251 1180; x_wconf 81' lang='lat' dir='ltr'><strong>Hieronymum</strong></span> <span class='ocrx_word' id='word_1_279' title='bbox 277 1145 419 1180; x_wconf 78' lang='lat' dir='ltr'><strong>magniﬁce</strong></span> <span class='ocrx_word' id='word_1_280' title='bbox 441 1145 602 1179; x_wconf 71' lang='lat' dir='ltr'><strong>praedicasse</strong></span> <span class='ocrx_word' id='word_1_281' title='bbox 618 1145 742 1181; x_wconf 78' lang='lat' dir='ltr'><strong>Origeuis</strong></span> <span class='ocrx_word' id='word_1_282' title='bbox 767 1146 843 1181; x_wconf 82' lang='lat' dir='ltr'><strong>inge-</strong></span> 
     </span>
    </p>
   </div>
   <div class='ocr_carea' id='block_1_40' title="bbox 53 1191 843 1228">
    <p class='ocr_par' dir='ltr' id='par_1_40' title="bbox 53 1191 843 1228">
     <span class='ocr_line' id='line_1_40' title="bbox 53 1191 843 1228; baseline 0.001 -9"><span class='ocrx_word' id='word_1_283' title='bbox 53 1192 144 1220; x_wconf 88' lang='lat' dir='ltr'><strong>nium.</strong></span> <span class='ocrx_word' id='word_1_284' title='bbox 160 1191 216 1227; x_wconf 72' lang='lat' dir='ltr'><strong>Ego</strong></span> <span class='ocrx_word' id='word_1_285' title='bbox 232 1199 296 1218; x_wconf 89' lang='lat' dir='ltr'><strong>vero</strong></span> <span class='ocrx_word' id='word_1_286' title='bbox 319 1191 433 1226; x_wconf 75' lang='lat' dir='ltr'><strong>singulis</strong></span> <span class='ocrx_word' id='word_1_287' title='bbox 448 1191 525 1219; x_wconf 87' lang='lat' dir='ltr'><strong>libris</strong></span> <span class='ocrx_word' id='word_1_288' title='bbox 541 1192 666 1227; x_wconf 84' lang='lat' dir='ltr'><strong>Origenis</strong></span> <span class='ocrx_word' id='word_1_289' title='bbox 683 1199 699 1218; x_wconf 88' lang='lat' dir='ltr'><strong>a</strong></span> <span class='ocrx_word' id='word_1_290' title='bbox 715 1199 744 1219; x_wconf 88' lang='lat' dir='ltr'><strong>se</strong></span> <span class='ocrx_word' id='word_1_291' title='bbox 758 1199 843 1228; x_wconf 86' lang='lat' dir='ltr'><strong>expo-</strong></span> 
     </span>
    </p>
   </div>
   <div class='ocr_carea' id='block_1_41' title="bbox 53 1237 843 1273">
    <p class='ocr_par' dir='ltr' id='par_1_41' title="bbox 53 1237 843 1273">
     <span class='ocr_line' id='line_1_41' title="bbox 53 1237 843 1273; baseline 0.001 -9"><span class='ocrx_word' id='word_1_292' title='bbox 53 1238 118 1265; x_wconf 85' lang='lat' dir='ltr'><strong>sitis</strong></span> <span class='ocrx_word' id='word_1_293' title='bbox 130 1237 256 1272; x_wconf 88' lang='lat' dir='ltr'><strong>prologos</strong></span> <span class='ocrx_word' id='word_1_294' title='bbox 274 1237 449 1272; x_wconf 67' lang='lat' dir='ltr'><strong>praetexuisse</strong></span> <span class='ocrx_word' id='word_1_295' title='bbox 460 1237 652 1273; x_wconf 82' lang='lat' dir='ltr'><strong>Hieronymum</strong></span> <span class='ocrx_word' id='word_1_296' title='bbox 667 1237 765 1270; x_wconf 76' lang='lat' dir='ltr'><strong>fateor,</strong></span> <span class='ocrx_word' id='word_1_297' title='bbox 781 1246 843 1265; x_wconf 86' lang='lat' dir='ltr'><strong>nam</strong></span> 
     </span>
    </p>
   </div>
   <div class='ocr_carea' id='block_1_42' title="bbox 54 1282 842 1318">
    <p class='ocr_par' dir='ltr' id='par_1_42' title="bbox 54 1282 842 1318">
     <span class='ocr_line' id='line_1_42' title="bbox 54 1282 842 1318; baseline 0 -8"><span class='ocrx_word' id='word_1_298' title='bbox 54 1283 83 1310; x_wconf 91' lang='lat' dir='ltr'><strong>ld</strong></span> <span class='ocrx_word' id='word_1_299' title='bbox 98 1283 196 1311; x_wconf 89' lang='lat' dir='ltr'><strong>asserit</strong></span> <span class='ocrx_word' id='word_1_300' title='bbox 208 1282 366 1311; x_wconf 88' lang='lat' dir='ltr'><strong>Gennadius</strong></span> <span class='ocrx_word' id='word_1_301' title='bbox 377 1283 404 1310; x_wconf 90' lang='lat' dir='ltr'><strong>in</strong></span> <span class='ocrx_word' id='word_1_302' title='bbox 415 1282 541 1318; x_wconf 80' lang='lat' dir='ltr'><strong>Calalogo</strong></span> <span class='ocrx_word' id='word_1_303' title='bbox 553 1284 668 1310; x_wconf 83' lang='lat' dir='ltr'><strong>uirorum</strong></span> <span class='ocrx_word' id='word_1_304' title='bbox 680 1283 842 1310; x_wconf 74' lang='lat' dir='ltr'><strong>illustrium:</strong></span> 
     </span>
    </p>
   </div>
   <div class='ocr_carea' id='block_1_43' title="bbox 54 1329 844 1365">
    <p class='ocr_par' dir='ltr' id='par_1_43' title="bbox 54 1329 844 1365">
     <span class='ocr_line' id='line_1_43' title="bbox 54 1329 844 1365; baseline 0 -8"><span class='ocrx_word' id='word_1_305' title='bbox 54 1333 85 1357; x_wconf 87' lang='lat' dir='ltr'><strong>at</strong></span> <span class='ocrx_word' id='word_1_306' title='bbox 106 1337 176 1365; x_wconf 89' lang='lat' dir='ltr'><strong>quos</strong></span> <span class='ocrx_word' id='word_1_307' title='bbox 193 1329 346 1365; x_wconf 71' lang='lat' dir='ltr'><strong>praetexuit,</strong></span> <span class='ocrx_word' id='word_1_308' title='bbox 370 1337 423 1357; x_wconf 86' lang='lat' dir='ltr'><strong>non</strong></span> <span class='ocrx_word' id='word_1_309' title='bbox 442 1329 476 1357; x_wconf 90' lang='lat' dir='ltr'><strong>de</strong></span> <span class='ocrx_word' id='word_1_310' title='bbox 491 1329 640 1363; x_wconf 87' lang='lat' dir='ltr'><strong>industria,</strong></span> <span class='ocrx_word' id='word_1_311' title='bbox 659 1329 707 1357; x_wconf 90' lang='lat' dir='ltr'><strong>sed</strong></span> <span class='ocrx_word' id='word_1_312' title='bbox 728 1337 793 1357; x_wconf 86' lang='lat' dir='ltr'><strong>casu</strong></span> <span class='ocrx_word' id='word_1_313' title='bbox 816 1334 844 1357; x_wconf 91' lang='lat' dir='ltr'><strong>et</strong></span> 
     </span>
    </p>
   </div>
   <div class='ocr_carea' id='block_1_44' title="bbox 53 1373 844 1407">
    <p class='ocr_par' dir='ltr' id='par_1_44' title="bbox 53 1373 844 1407">
     <span class='ocr_line' id='line_1_44' title="bbox 53 1373 844 1407; baseline 0 -5"><span class='ocrx_word' id='word_1_314' title='bbox 53 1374 233 1402; x_wconf 85' lang='lat' dir='ltr'><strong>librariorum</strong></span> <span class='ocrx_word' id='word_1_315' title='bbox 249 1374 393 1402; x_wconf 81' lang='lat' dir='ltr'><strong>oscitantia</strong></span> <span class='ocrx_word' id='word_1_316' title='bbox 407 1381 509 1402; x_wconf 85' lang='lat' dir='ltr'><strong>censeo</strong></span> <span class='ocrx_word' id='word_1_317' title='bbox 528 1373 610 1402; x_wconf 81' lang='lat' dir='ltr'><strong>fuisse</strong></span> <span class='ocrx_word' id='word_1_318' title='bbox 623 1373 761 1407; x_wconf 83' lang='lat' dir='ltr'><strong>sublatos;</strong></span> <span class='ocrx_word' id='word_1_319' title='bbox 777 1374 844 1402; x_wconf 90' lang='lat' dir='ltr'><strong>alio-</strong></span> 
     </span>
    </p>
   </div>
   <div class='ocr_carea' id='block_1_45' title="bbox 54 1419 842 1457">
    <p class='ocr_par' dir='ltr' id='par_1_45' title="bbox 54 1419 842 1457">
     <span class='ocr_line' id='line_1_45' title="bbox 54 1419 842 1457; baseline -0.001 -9"><span class='ocrx_word' id='word_1_320' title='bbox 54 1422 124 1457; x_wconf 89' lang='lat' dir='ltr'><strong>quin</strong></span> <span class='ocrx_word' id='word_1_321' title='bbox 142 1420 264 1449; x_wconf 86' lang='lat' dir='ltr'><strong>sublatus</strong></span> <span class='ocrx_word' id='word_1_322' title='bbox 277 1428 385 1456; x_wconf 87' lang='lat' dir='ltr'><strong>quoque</strong></span> <span class='ocrx_word' id='word_1_323' title='bbox 396 1421 492 1448; x_wconf 80' lang='lat' dir='ltr'><strong>luisset</strong></span> <span class='ocrx_word' id='word_1_324' title='bbox 510 1419 639 1456; x_wconf 73' lang='lat' dir='ltr'><strong>Prologus</strong></span> <span class='ocrx_word' id='word_1_325' title='bbox 650 1421 684 1448; x_wconf 89' lang='lat' dir='ltr'><strong>ad</strong></span> <span class='ocrx_word' id='word_1_326' title='bbox 699 1421 842 1449; x_wconf 81' lang='lat' dir='ltr'><strong>Damasum</strong></span> 
     </span>
    </p>
   </div>
   <div class='ocr_carea' id='block_1_46' title="bbox 53 1466 844 1503">
    <p class='ocr_par' dir='ltr' id='par_1_46' title="bbox 53 1466 844 1503">
     <span class='ocr_line' id='line_1_46' title="bbox 53 1466 844 1503; baseline -0.001 -8"><span class='ocrx_word' id='word_1_327' title='bbox 53 1467 180 1496; x_wconf 90' lang='lat' dir='ltr'><strong>homiliis</strong></span> <span class='ocrx_word' id='word_1_328' title='bbox 193 1466 316 1503; x_wconf 85' lang='lat' dir='ltr'><strong>Origeuis</strong></span> <span class='ocrx_word' id='word_1_329' title='bbox 328 1468 354 1494; x_wconf 83' lang='lat' dir='ltr'><strong>in</strong></span> <span class='ocrx_word' id='word_1_330' title='bbox 366 1467 501 1495; x_wconf 82' lang='lat' dir='ltr'><strong>Canticum</strong></span> <span class='ocrx_word' id='word_1_331' title='bbox 516 1468 658 1502; x_wconf 70' lang='lat' dir='ltr'><strong>praeditus;</strong></span> <span class='ocrx_word' id='word_1_332' title='bbox 671 1472 699 1494; x_wconf 91' lang='lat' dir='ltr'><strong>et</strong></span> <span class='ocrx_word' id='word_1_333' title='bbox 711 1467 762 1495; x_wconf 91' lang='lat' dir='ltr'><strong>iste</strong></span> <span class='ocrx_word' id='word_1_334' title='bbox 774 1467 844 1495; x_wconf 87' lang='lat' dir='ltr'><strong>alter</strong></span> 
     </span>
    </p>
   </div>
   <div class='ocr_carea' id='block_1_47' title="bbox 53 1512 842 1541">
    <p class='ocr_par' dir='ltr' id='par_1_47' title="bbox 53 1512 842 1541">
     <span class='ocr_line' id='line_1_47' title="bbox 53 1512 842 1541; baseline 0.001 -1"><span class='ocrx_word' id='word_1_335' title='bbox 53 1514 91 1540; x_wconf 87' lang='lat' dir='ltr'><strong>ad</strong></span> <span class='ocrx_word' id='word_1_336' title='bbox 105 1513 232 1540; x_wconf 87' lang='lat' dir='ltr'><strong>homilias</strong></span> <span class='ocrx_word' id='word_1_337' title='bbox 245 1513 273 1540; x_wconf 84' lang='lat' dir='ltr'><strong>in</strong></span> <span class='ocrx_word' id='word_1_338' title='bbox 287 1512 460 1541; x_wconf 73' lang='lat' dir='ltr'><strong>Ezechielem.</strong></span> <span class='ocrx_word' id='word_1_339' title='bbox 477 1512 505 1540; x_wconf 88' lang='lat' dir='ltr'><strong>lu</strong></span> <span class='ocrx_word' id='word_1_340' title='bbox 520 1512 640 1540; x_wconf 87' lang='lat' dir='ltr'><strong>editione</strong></span> <span class='ocrx_word' id='word_1_341' title='bbox 655 1512 760 1540; x_wconf 80' lang='lat' dir='ltr'><strong>Merliui</strong></span> <span class='ocrx_word' id='word_1_342' title='bbox 773 1512 842 1541; x_wconf 72' lang='lat' dir='ltr'><strong>Pro~</strong></span> 
     </span>
    </p>
   </div>
   <div class='ocr_carea' id='block_1_48' title="bbox 53 1557 842 1595">
    <p class='ocr_par' dir='ltr' id='par_1_48' title="bbox 53 1557 842 1595">
     <span class='ocr_line' id='line_1_48' title="bbox 53 1557 842 1595; baseline -0.001 -8"><span class='ocrx_word' id='word_1_343' title='bbox 53 1559 118 1595; x_wconf 82' lang='lat' dir='ltr'><strong>logo</strong></span> <span class='ocrx_word' id='word_1_344' title='bbox 137 1558 263 1594; x_wconf 72' lang='lat' dir='ltr'><strong>prteiixus</strong></span> <span class='ocrx_word' id='word_1_345' title='bbox 277 1563 318 1586; x_wconf 82' lang='lat' dir='ltr'><strong>est</strong></span> <span class='ocrx_word' id='word_1_346' title='bbox 338 1559 383 1586; x_wconf 91' lang='lat' dir='ltr'><strong>hic</strong></span> <span class='ocrx_word' id='word_1_347' title='bbox 400 1558 512 1586; x_wconf 88' lang='lat' dir='ltr'><strong>titulus:</strong></span> <span class='ocrx_word' id='word_1_348' title='bbox 528 1557 658 1594; x_wconf 87' lang='lat' dir='ltr'><strong>Prologus</strong></span> <span class='ocrx_word' id='word_1_349' title='bbox 673 1559 842 1586; x_wconf 75' lang='lat' dir='ltr'><strong>transtuleris</strong></span> 
     </span>
    </p>
   </div>
   <div class='ocr_carea' id='block_1_49' title="bbox 51 1602 843 1639">
    <p class='ocr_par' dir='ltr' id='par_1_49' title="bbox 51 1602 843 1639">
     <span class='ocr_line' id='line_1_49' title="bbox 51 1602 843 1639; baseline 0.001 -8"><span class='ocrx_word' id='word_1_350' title='bbox 51 1605 196 1639; x_wconf 81' lang='lat' dir='ltr'><strong>ejusdem:</strong></span> <span class='ocrx_word' id='word_1_351' title='bbox 211 1603 269 1638; x_wconf 89' lang='lat' dir='ltr'><strong>ejus</strong></span> <span class='ocrx_word' id='word_1_352' title='bbox 282 1610 377 1638; x_wconf 89' lang='lat' dir='ltr'><strong>nempe</strong></span> <span class='ocrx_word' id='word_1_353' title='bbox 388 1603 433 1638; x_wconf 90' lang='lat' dir='ltr'><strong>qui</strong></span> <span class='ocrx_word' id='word_1_354' title='bbox 450 1603 641 1631; x_wconf 87' lang='lat' dir='ltr'><strong>antecedentes</strong></span> <span class='ocrx_word' id='word_1_355' title='bbox 656 1602 781 1639; x_wconf 84' lang='lat' dir='ltr'><strong>Origeuis</strong></span> <span class='ocrx_word' id='word_1_356' title='bbox 796 1603 843 1632; x_wconf 88' lang='lat' dir='ltr'><strong>ho-</strong></span> 
     </span>
    </p>
   </div>
   <div class='ocr_carea' id='block_1_50' title="bbox 52 1647 843 1683">
    <p class='ocr_par' dir='ltr' id='par_1_50' title="bbox 52 1647 843 1683">
     <span class='ocr_line' id='line_1_50' title="bbox 52 1647 843 1683; baseline 0.001 -8"><span class='ocrx_word' id='word_1_357' title='bbox 52 1648 147 1676; x_wconf 87' lang='lat' dir='ltr'><strong>milias</strong></span> <span class='ocrx_word' id='word_1_358' title='bbox 168 1649 195 1675; x_wconf 82' lang='lat' dir='ltr'><strong>in</strong></span> <span class='ocrx_word' id='word_1_359' title='bbox 218 1647 360 1675; x_wconf 78' lang='lat' dir='ltr'><strong>Jeremiam</strong></span> <span class='ocrx_word' id='word_1_360' title='bbox 376 1652 503 1682; x_wconf 82' lang='lat' dir='ltr'><strong>verterat,</strong></span> <span class='ocrx_word' id='word_1_361' title='bbox 525 1655 605 1683; x_wconf 89' lang='lat' dir='ltr'><strong>quem</strong></span> <span class='ocrx_word' id='word_1_362' title='bbox 619 1653 728 1676; x_wconf 85' lang='lat' dir='ltr'><strong>constat</strong></span> <span class='ocrx_word' id='word_1_363' title='bbox 748 1648 843 1676; x_wconf 86' lang='lat' dir='ltr'><strong>Hiero-</strong></span> 
     </span>
    </p>
   </div>
   <div class='ocr_carea' id='block_1_51' title="bbox 52 1693 276 1730">
    <p class='ocr_par' dir='ltr' id='par_1_51' title="bbox 52 1693 276 1730">
     <span class='ocr_line' id='line_1_51' title="bbox 52 1693 276 1730; baseline 0 -9"><span class='ocrx_word' id='word_1_364' title='bbox 52 1701 168 1730; x_wconf 86' lang='lat' dir='ltr'><strong>nymum</strong></span> <span class='ocrx_word' id='word_1_365' title='bbox 183 1693 276 1722; x_wconf 77' lang='lat' dir='ltr'><strong>fuisse.</strong></span> 
     </span>
    </p>
   </div>
   <div class='ocr_carea' id='block_1_52' title="bbox 92 1739 841 1774">
    <p class='ocr_par' dir='ltr' id='par_1_52' title="bbox 92 1739 841 1774">
     <span class='ocr_line' id='line_1_52' title="bbox 92 1739 841 1774; baseline 0.001 -7"><span class='ocrx_word' id='word_1_366' title='bbox 92 1739 139 1767; x_wconf 80' lang='lat' dir='ltr'><strong>Xl.</strong></span> <span class='ocrx_word' id='word_1_367' title='bbox 160 1739 334 1768; x_wconf 81' lang='lat' dir='ltr'><strong>Ostendimus</strong></span> <span class='ocrx_word' id='word_1_368' title='bbox 349 1739 473 1774; x_wconf 85' lang='lat' dir='ltr'><strong>superius</strong></span> <span class='ocrx_word' id='word_1_369' title='bbox 488 1747 520 1766; x_wconf 86' lang='lat' dir='ltr'><strong>ex</strong></span> <span class='ocrx_word' id='word_1_370' title='bbox 537 1739 675 1767; x_wconf 74' lang='lat' dir='ltr'><strong>Prommio</strong></span> <span class='ocrx_word' id='word_1_371' title='bbox 691 1739 841 1768; x_wconf 84' lang='lat' dir='ltr'><strong>Commen-</strong></span> 
     </span>
    </p>
   </div>
   <div class='ocr_carea' id='block_1_53' title="bbox 51 1785 842 1821">
    <p class='ocr_par' dir='ltr' id='par_1_53' title="bbox 51 1785 842 1821">
     <span class='ocr_line' id='line_1_53' title="bbox 51 1785 842 1821; baseline -0.001 -7"><span class='ocrx_word' id='word_1_372' title='bbox 51 1787 189 1814; x_wconf 84' lang='lat' dir='ltr'><strong>tariorum</strong></span> <span class='ocrx_word' id='word_1_373' title='bbox 212 1785 364 1821; x_wconf 84' lang='lat' dir='ltr'><strong>Hieronymi</strong></span> <span class='ocrx_word' id='word_1_374' title='bbox 381 1786 409 1812; x_wconf 84' lang='lat' dir='ltr'><strong>in</strong></span> <span class='ocrx_word' id='word_1_375' title='bbox 430 1785 541 1818; x_wconf 74' lang='lat' dir='ltr'><strong>Ossam,</strong></span> <span class='ocrx_word' id='word_1_376' title='bbox 562 1793 674 1820; x_wconf 91' lang='lat' dir='ltr'><strong>parvum</strong></span> <span class='ocrx_word' id='word_1_377' title='bbox 700 1786 842 1821; x_wconf 85' lang='lat' dir='ltr'><strong>scripsisse</strong></span> 
     </span>
    </p>
   </div>
   <div class='ocr_carea' id='block_1_54' title="bbox 50 1830 841 1868">
    <p class='ocr_par' dir='ltr' id='par_1_54' title="bbox 50 1830 841 1868">
     <span class='ocr_line' id='line_1_54' title="bbox 50 1830 841 1868; baseline -0.004 -8"><span class='ocrx_word' id='word_1_378' title='bbox 50 1833 176 1861; x_wconf 86' lang='lat' dir='ltr'><strong>libellum</strong></span> <span class='ocrx_word' id='word_1_379' title='bbox 195 1830 337 1867; x_wconf 84' lang='lat' dir='ltr'><strong>Origenem</strong></span> <span class='ocrx_word' id='word_1_380' title='bbox 361 1831 406 1867; x_wconf 58' lang='grc' dir='ltr'><strong>ῂρὶ</strong></span> <span class='ocrx_word' id='word_1_381' title='bbox 418 1830 488 1858; x_wconf 85' lang='grc' dir='ltr'><strong>Πτοῦ</strong></span> <span class='ocrx_word' id='word_1_382' title='bbox 508 1830 567 1863; x_wconf 78' lang='grc' dir='ltr'>πῶς</span> <span class='ocrx_word' id='word_1_383' title='bbox 585 1831 733 1867; x_wconf 81' lang='grc' dir='ltr'><strong>ὠνομάσθη</strong></span> <span class='ocrx_word' id='word_1_384' title='bbox 755 1833 784 1858; x_wconf 80' lang='grc' dir='ltr'><strong>ἐν</strong></span> <span class='ocrx_word' id='word_1_385' title='bbox 803 1831 841 1868; x_wconf 83' lang='grc' dir='ltr'><strong>τῷ</strong></span> 
     </span>
    </p>
   </div>
   <div class='ocr_carea' id='block_1_55' title="bbox 58 1877 842 1914">
    <p class='ocr_par' dir='ltr' id='par_1_55' title="bbox 58 1877 842 1914">
     <span class='ocr_line' id='line_1_55' title="bbox 58 1877 842 1914; baseline -0.001 -9"><span class='ocrx_word' id='word_1_386' title='bbox 58 1879 145 1914; x_wconf 80' lang='grc' dir='ltr'><strong>Ὠσηὲ</strong></span> <span class='ocrx_word' id='word_1_387' title='bbox 167 1877 296 1913; x_wconf 78' lang='grc' dir='ltr'><strong>Ἐφραῖμ,</strong></span> <span class='ocrx_word' id='word_1_388' title='bbox 311 1882 338 1904; x_wconf 89' lang='lat' dir='ltr'><strong>et</strong></span> <span class='ocrx_word' id='word_1_389' title='bbox 355 1877 426 1904; x_wconf 88' lang='lat' dir='ltr'><strong>aliud</strong></span> <span class='ocrx_word' id='word_1_390' title='bbox 445 1881 574 1911; x_wconf 65' lang='lat' dir='ltr'><strong>praeterea</strong></span> <span class='ocrx_word' id='word_1_391' title='bbox 595 1877 621 1904; x_wconf 91' lang='lat' dir='ltr'><strong>in</strong></span> <span class='ocrx_word' id='word_1_392' title='bbox 638 1878 761 1904; x_wconf 86' lang='lat' dir='ltr'><strong>eumdem</strong></span> <span class='ocrx_word' id='word_1_393' title='bbox 780 1885 842 1913; x_wconf 89' lang='lat' dir='ltr'><strong>pro-</strong></span> 
     </span>
    </p>
   </div>
   <div class='ocr_carea' id='block_1_56' title="bbox 50 1923 841 1962">
    <p class='ocr_par' dir='ltr' id='par_1_56' title="bbox 50 1923 841 1962">
     <span class='ocr_line' id='line_1_56' title="bbox 50 1923 841 1962; baseline -0.003 -10"><span class='ocrx_word' id='word_1_394' title='bbox 50 1925 166 1962; x_wconf 87' lang='lat' dir='ltr'><strong>phetam</strong></span> <span class='ocrx_word' id='word_1_395' title='bbox 186 1925 310 1951; x_wconf 87' lang='lat' dir='ltr'><strong>volumen</strong></span> <span class='ocrx_word' id='word_1_396' title='bbox 332 1923 466 1958; x_wconf 83' lang='grc' dir='ltr'><strong>ἀκέφαλον</strong></span> <span class='ocrx_word' id='word_1_397' title='bbox 485 1924 532 1950; x_wconf 76' lang='grc' dir='ltr'><strong>καὶ</strong></span> <span class='ocrx_word' id='word_1_398' title='bbox 555 1923 706 1951; x_wconf 74' lang='grc' dir='ltr'><strong>ἀτέλεστον.</strong></span> <span class='ocrx_word' id='word_1_399' title='bbox 725 1923 764 1950; x_wconf 86' lang='lat' dir='ltr'><strong>Ex</strong></span> <span class='ocrx_word' id='word_1_400' title='bbox 780 1928 841 1951; x_wconf 91' lang='lat' dir='ltr'><strong>utro</strong></span> 
     </span>
    </p>
   </div>
   <div class='ocr_carea' id='block_1_57' title="bbox 50 1967 840 2007">
    <p class='ocr_par' dir='ltr' id='par_1_57' title="bbox 50 1967 840 2007">
     <span class='ocr_line' id='line_1_57' title="bbox 50 1967 840 2007; baseline -0.003 -9"><span class='ocrx_word' id='word_1_401' title='bbox 50 1971 169 2007; x_wconf 82' lang='lat' dir='ltr'><strong>petitum</strong></span> <span class='ocrx_word' id='word_1_402' title='bbox 185 1970 219 1997; x_wconf 87' lang='lat' dir='ltr'><strong>sit</strong></span> <span class='ocrx_word' id='word_1_403' title='bbox 237 1970 308 1997; x_wconf 89' lang='lat' dir='ltr'><strong>istud</strong></span> <span class='ocrx_word' id='word_1_404' title='bbox 324 1969 522 2004; x_wconf 71' lang='lat' dir='ltr'><strong>fragmentum,</strong></span> <span class='ocrx_word' id='word_1_405' title='bbox 543 1976 596 2002; x_wconf 92' lang='lat' dir='ltr'><strong>quo</strong></span> <span class='ocrx_word' id='word_1_406' title='bbox 616 1967 748 1996; x_wconf 81' lang='lat' dir='ltr'><strong>conﬂatur</strong></span> <span class='ocrx_word' id='word_1_407' title='bbox 767 1974 840 1996; x_wconf 91' lang='lat' dir='ltr'><strong>octa-</strong></span> 
     </span>
    </p>
   </div>
   <div class='ocr_carea' id='block_1_58' title="bbox 50 2014 840 2050">
    <p class='ocr_par' dir='ltr' id='par_1_58' title="bbox 50 2014 840 2050">
     <span class='ocr_line' id='line_1_58' title="bbox 50 2014 840 2050; baseline 0 -8"><span class='ocrx_word' id='word_1_408' title='bbox 50 2024 121 2043; x_wconf 88' lang='lat' dir='ltr'><strong>vum</strong></span> <span class='ocrx_word' id='word_1_409' title='bbox 137 2014 291 2042; x_wconf 77' lang='lat' dir='ltr'><strong>Philocoliw</strong></span> <span class='ocrx_word' id='word_1_410' title='bbox 307 2019 399 2050; x_wconf 82' lang='lat' dir='ltr'><strong>caput,</strong></span> <span class='ocrx_word' id='word_1_411' title='bbox 422 2015 556 2042; x_wconf 87' lang='lat' dir='ltr'><strong>incertum</strong></span> <span class='ocrx_word' id='word_1_412' title='bbox 578 2019 636 2045; x_wconf 75' lang='lat' dir='ltr'><strong>est;</strong></span> <span class='ocrx_word' id='word_1_413' title='bbox 657 2022 690 2042; x_wconf 82' lang='lat' dir='ltr'><strong>ex</strong></span> <span class='ocrx_word' id='word_1_414' title='bbox 709 2014 840 2042; x_wconf 87' lang='lat' dir='ltr'><strong>alterutro</strong></span> 
     </span>
    </p>
   </div>
   <div class='ocr_carea' id='block_1_59' title="bbox 50 2060 840 2098">
    <p class='ocr_par' dir='ltr' id='par_1_59' title="bbox 50 2060 840 2098">
     <span class='ocr_line' id='line_1_59' title="bbox 50 2060 840 2098; baseline -0.003 -9"><span class='ocrx_word' id='word_1_415' title='bbox 50 2062 169 2098; x_wconf 84' lang='lat' dir='ltr'><strong>petitum</strong></span> <span class='ocrx_word' id='word_1_416' title='bbox 192 2069 251 2089; x_wconf 86' lang='lat' dir='ltr'><strong>esse</strong></span> <span class='ocrx_word' id='word_1_417' title='bbox 278 2067 381 2088; x_wconf 88' lang='lat' dir='ltr'><strong>certum</strong></span> <span class='ocrx_word' id='word_1_418' title='bbox 405 2066 446 2088; x_wconf 88' lang='lat' dir='ltr'><strong>est</strong></span> <span class='ocrx_word' id='word_1_419' title='bbox 471 2069 478 2088; x_wconf 88' lang='lat'>:</span> <span class='ocrx_word' id='word_1_420' title='bbox 508 2068 570 2088; x_wconf 88' lang='lat' dir='ltr'><strong>nam</strong></span> <span class='ocrx_word' id='word_1_421' title='bbox 595 2060 718 2096; x_wconf 89' lang='lat' dir='ltr'><strong>quamvis</strong></span> <span class='ocrx_word' id='word_1_422' title='bbox 747 2060 772 2087; x_wconf 93' lang='lat' dir='ltr'><strong>id</strong></span> <span class='ocrx_word' id='word_1_423' title='bbox 800 2060 840 2087; x_wconf 89' lang='lat' dir='ltr'><strong>eis</strong></span> 
     </span>
    </p>
   </div>
   <div class='ocr_carea' id='block_1_60' title="bbox 52 2106 838 2143">
    <p class='ocr_par' dir='ltr' id='par_1_60' title="bbox 52 2106 838 2143">
     <span class='ocr_line' id='line_1_60' title="bbox 52 2106 838 2143; baseline -0.004 -8"><span class='ocrx_word' id='word_1_424' title='bbox 52 2107 224 2143; x_wconf 63' lang='lat' dir='ltr'><strong>[tramissum</strong></span> <span class='ocrx_word' id='word_1_425' title='bbox 248 2107 303 2135; x_wconf 88' lang='lat' dir='ltr'><strong>sit:</strong></span> <span class='ocrx_word' id='word_1_426' title='bbox 327 2107 373 2133; x_wconf 87' lang='grc' dir='ltr'><strong>Ἐκ</strong></span> <span class='ocrx_word' id='word_1_427' title='bbox 396 2106 450 2134; x_wconf 85' lang='grc' dir='ltr'><strong>τῶν</strong></span> <span class='ocrx_word' id='word_1_428' title='bbox 473 2107 513 2139; x_wconf 84' lang='grc' dir='ltr'><strong>εις</strong></span> <span class='ocrx_word' id='word_1_429' title='bbox 538 2107 582 2133; x_wconf 82' lang='grc' dir='ltr'><strong>τὸν</strong></span> <span class='ocrx_word' id='word_1_430' title='bbox 608 2107 687 2143; x_wconf 81' lang='grc' dir='ltr'><strong>Ὠσηὲ</strong></span> <span class='ocrx_word' id='word_1_431' title='bbox 710 2106 838 2142; x_wconf 79' lang='grc' dir='ltr'><strong>ἐξηγητι-</strong></span> 
     </span>
    </p>
   </div>
   <div class='ocr_carea' id='block_1_61' title="bbox 51 2152 839 2188">
    <p class='ocr_par' dir='ltr' id='par_1_61' title="bbox 51 2152 839 2188">
     <span class='ocr_line' id='line_1_61' title="bbox 51 2152 839 2188; baseline -0.004 -7"><span class='ocrx_word' id='word_1_432' title='bbox 51 2153 124 2186; x_wconf 80' lang='grc' dir='ltr'><strong>κῶν,</strong></span> <span class='ocrx_word' id='word_1_433' title='bbox 149 2152 327 2188; x_wconf 86' lang='lat' dir='ltr'><strong>Hieronymus</strong></span> <span class='ocrx_word' id='word_1_434' title='bbox 352 2157 441 2180; x_wconf 89' lang='lat' dir='ltr'><strong>autem</strong></span> <span class='ocrx_word' id='word_1_435' title='bbox 466 2152 525 2180; x_wconf 91' lang='lat' dir='ltr'><strong>loco</strong></span> <span class='ocrx_word' id='word_1_436' title='bbox 553 2152 662 2180; x_wconf 84' lang='lat' dir='ltr'><strong>laudato</strong></span> <span class='ocrx_word' id='word_1_437' title='bbox 694 2152 783 2179; x_wconf 86' lang='lat' dir='ltr'><strong>nullos</strong></span> <span class='ocrx_word' id='word_1_438' title='bbox 805 2152 839 2179; x_wconf 91' lang='lat' dir='ltr'><strong>ab</strong></span> 
     </span>
    </p>
   </div>
   <div class='ocr_carea' id='block_1_62' title="bbox 896 923 1680 960">
    <p class='ocr_par' dir='ltr' id='par_1_62' title="bbox 896 923 1680 960">
     <span class='ocr_line' id='line_1_62' title="bbox 896 923 1680 960; baseline 0.008 -11"><span class='ocrx_word' id='word_1_439' title='bbox 896 923 1023 950; x_wconf 88' lang='lat' dir='ltr'><strong>multatus</strong></span> <span class='ocrx_word' id='word_1_440' title='bbox 1038 928 1089 951; x_wconf 87' lang='lat' dir='ltr'><strong>est.</strong></span> <span class='ocrx_word' id='word_1_441' title='bbox 1106 923 1134 951; x_wconf 93' lang='lat' dir='ltr'><strong>lu</strong></span> <span class='ocrx_word' id='word_1_442' title='bbox 1155 924 1285 960; x_wconf 83' lang='lat' dir='ltr'><strong>Catalogo</strong></span> <span class='ocrx_word' id='word_1_443' title='bbox 1310 927 1439 954; x_wconf 89' lang='lat' dir='ltr'><strong>librorum</strong></span> <span class='ocrx_word' id='word_1_444' title='bbox 1463 927 1539 955; x_wconf 89' lang='lat' dir='ltr'><strong>ducis</strong></span> <span class='ocrx_word' id='word_1_445' title='bbox 1558 926 1680 956; x_wconf 85' lang='lat' dir='ltr'><strong>Bavari:e</strong></span> 
     </span>
    </p>
   </div>
   <div class='ocr_carea' id='block_1_63' title="bbox 894 971 1678 1008">
    <p class='ocr_par' dir='ltr' id='par_1_63' title="bbox 894 971 1678 1008">
     <span class='ocr_line' id='line_1_63' title="bbox 894 971 1678 1008; baseline 0.006 -13"><span class='ocrx_word' id='word_1_446' title='bbox 894 973 1001 996; x_wconf 91' lang='lat' dir='ltr'><strong>notatur</strong></span> <span class='ocrx_word' id='word_1_447' title='bbox 1027 974 1115 997; x_wconf 90' lang='lat' dir='ltr'><strong>tomus</strong></span> <span class='ocrx_word' id='word_1_448' title='bbox 1137 971 1294 999; x_wconf 88' lang='lat' dir='ltr'><strong>undecimus</strong></span> <span class='ocrx_word' id='word_1_449' title='bbox 1321 972 1400 999; x_wconf 90' lang='lat' dir='ltr'><strong>initio</strong></span> <span class='ocrx_word' id='word_1_450' title='bbox 1422 980 1531 1008; x_wconf 86' lang='lat' dir='ltr'><strong>quoque</strong></span> <span class='ocrx_word' id='word_1_451' title='bbox 1557 973 1678 1005; x_wconf 89' lang='lat' dir='ltr'><strong>mutilus,</strong></span> 
     </span>
    </p>
   </div>
   <div class='ocr_carea' id='block_1_64' title="bbox 895 1015 1679 1052">
    <p class='ocr_par' dir='ltr' id='par_1_64' title="bbox 895 1015 1679 1052">
     <span class='ocr_line' id='line_1_64' title="bbox 895 1015 1679 1052; baseline 0.008 -12"><span class='ocrx_word' id='word_1_452' title='bbox 895 1021 954 1041; x_wconf 88' lang='lat' dir='ltr'><strong>cum</strong></span> <span class='ocrx_word' id='word_1_453' title='bbox 982 1015 1103 1049; x_wconf 79' lang='lat' dir='ltr'><strong>proxime</strong></span> <span class='ocrx_word' id='word_1_454' title='bbox 1131 1017 1313 1051; x_wconf 84' lang='lat' dir='ltr'><strong>sequentibus</strong></span> <span class='ocrx_word' id='word_1_455' title='bbox 1341 1019 1468 1052; x_wconf 90' lang='lat' dir='ltr'><strong>quinque.</strong></span> <span class='ocrx_word' id='word_1_456' title='bbox 1499 1018 1627 1046; x_wconf 82' lang='lat' dir='ltr'><strong>Erasmus</strong></span> <span class='ocrx_word' id='word_1_457' title='bbox 1652 1019 1679 1046; x_wconf 92' lang='lat' dir='ltr'><strong>in</strong></span> 
     </span>
    </p>
   </div>
   <div class='ocr_carea' id='block_1_65' title="bbox 894 1060 1679 1098">
    <p class='ocr_par' dir='ltr' id='par_1_65' title="bbox 894 1060 1679 1098">
     <span class='ocr_line' id='line_1_65' title="bbox 894 1060 1679 1098; baseline 0.006 -12"><span class='ocrx_word' id='word_1_458' title='bbox 894 1060 1006 1094; x_wconf 88' lang='lat' dir='ltr'><strong>epistola</strong></span> <span class='ocrx_word' id='word_1_459' title='bbox 1034 1061 1067 1088; x_wconf 89' lang='lat' dir='ltr'><strong>ad</strong></span> <span class='ocrx_word' id='word_1_460' title='bbox 1091 1061 1267 1090; x_wconf 84' lang='lat' dir='ltr'><strong>Franciscum</strong></span> <span class='ocrx_word' id='word_1_461' title='bbox 1298 1063 1446 1098; x_wconf 89' lang='lat' dir='ltr'><strong>Cigalinum</strong></span> <span class='ocrx_word' id='word_1_462' title='bbox 1476 1064 1591 1091; x_wconf 90' lang='lat' dir='ltr'><strong>ai&#39;lirmat</strong></span> <span class='ocrx_word' id='word_1_463' title='bbox 1612 1064 1679 1092; x_wconf 87' lang='lat' dir='ltr'><strong>nihil</strong></span> 
     </span>
    </p>
   </div>
   <div class='ocr_carea' id='block_1_66' title="bbox 894 1105 1680 1144">
    <p class='ocr_par' dir='ltr' id='par_1_66' title="bbox 894 1105 1680 1144">
     <span class='ocr_line' id='line_1_66' title="bbox 894 1105 1680 1144; baseline 0.006 -11"><span class='ocrx_word' id='word_1_464' title='bbox 894 1105 1020 1141; x_wconf 88' lang='lat' dir='ltr'><strong>Origenis</strong></span> <span class='ocrx_word' id='word_1_465' title='bbox 1034 1107 1127 1134; x_wconf 88' lang='lat' dir='ltr'><strong>haberi</strong></span> <span class='ocrx_word' id='word_1_466' title='bbox 1142 1107 1169 1134; x_wconf 92' lang='lat' dir='ltr'><strong>in</strong></span> <span class='ocrx_word' id='word_1_467' title='bbox 1186 1108 1321 1135; x_wconf 85' lang='lat' dir='ltr'><strong>decimum</strong></span> <span class='ocrx_word' id='word_1_468' title='bbox 1339 1108 1457 1137; x_wconf 80' lang='lat' dir='ltr'><strong>Matlluui</strong></span> <span class='ocrx_word' id='word_1_469' title='bbox 1473 1115 1563 1144; x_wconf 88' lang='lat' dir='ltr'><strong>caput.</strong></span> <span class='ocrx_word' id='word_1_470' title='bbox 1579 1109 1613 1137; x_wconf 87' lang='lat' dir='ltr'><strong>At</strong></span> <span class='ocrx_word' id='word_1_471' title='bbox 1627 1110 1680 1138; x_wconf 86' lang='lat' dir='ltr'><strong>Va-</strong></span> 
     </span>
    </p>
   </div>
   <div class='ocr_carea' id='block_1_67' title="bbox 895 1154 1698 1189">
    <p class='ocr_par' dir='ltr' id='par_1_67' title="bbox 895 1154 1698 1189">
     <span class='ocr_line' id='line_1_67' title="bbox 895 1154 1698 1189; baseline 0.004 -8"><span class='ocrx_word' id='word_1_472' title='bbox 895 1154 1000 1182; x_wconf 84' lang='lat' dir='ltr'><strong>ticanus</strong></span> <span class='ocrx_word' id='word_1_473' title='bbox 1012 1155 1096 1182; x_wconf 82' lang='lat' dir='ltr'><strong>codex</strong></span> <span class='ocrx_word' id='word_1_474' title='bbox 1115 1155 1201 1182; x_wconf 79' lang='lat' dir='ltr'><strong>fertur</strong></span> <span class='ocrx_word' id='word_1_475' title='bbox 1215 1161 1341 1183; x_wconf 87' lang='lat' dir='ltr'><strong>constare</strong></span> <span class='ocrx_word' id='word_1_476' title='bbox 1363 1157 1444 1184; x_wconf 83' lang='lat' dir='ltr'><strong>tomis</strong></span> <span class='ocrx_word' id='word_1_477' title='bbox 1463 1157 1578 1189; x_wconf 88' lang='lat' dir='ltr'><strong>decimo,</strong></span> <span class='ocrx_word' id='word_1_478' title='bbox 1595 1158 1680 1185; x_wconf 86' lang='lat' dir='ltr'><strong>unde-</strong></span> <span class='ocrx_word' id='word_1_479' title='bbox 1696 1156 1698 1158; x_wconf 78' lang='grc'><strong>’</strong></span> 
     </span>
    </p>
   </div>
   <div class='ocr_carea' id='block_1_68' title="bbox 894 1201 1679 1236">
    <p class='ocr_par' dir='ltr' id='par_1_68' title="bbox 894 1201 1679 1236">
     <span class='ocr_line' id='line_1_68' title="bbox 894 1201 1679 1236; baseline 0.003 -8"><span class='ocrx_word' id='word_1_480' title='bbox 894 1203 964 1229; x_wconf 90' lang='lat' dir='ltr'><strong>cimo</strong></span> <span class='ocrx_word' id='word_1_481' title='bbox 981 1221 989 1234; x_wconf 92' lang='lat'><strong>,</strong></span> <span class='ocrx_word' id='word_1_482' title='bbox 1017 1201 1174 1229; x_wconf 83' lang='lat' dir='ltr'><strong>duodecimo</strong></span> <span class='ocrx_word' id='word_1_483' title='bbox 1201 1206 1229 1228; x_wconf 91' lang='lat' dir='ltr'><strong>et</strong></span> <span class='ocrx_word' id='word_1_484' title='bbox 1251 1201 1357 1229; x_wconf 87' lang='lat' dir='ltr'><strong>decimo</strong></span> <span class='ocrx_word' id='word_1_485' title='bbox 1385 1203 1476 1229; x_wconf 89' lang='lat' dir='ltr'><strong>tertio.</strong></span> <span class='ocrx_word' id='word_1_486' title='bbox 1502 1201 1679 1236; x_wconf 80' lang='lat' dir='ltr'><strong>Scripseruut</strong></span> 
     </span>
    </p>
   </div>
   <div class='ocr_carea' id='block_1_69' title="bbox 893 1246 1678 1282">
    <p class='ocr_par' dir='ltr' id='par_1_69' title="bbox 893 1246 1678 1282">
     <span class='ocr_line' id='line_1_69' title="bbox 893 1246 1678 1282; baseline 0.004 -9"><span class='ocrx_word' id='word_1_487' title='bbox 893 1254 999 1282; x_wconf 88' lang='lat' dir='ltr'><strong>quoque</strong></span> <span class='ocrx_word' id='word_1_488' title='bbox 1020 1246 1109 1274; x_wconf 81' lang='lat' dir='ltr'><strong>Josias</strong></span> <span class='ocrx_word' id='word_1_489' title='bbox 1135 1247 1278 1281; x_wconf 86' lang='lat' dir='ltr'><strong>Simlerus,</strong></span> <span class='ocrx_word' id='word_1_490' title='bbox 1303 1253 1331 1275; x_wconf 88' lang='lat' dir='ltr'><strong>ct</strong></span> <span class='ocrx_word' id='word_1_491' title='bbox 1352 1247 1493 1275; x_wconf 86' lang='lat' dir='ltr'><strong>Conradus</strong></span> <span class='ocrx_word' id='word_1_492' title='bbox 1519 1248 1624 1276; x_wconf 84' lang='lat' dir='ltr'><strong>Frisius</strong></span> <span class='ocrx_word' id='word_1_493' title='bbox 1650 1249 1678 1276; x_wconf 92' lang='lat' dir='ltr'><strong>in</strong></span> 
     </span>
    </p>
   </div>
   <div class='ocr_carea' id='block_1_70' title="bbox 893 1291 1677 1327">
    <p class='ocr_par' dir='ltr' id='par_1_70' title="bbox 893 1291 1677 1327">
     <span class='ocr_line' id='line_1_70' title="bbox 893 1291 1677 1327; baseline 0.004 -8"><span class='ocrx_word' id='word_1_494' title='bbox 893 1291 1014 1327; x_wconf 77' lang='lat' dir='ltr'><strong>Epitome</strong></span> <span class='ocrx_word' id='word_1_495' title='bbox 1032 1291 1202 1320; x_wconf 67' lang='lat' dir='ltr'><strong>Bibliotheca</strong></span> <span class='ocrx_word' id='word_1_496' title='bbox 1219 1292 1406 1326; x_wconf 74' lang='lat' dir='ltr'><strong>Gesnerianae,</strong></span> <span class='ocrx_word' id='word_1_497' title='bbox 1431 1293 1525 1321; x_wconf 86' lang='lat' dir='ltr'><strong>haberi</strong></span> <span class='ocrx_word' id='word_1_498' title='bbox 1545 1294 1571 1321; x_wconf 92' lang='lat' dir='ltr'><strong>iu</strong></span> <span class='ocrx_word' id='word_1_499' title='bbox 1592 1294 1677 1323; x_wconf 70' lang='lat' dir='ltr'><strong>ltalite</strong></span> 
     </span>
    </p>
   </div>
   <div class='ocr_carea' id='block_1_71' title="bbox 893 1338 1678 1374">
    <p class='ocr_par' dir='ltr' id='par_1_71' title="bbox 893 1338 1678 1374">
     <span class='ocr_line' id='line_1_71' title="bbox 893 1338 1678 1374; baseline 0 -8"><span class='ocrx_word' id='word_1_500' title='bbox 893 1338 1054 1366; x_wconf 85' lang='lat' dir='ltr'><strong>bibliotheca</strong></span> <span class='ocrx_word' id='word_1_501' title='bbox 1079 1339 1196 1374; x_wconf 89' lang='lat' dir='ltr'><strong>quadam</strong></span> <span class='ocrx_word' id='word_1_502' title='bbox 1216 1339 1351 1366; x_wconf 89' lang='lat' dir='ltr'><strong>decimum</strong></span> <span class='ocrx_word' id='word_1_503' title='bbox 1376 1343 1477 1366; x_wconf 88' lang='lat' dir='ltr'><strong>tomum</strong></span> <span class='ocrx_word' id='word_1_504' title='bbox 1505 1339 1678 1366; x_wconf 85' lang='lat' dir='ltr'><strong>Commenta-</strong></span> 
     </span>
    </p>
   </div>
   <div class='ocr_carea' id='block_1_72' title="bbox 892 1383 1680 1419">
    <p class='ocr_par' dir='ltr' id='par_1_72' title="bbox 892 1383 1680 1419">
     <span class='ocr_line' id='line_1_72' title="bbox 892 1383 1680 1419; baseline 0.004 -8"><span class='ocrx_word' id='word_1_505' title='bbox 892 1385 993 1412; x_wconf 89' lang='lat' dir='ltr'><strong>riorum</strong></span> <span class='ocrx_word' id='word_1_506' title='bbox 1006 1383 1130 1419; x_wconf 78' lang='lat' dir='ltr'><strong>Origenis</strong></span> <span class='ocrx_word' id='word_1_507' title='bbox 1141 1385 1169 1411; x_wconf 88' lang='lat' dir='ltr'><strong>in</strong></span> <span class='ocrx_word' id='word_1_508' title='bbox 1182 1384 1354 1419; x_wconf 80' lang='lat' dir='ltr'><strong>Euangelium</strong></span> <span class='ocrx_word' id='word_1_509' title='bbox 1369 1384 1487 1412; x_wconf 73' lang='lat' dir='ltr'><strong>Matthwi</strong></span> <span class='ocrx_word' id='word_1_510' title='bbox 1494 1392 1504 1417; x_wconf 89' lang='lat'><em>;</em></span> <span class='ocrx_word' id='word_1_511' title='bbox 1520 1385 1582 1412; x_wconf 90' lang='lat' dir='ltr'><strong>item</strong></span> <span class='ocrx_word' id='word_1_512' title='bbox 1595 1385 1680 1414; x_wconf 75' lang='lat' dir='ltr'><strong>fuisse</strong></span> 
     </span>
    </p>
   </div>
   <div class='ocr_carea' id='block_1_73' title="bbox 892 1430 1680 1466">
    <p class='ocr_par' dir='ltr' id='par_1_73' title="bbox 892 1430 1680 1466">
     <span class='ocr_line' id='line_1_73' title="bbox 892 1430 1680 1466; baseline 0 -8"><span class='ocrx_word' id='word_1_513' title='bbox 892 1431 963 1466; x_wconf 87' lang='lat' dir='ltr'><strong>apud</strong></span> <span class='ocrx_word' id='word_1_514' title='bbox 979 1431 1091 1466; x_wconf 81' lang='lat' dir='ltr'><strong>Diegum</strong></span> <span class='ocrx_word' id='word_1_515' title='bbox 1114 1431 1266 1458; x_wconf 86' lang='lat' dir='ltr'><strong>Hurtadum</strong></span> <span class='ocrx_word' id='word_1_516' title='bbox 1285 1430 1406 1459; x_wconf 85' lang='lat' dir='ltr'><strong>Veneliis</strong></span> <span class='ocrx_word' id='word_1_517' title='bbox 1427 1431 1584 1458; x_wconf 79' lang='lat' dir='ltr'><strong>earumdem</strong></span> <span class='ocrx_word' id='word_1_518' title='bbox 1602 1431 1680 1459; x_wconf 83' lang='lat' dir='ltr'><strong>Com-</strong></span> 
     </span>
    </p>
   </div>
   <div class='ocr_carea' id='block_1_74' title="bbox 893 1476 1678 1512">
    <p class='ocr_par' dir='ltr' id='par_1_74' title="bbox 893 1476 1678 1512">
     <span class='ocr_line' id='line_1_74' title="bbox 893 1476 1678 1512; baseline -0.001 -8"><span class='ocrx_word' id='word_1_519' title='bbox 893 1478 1087 1505; x_wconf 84' lang='lat' dir='ltr'><strong>mentariorum</strong></span> <span class='ocrx_word' id='word_1_520' title='bbox 1107 1480 1208 1504; x_wconf 89' lang='lat' dir='ltr'><strong>tomum</strong></span> <span class='ocrx_word' id='word_1_521' title='bbox 1236 1484 1244 1504; x_wconf 94' lang='grc' dir='ltr'><strong>ι</strong></span> <span class='ocrx_word' id='word_1_522' title='bbox 1273 1477 1348 1512; x_wconf 87' lang='lat' dir='ltr'><strong>(lego</strong></span> <span class='ocrx_word' id='word_1_523' title='bbox 1362 1476 1400 1512; x_wconf 78' lang='grc' dir='ltr'><strong>ι),</strong></span> <span class='ocrx_word' id='word_1_524' title='bbox 1422 1483 1467 1509; x_wconf 91' lang='lat' dir='ltr'><strong>xI,</strong></span> <span class='ocrx_word' id='word_1_525' title='bbox 1484 1484 1532 1503; x_wconf 87' lang='lat' dir='ltr'><strong>xu.</strong></span> <span class='ocrx_word' id='word_1_526' title='bbox 1557 1477 1632 1510; x_wconf 82' lang='lat' dir='ltr'><strong>Quod</strong></span> <span class='ocrx_word' id='word_1_527' title='bbox 1655 1478 1678 1504; x_wconf 91' lang='lat' dir='ltr'><strong>si</strong></span> 
     </span>
    </p>
   </div>
   <div class='ocr_carea' id='block_1_75' title="bbox 856 1522 1675 1571">
    <p class='ocr_par' dir='ltr' id='par_1_75' title="bbox 856 1522 1675 1571">
     <span class='ocr_line' id='line_1_75' title="bbox 856 1522 1675 1571; baseline 0 -21"><span class='ocrx_word' id='word_1_528' title='bbox 856 1542 877 1571; x_wconf 63' lang='grc' dir='ltr'>α</span> <span class='ocrx_word' id='word_1_529' title='bbox 894 1530 943 1558; x_wconf 90' lang='lat' dir='ltr'><strong>par</strong></span> <span class='ocrx_word' id='word_1_530' title='bbox 959 1527 1002 1551; x_wconf 84' lang='lat' dir='ltr'><strong>est</strong></span> <span class='ocrx_word' id='word_1_531' title='bbox 1015 1522 1181 1558; x_wconf 87' lang='lat' dir='ltr'><strong>reliquorum</strong></span> <span class='ocrx_word' id='word_1_532' title='bbox 1198 1523 1268 1550; x_wconf 87' lang='lat' dir='ltr'><strong>inter</strong></span> <span class='ocrx_word' id='word_1_533' title='bbox 1281 1530 1310 1550; x_wconf 88' lang='lat' dir='ltr'><strong>se</strong></span> <span class='ocrx_word' id='word_1_534' title='bbox 1326 1530 1486 1555; x_wconf 85' lang='lat' dir='ltr'><strong>consensus,</strong></span> <span class='ocrx_word' id='word_1_535' title='bbox 1501 1523 1590 1558; x_wconf 89' lang='lat' dir='ltr'><strong>qualis</strong></span> <span class='ocrx_word' id='word_1_536' title='bbox 1607 1523 1675 1559; x_wconf 87' lang='lat' dir='ltr'><strong>regii</strong></span> 
     </span>
    </p>
   </div>
   <div class='ocr_carea' id='block_1_76' title="bbox 892 1568 1687 1604">
    <p class='ocr_par' dir='ltr' id='par_1_76' title="bbox 892 1568 1687 1604">
     <span class='ocr_line' id='line_1_76' title="bbox 892 1568 1687 1604; baseline 0 -8"><span class='ocrx_word' id='word_1_537' title='bbox 892 1568 1055 1604; x_wconf 89' lang='lat' dir='ltr'><strong>exemplaris</strong></span> <span class='ocrx_word' id='word_1_538' title='bbox 1081 1576 1142 1596; x_wconf 89' lang='lat' dir='ltr'><strong>cum</strong></span> <span class='ocrx_word' id='word_1_539' title='bbox 1163 1568 1321 1602; x_wconf 87' lang='lat' dir='ltr'><strong>Holmiensi,</strong></span> <span class='ocrx_word' id='word_1_540' title='bbox 1334 1576 1367 1596; x_wconf 89' lang='lat' dir='ltr'><strong>ex</strong></span> <span class='ocrx_word' id='word_1_541' title='bbox 1393 1576 1447 1596; x_wconf 95' lang='lat' dir='ltr'><strong>uuo</strong></span> <span class='ocrx_word' id='word_1_542' title='bbox 1471 1569 1618 1603; x_wconf 85' lang='lat' dir='ltr'><strong>eodemque</strong></span> <span class='ocrx_word' id='word_1_543' title='bbox 1633 1576 1687 1597; x_wconf 60' lang='grc' dir='ltr'>(ιο-ί</span> 
     </span>
    </p>
   </div>
   <div class='ocr_carea' id='block_1_77' title="bbox 893 1611 1678 1647">
    <p class='ocr_par' dir='ltr' id='par_1_77' title="bbox 893 1611 1678 1647">
     <span class='ocr_line' id='line_1_77' title="bbox 893 1611 1678 1647; baseline 0.004 -9"><span class='ocrx_word' id='word_1_544' title='bbox 893 1611 952 1638; x_wconf 90' lang='lat' dir='ltr'><strong>dice</strong></span> <span class='ocrx_word' id='word_1_545' title='bbox 969 1611 1119 1647; x_wconf 82' lang='lat' dir='ltr'><strong>descriptos</strong></span> <span class='ocrx_word' id='word_1_546' title='bbox 1133 1620 1228 1639; x_wconf 88' lang='lat' dir='ltr'><strong>omnes</strong></span> <span class='ocrx_word' id='word_1_547' title='bbox 1241 1613 1404 1640; x_wconf 88' lang='lat' dir='ltr'><strong>censuerim.</strong></span> <span class='ocrx_word' id='word_1_548' title='bbox 1421 1612 1504 1640; x_wconf 88' lang='lat' dir='ltr'><strong>Porro</strong></span> <span class='ocrx_word' id='word_1_549' title='bbox 1527 1613 1594 1641; x_wconf 87' lang='lat' dir='ltr'><strong>levis</strong></span> <span class='ocrx_word' id='word_1_550' title='bbox 1616 1613 1678 1642; x_wconf 85' lang='lat' dir='ltr'><strong>licet</strong></span> 
     </span>
    </p>
   </div>
   <div class='ocr_carea' id='block_1_78' title="bbox 891 1657 1678 1693">
    <p class='ocr_par' dir='ltr' id='par_1_78' title="bbox 891 1657 1678 1693">
     <span class='ocr_line' id='line_1_78' title="bbox 891 1657 1678 1693; baseline 0.004 -9"><span class='ocrx_word' id='word_1_551' title='bbox 891 1657 1045 1684; x_wconf 86' lang='lat' dir='ltr'><strong>Bellarmini</strong></span> <span class='ocrx_word' id='word_1_552' title='bbox 1070 1657 1237 1691; x_wconf 85' lang='lat' dir='ltr'><strong>conjectura,</strong></span> <span class='ocrx_word' id='word_1_553' title='bbox 1259 1666 1310 1693; x_wconf 86' lang='lat' dir='ltr'><strong>qua</strong></span> <span class='ocrx_word' id='word_1_554' title='bbox 1327 1659 1542 1686; x_wconf 87' lang='lat' dir='ltr'><strong>Commentarios</strong></span> <span class='ocrx_word' id='word_1_555' title='bbox 1565 1659 1624 1687; x_wconf 90' lang='lat' dir='ltr'><strong>illos</strong></span> <span class='ocrx_word' id='word_1_556' title='bbox 1643 1660 1678 1688; x_wconf 88' lang='lat' dir='ltr'><strong>ab</strong></span> 
     </span>
    </p>
   </div>
   <div class='ocr_carea' id='block_1_79' title="bbox 892 1701 1678 1739">
    <p class='ocr_par' dir='ltr' id='par_1_79' title="bbox 892 1701 1678 1739">
     <span class='ocr_line' id='line_1_79' title="bbox 892 1701 1678 1739; baseline 0.004 -11"><span class='ocrx_word' id='word_1_557' title='bbox 892 1701 1007 1736; x_wconf 88' lang='lat' dir='ltr'><strong>Origene</strong></span> <span class='ocrx_word' id='word_1_558' title='bbox 1022 1701 1167 1736; x_wconf 85' lang='lat' dir='ltr'><strong>abjudicat,</strong></span> <span class='ocrx_word' id='word_1_559' title='bbox 1187 1709 1240 1729; x_wconf 91' lang='lat' dir='ltr'><strong>non</strong></span> <span class='ocrx_word' id='word_1_560' title='bbox 1259 1706 1347 1729; x_wconf 90' lang='lat' dir='ltr'><strong>tamen</strong></span> <span class='ocrx_word' id='word_1_561' title='bbox 1369 1703 1550 1738; x_wconf 80' lang='grc' dir='ltr'><strong>ἀναπόκριτος</strong></span> <span class='ocrx_word' id='word_1_562' title='bbox 1566 1710 1678 1739; x_wconf 65' lang='lat' dir='ltr'><strong>praeter-</strong></span> 
     </span>
    </p>
   </div>
   <div class='ocr_carea' id='block_1_80' title="bbox 891 1746 1676 1784">
    <p class='ocr_par' dir='ltr' id='par_1_80' title="bbox 891 1746 1676 1784">
     <span class='ocr_line' id='line_1_80' title="bbox 891 1746 1676 1784; baseline 0.005 -11"><span class='ocrx_word' id='word_1_563' title='bbox 891 1746 1020 1773; x_wconf 87' lang='lat' dir='ltr'><strong>mittenda</strong></span> <span class='ocrx_word' id='word_1_564' title='bbox 1035 1751 1087 1774; x_wconf 89' lang='lat' dir='ltr'><strong>est.</strong></span> <span class='ocrx_word' id='word_1_565' title='bbox 1099 1746 1145 1774; x_wconf 90' lang='lat' dir='ltr'><strong>Sic</strong></span> <span class='ocrx_word' id='word_1_566' title='bbox 1158 1747 1195 1774; x_wconf 86' lang='lat' dir='ltr'><strong>ait</strong></span> <span class='ocrx_word' id='word_1_567' title='bbox 1209 1747 1254 1774; x_wconf 89' lang='lat' dir='ltr'><strong>ille</strong></span> <span class='ocrx_word' id='word_1_568' title='bbox 1270 1747 1296 1774; x_wconf 93' lang='lat' dir='ltr'><strong>in</strong></span> <span class='ocrx_word' id='word_1_569' title='bbox 1318 1747 1388 1775; x_wconf 91' lang='lat' dir='ltr'><strong>libro</strong></span> <span class='ocrx_word' id='word_1_570' title='bbox 1405 1748 1442 1775; x_wconf 80' lang='lat' dir='ltr'><strong>De</strong></span> <span class='ocrx_word' id='word_1_571' title='bbox 1455 1749 1578 1784; x_wconf 72' lang='lat' dir='ltr'><strong>scriptor.</strong></span> <span class='ocrx_word' id='word_1_572' title='bbox 1593 1750 1676 1778; x_wconf 80' lang='lat' dir='ltr'><strong>eccle-</strong></span> 
     </span>
    </p>
   </div>
   <div class='ocr_carea' id='block_1_81' title="bbox 890 1791 1675 1830">
    <p class='ocr_par' dir='ltr' id='par_1_81' title="bbox 890 1791 1675 1830">
     <span class='ocr_line' id='line_1_81' title="bbox 890 1791 1675 1830; baseline 0.006 -12"><span class='ocrx_word' id='word_1_573' title='bbox 890 1792 978 1824; x_wconf 64' lang='lat' dir='ltr'><strong>siam,</strong></span> <span class='ocrx_word' id='word_1_574' title='bbox 1002 1792 1047 1820; x_wconf 90' lang='lat' dir='ltr'><strong>ubi</strong></span> <span class='ocrx_word' id='word_1_575' title='bbox 1079 1792 1114 1819; x_wconf 91' lang='lat' dir='ltr'><strong>de</strong></span> <span class='ocrx_word' id='word_1_576' title='bbox 1141 1791 1284 1827; x_wconf 78' lang='lat' dir='ltr'><strong>Origene:</strong></span> <span class='ocrx_word' id='word_1_577' title='bbox 1309 1802 1318 1819; x_wconf 85' lang='grc' dir='ltr'><strong>ι</strong></span> <span class='ocrx_word' id='word_1_578' title='bbox 1335 1792 1479 1822; x_wconf 83' lang='lat' dir='ltr'><strong>Tractatus</strong></span> <span class='ocrx_word' id='word_1_579' title='bbox 1507 1796 1618 1830; x_wconf 87' lang='lat' dir='ltr'><strong>quintus</strong></span> <span class='ocrx_word' id='word_1_580' title='bbox 1648 1797 1675 1823; x_wconf 93' lang='lat' dir='ltr'><strong>in</strong></span> 
     </span>
    </p>
   </div>
   <div class='ocr_carea' id='block_1_82' title="bbox 891 1836 1676 1868">
    <p class='ocr_par' dir='ltr' id='par_1_82' title="bbox 891 1836 1676 1868">
     <span class='ocr_line' id='line_1_82' title="bbox 891 1836 1676 1868; baseline 0.005 -4"><span class='ocrx_word' id='word_1_581' title='bbox 891 1836 1045 1865; x_wconf 66' lang='lat' dir='ltr'><strong>Malthaeum</strong></span> <span class='ocrx_word' id='word_1_582' title='bbox 1061 1838 1167 1865; x_wconf 91' lang='lat' dir='ltr'><strong>videtur</strong></span> <span class='ocrx_word' id='word_1_583' title='bbox 1185 1845 1246 1865; x_wconf 76' lang='lat' dir='ltr'><strong>esse</strong></span> <span class='ocrx_word' id='word_1_584' title='bbox 1265 1837 1355 1866; x_wconf 86' lang='lat' dir='ltr'><strong>Latini</strong></span> <span class='ocrx_word' id='word_1_585' title='bbox 1379 1841 1521 1868; x_wconf 82' lang='lat' dir='ltr'><strong>auctoris:</strong></span> <span class='ocrx_word' id='word_1_586' title='bbox 1544 1848 1606 1868; x_wconf 86' lang='lat' dir='ltr'><strong>nam</strong></span> <span class='ocrx_word' id='word_1_587' title='bbox 1625 1841 1676 1868; x_wconf 87' lang='lat' dir='ltr'><strong>ad-</strong></span> 
     </span>
    </p>
   </div>
   <div class='ocr_carea' id='block_1_83' title="bbox 891 1883 1676 1918">
    <p class='ocr_par' dir='ltr' id='par_1_83' title="bbox 891 1883 1676 1918">
     <span class='ocr_line' id='line_1_83' title="bbox 891 1883 1676 1918; baseline 0.005 -8"><span class='ocrx_word' id='word_1_588' title='bbox 891 1883 992 1911; x_wconf 85' lang='lat' dir='ltr'><strong>ducens</strong></span> <span class='ocrx_word' id='word_1_589' title='bbox 1013 1887 1107 1910; x_wconf 88' lang='lat' dir='ltr'><strong>auctor</strong></span> <span class='ocrx_word' id='word_1_590' title='bbox 1123 1883 1204 1911; x_wconf 89' lang='lat' dir='ltr'><strong>verba</strong></span> <span class='ocrx_word' id='word_1_591' title='bbox 1219 1884 1296 1911; x_wconf 66' lang='lat' dir='ltr'><strong>lsaim</strong></span> <span class='ocrx_word' id='word_1_592' title='bbox 1309 1891 1386 1918; x_wconf 80' lang='lat' dir='ltr'>LVIII,</span> <span class='ocrx_word' id='word_1_593' title='bbox 1402 1885 1445 1917; x_wconf 80' lang='lat' dir='ltr'><strong>i6,</strong></span> <span class='ocrx_word' id='word_1_594' title='bbox 1462 1885 1588 1913; x_wconf 75' lang='lat' dir='ltr'><strong>Dominus</strong></span> <span class='ocrx_word' id='word_1_595' title='bbox 1604 1887 1676 1914; x_wconf 86' lang='lat' dir='ltr'><strong>misit</strong></span> 
     </span>
    </p>
   </div>
   <div class='ocr_carea' id='block_1_84' title="bbox 890 1929 1676 1966">
    <p class='ocr_par' dir='ltr' id='par_1_84' title="bbox 890 1929 1676 1966">
     <span class='ocr_line' id='line_1_84' title="bbox 890 1929 1676 1966; baseline 0.005 -11"><span class='ocrx_word' id='word_1_596' title='bbox 890 1937 930 1956; x_wconf 80' lang='lat' dir='ltr'><strong>me</strong></span> <span class='ocrx_word' id='word_1_597' title='bbox 947 1934 970 1956; x_wconf 85' lang='lat' dir='ltr'><strong>et</strong></span> <span class='ocrx_word' id='word_1_598' title='bbox 985 1929 1091 1962; x_wconf 75' lang='lat' dir='ltr'><strong>spiritus</strong></span> <span class='ocrx_word' id='word_1_599' title='bbox 1102 1929 1181 1963; x_wconf 80' lang='lat' dir='ltr'><strong>ejus:</strong></span> <span class='ocrx_word' id='word_1_600' title='bbox 1196 1929 1222 1956; x_wconf 94' lang='lat' dir='ltr'><strong>in</strong></span> <span class='ocrx_word' id='word_1_601' title='bbox 1244 1929 1347 1962; x_wconf 61' lang='lat' dir='ltr'><strong>Graeco.</strong></span> <span class='ocrx_word' id='word_1_602' title='bbox 1363 1931 1459 1965; x_wconf 88' lang='lat' dir='ltr'><strong>inquit,</strong></span> <span class='ocrx_word' id='word_1_603' title='bbox 1476 1931 1594 1966; x_wconf 84' lang='lat' dir='ltr'><strong>Spiritus</strong></span> <span class='ocrx_word' id='word_1_604' title='bbox 1612 1940 1676 1960; x_wconf 85' lang='lat' dir='ltr'><strong>san-</strong></span> 
     </span>
    </p>
   </div>
   <div class='ocr_carea' id='block_1_85' title="bbox 890 1973 1673 2012">
    <p class='ocr_par' dir='ltr' id='par_1_85' title="bbox 890 1973 1673 2012">
     <span class='ocr_line' id='line_1_85' title="bbox 890 1973 1673 2012; baseline 0.004 -12"><span class='ocrx_word' id='word_1_605' title='bbox 890 1978 949 2001; x_wconf 86' lang='lat' dir='ltr'><strong>ctus</strong></span> <span class='ocrx_word' id='word_1_606' title='bbox 968 1974 1054 2001; x_wconf 89' lang='lat' dir='ltr'><strong>neutri</strong></span> <span class='ocrx_word' id='word_1_607' title='bbox 1077 1973 1183 2008; x_wconf 82' lang='lat' dir='ltr'><strong>generis</strong></span> <span class='ocrx_word' id='word_1_608' title='bbox 1203 1978 1261 2006; x_wconf 85' lang='lat' dir='ltr'><strong>est,</strong></span> <span class='ocrx_word' id='word_1_609' title='bbox 1283 1981 1336 2001; x_wconf 90' lang='lat' dir='ltr'><strong>non</strong></span> <span class='ocrx_word' id='word_1_610' title='bbox 1367 1976 1525 2008; x_wconf 87' lang='lat' dir='ltr'><strong>masculini,</strong></span> <span class='ocrx_word' id='word_1_611' title='bbox 1549 1982 1577 2003; x_wconf 89' lang='lat' dir='ltr'><strong>ut</strong></span> <span class='ocrx_word' id='word_1_612' title='bbox 1602 1977 1673 2012; x_wconf 87' lang='lat' dir='ltr'><strong>apud</strong></span> 
     </span>
    </p>
   </div>
   <div class='ocr_carea' id='block_1_86' title="bbox 890 2019 1673 2054">
    <p class='ocr_par' dir='ltr' id='par_1_86' title="bbox 890 2019 1673 2054">
     <span class='ocr_line' id='line_1_86' title="bbox 890 2019 1673 2054; baseline 0.004 -7"><span class='ocrx_word' id='word_1_613' title='bbox 890 2027 953 2054; x_wconf 87' lang='lat' dir='ltr'><strong>nos;</strong></span> <span class='ocrx_word' id='word_1_614' title='bbox 973 2020 1017 2047; x_wconf 85' lang='lat' dir='ltr'><strong>ubi</strong></span> <span class='ocrx_word' id='word_1_615' title='bbox 1033 2027 1062 2047; x_wconf 89' lang='lat' dir='ltr'><strong>se</strong></span> <span class='ocrx_word' id='word_1_616' title='bbox 1082 2020 1154 2047; x_wconf 88' lang='lat' dir='ltr'><strong>inter</strong></span> <span class='ocrx_word' id='word_1_617' title='bbox 1169 2019 1282 2047; x_wconf 88' lang='lat' dir='ltr'><strong>Latinos</strong></span> <span class='ocrx_word' id='word_1_618' title='bbox 1303 2025 1438 2048; x_wconf 78' lang='lat' dir='ltr'><strong>numerat.</strong></span> <span class='ocrx_word' id='word_1_619' title='bbox 1456 2022 1523 2049; x_wconf 78' lang='lat' dir='ltr'><strong>Etsi</strong></span> <span class='ocrx_word' id='word_1_620' title='bbox 1542 2027 1673 2050; x_wconf 82' lang='lat' dir='ltr'><strong>tractatus</strong></span> 
     </span>
    </p>
   </div>
   <div class='ocr_carea' id='block_1_87' title="bbox 889 2064 1674 2101">
    <p class='ocr_par' dir='ltr' id='par_1_87' title="bbox 889 2064 1674 2101">
     <span class='ocr_line' id='line_1_87' title="bbox 889 2064 1674 2101; baseline 0.004 -10"><span class='ocrx_word' id='word_1_621' title='bbox 889 2066 998 2100; x_wconf 89' lang='lat' dir='ltr'><strong>quintus</strong></span> <span class='ocrx_word' id='word_1_622' title='bbox 1011 2064 1100 2092; x_wconf 85' lang='lat' dir='ltr'><strong>Latini</strong></span> <span class='ocrx_word' id='word_1_623' title='bbox 1120 2065 1239 2092; x_wconf 85' lang='lat' dir='ltr'><strong>auctoris</strong></span> <span class='ocrx_word' id='word_1_624' title='bbox 1257 2069 1310 2098; x_wconf 90' lang='lat' dir='ltr'><strong>est,</strong></span> <span class='ocrx_word' id='word_1_625' title='bbox 1326 2073 1379 2092; x_wconf 91' lang='lat' dir='ltr'><strong>non</strong></span> <span class='ocrx_word' id='word_1_626' title='bbox 1399 2071 1481 2101; x_wconf 82' lang='lat' dir='ltr'><strong>parva</strong></span> <span class='ocrx_word' id='word_1_627' title='bbox 1498 2067 1617 2101; x_wconf 85' lang='lat' dir='ltr'><strong>suspicio</strong></span> <span class='ocrx_word' id='word_1_628' title='bbox 1631 2072 1674 2094; x_wconf 81' lang='lat' dir='ltr'><strong>est</strong></span> 
     </span>
    </p>
   </div>
   <div class='ocr_carea' id='block_1_88' title="bbox 890 2111 1675 2146">
    <p class='ocr_par' dir='ltr' id='par_1_88' title="bbox 890 2111 1675 2146">
     <span class='ocr_line' id='line_1_88' title="bbox 890 2111 1675 2146; baseline 0.003 -8"><span class='ocrx_word' id='word_1_629' title='bbox 890 2111 1006 2146; x_wconf 89' lang='lat' dir='ltr'><strong>reliquos</strong></span> <span class='ocrx_word' id='word_1_630' title='bbox 1020 2111 1102 2138; x_wconf 88' lang='lat' dir='ltr'><strong>etiam</strong></span> <span class='ocrx_word' id='word_1_631' title='bbox 1124 2115 1254 2139; x_wconf 86' lang='lat' dir='ltr'><strong>tractatus</strong></span> <span class='ocrx_word' id='word_1_632' title='bbox 1272 2111 1393 2146; x_wconf 83' lang='lat' dir='ltr'><strong>ejusdem</strong></span> <span class='ocrx_word' id='word_1_633' title='bbox 1408 2112 1508 2146; x_wconf 86' lang='lat' dir='ltr'><strong>operis,</strong></span> <span class='ocrx_word' id='word_1_634' title='bbox 1523 2111 1611 2139; x_wconf 84' lang='lat' dir='ltr'><strong>Latini</strong></span> <span class='ocrx_word' id='word_1_635' title='bbox 1627 2120 1675 2140; x_wconf 89' lang='lat' dir='ltr'><strong>au-</strong></span> 
     </span>
    </p>
   </div>
   <div class='ocr_carea' id='block_1_89' title="bbox 889 2156 1674 2192">
    <p class='ocr_par' dir='ltr' id='par_1_89' title="bbox 889 2156 1674 2192">
     <span class='ocr_line' id='line_1_89' title="bbox 889 2156 1674 2192; baseline 0.001 -7"><span class='ocrx_word' id='word_1_636' title='bbox 889 2159 972 2185; x_wconf 84' lang='lat' dir='ltr'><strong>ctoris</strong></span> <span class='ocrx_word' id='word_1_637' title='bbox 1000 2164 1070 2185; x_wconf 83' lang='lat' dir='ltr'><strong>esse.</strong></span> <span class='ocrx_word' id='word_1_638' title='bbox 1086 2166 1096 2182; x_wconf 71' lang='grc' dir='ltr'><strong>ι</strong></span> <span class='ocrx_word' id='word_1_639' title='bbox 1115 2156 1233 2184; x_wconf 87' lang='lat' dir='ltr'><strong>Habelur</strong></span> <span class='ocrx_word' id='word_1_640' title='bbox 1253 2157 1298 2184; x_wconf 90' lang='lat' dir='ltr'><strong>hic</strong></span> <span class='ocrx_word' id='word_1_641' title='bbox 1313 2157 1437 2192; x_wconf 83' lang='lat' dir='ltr'><strong>Origenis</strong></span> <span class='ocrx_word' id='word_1_642' title='bbox 1457 2158 1531 2185; x_wconf 89' lang='lat' dir='ltr'><strong>locus</strong></span> <span class='ocrx_word' id='word_1_643' title='bbox 1546 2162 1610 2185; x_wconf 91' lang='lat' dir='ltr'><strong>tom.</strong></span> <span class='ocrx_word' id='word_1_644' title='bbox 1625 2166 1674 2186; x_wconf 67' lang='grc' dir='ltr'>χιιι</span> 
     </span>
    </p>
   </div>
   <div class='ocr_carea' id='block_1_90' title="bbox 53 2199 1674 2239">
    <p class='ocr_par' dir='ltr' id='par_1_90' title="bbox 53 2199 1674 2239">
     <span class='ocr_line' id='line_1_90' title="bbox 53 2199 1674 2239; baseline 0.002 -11"><span class='ocrx_word' id='word_1_645' title='bbox 53 2201 173 2236; x_wconf 85' lang='lat' dir='ltr'><strong>Origene</strong></span> <span class='ocrx_word' id='word_1_646' title='bbox 187 2200 214 2227; x_wconf 87' lang='lat' dir='ltr'><strong>in</strong></span> <span class='ocrx_word' id='word_1_647' title='bbox 228 2199 322 2227; x_wconf 71' lang='lat' dir='ltr'><strong>Oscam</strong></span> <span class='ocrx_word' id='word_1_648' title='bbox 338 2200 454 2234; x_wconf 83' lang='lat' dir='ltr'><strong>scriptos</strong></span> <span class='ocrx_word' id='word_1_649' title='bbox 472 2200 554 2227; x_wconf 77' lang='lat' dir='ltr'><strong>fuisse</strong></span> <span class='ocrx_word' id='word_1_650' title='bbox 568 2199 782 2227; x_wconf 85' lang='lat' dir='ltr'><strong>Commentarios</strong></span> <span class='ocrx_word' id='word_1_651' title='bbox 795 2206 838 2226; x_wconf 86' lang='lat' dir='ltr'><strong>as-</strong></span> <span class='ocrx_word' id='word_1_652' title='bbox 853 2210 876 2238; x_wconf 77' lang='grc' dir='ltr'>ι)</span> <span class='ocrx_word' id='word_1_653' title='bbox 891 2204 916 2230; x_wconf 78' lang='lat' dir='ltr'><strong>in</strong></span> <span class='ocrx_word' id='word_1_654' title='bbox 939 2203 1036 2230; x_wconf 75' lang='lat' dir='ltr'><strong>Manli.</strong></span> <span class='ocrx_word' id='word_1_655' title='bbox 1058 2210 1135 2236; x_wconf 74' lang='lat' dir='ltr'><strong>xvm,</strong></span> <span class='ocrx_word' id='word_1_656' title='bbox 1155 2211 1231 2232; x_wconf 86' lang='lat' dir='ltr'><strong>num.</strong></span> <span class='ocrx_word' id='word_1_657' title='bbox 1244 2203 1288 2236; x_wconf 84' lang='lat' dir='ltr'><strong>l8,</strong></span> <span class='ocrx_word' id='word_1_658' title='bbox 1310 2211 1372 2239; x_wconf 84' lang='lat' dir='ltr'><strong>pag.</strong></span> <span class='ocrx_word' id='word_1_659' title='bbox 1390 2203 1453 2231; x_wconf 82' lang='lat'><strong>595.</strong></span> <span class='ocrx_word' id='word_1_660' title='bbox 1477 2204 1605 2237; x_wconf 81' lang='lat' dir='ltr'><strong>Quamvis</strong></span> <span class='ocrx_word' id='word_1_661' title='bbox 1623 2205 1674 2232; x_wconf 91' lang='lat' dir='ltr'><strong>hoc</strong></span> 
     </span>
    </p>
   </div>
   <div class='ocr_carea' id='block_1_91' title="bbox 54 2245 838 2281">
    <p class='ocr_par' dir='ltr' id='par_1_91' title="bbox 54 2245 838 2281">
     <span class='ocr_line' id='line_1_91' title="bbox 54 2245 838 2281; baseline -0.004 -7"><span class='ocrx_word' id='word_1_662' title='bbox 54 2253 131 2274; x_wconf 84' lang='lat' dir='ltr'><strong>serat</strong></span> <span class='ocrx_word' id='word_1_663' title='bbox 154 2246 269 2274; x_wconf 86' lang='lat' dir='ltr'><strong>dicens:</strong></span> <span class='ocrx_word' id='word_1_664' title='bbox 288 2254 298 2271; x_wconf 74' lang='grc' dir='ltr'><strong>ι</strong></span> <span class='ocrx_word' id='word_1_665' title='bbox 312 2245 414 2281; x_wconf 81' lang='lat' dir='ltr'><strong>Rogavi</strong></span> <span class='ocrx_word' id='word_1_666' title='bbox 438 2253 498 2273; x_wconf 89' lang='lat' dir='ltr'><strong>eum</strong></span> <span class='ocrx_word' id='word_1_667' title='bbox 524 2245 700 2281; x_wconf 84' lang='lat' dir='ltr'><strong>(Didymum)</strong></span> <span class='ocrx_word' id='word_1_668' title='bbox 720 2250 748 2272; x_wconf 92' lang='lat' dir='ltr'><strong>ut</strong></span> <span class='ocrx_word' id='word_1_669' title='bbox 767 2245 838 2280; x_wconf 85' lang='lat' dir='ltr'><strong>quod</strong></span> 
     </span>
    </p>
   </div>
   <div class='ocr_carea' id='block_1_92' title="bbox 54 2291 841 2328">
    <p class='ocr_par' dir='ltr' id='par_1_92' title="bbox 54 2291 841 2328">
     <span class='ocr_line' id='line_1_92' title="bbox 54 2291 841 2328; baseline -0.004 -7"><span class='ocrx_word' id='word_1_670' title='bbox 54 2293 189 2328; x_wconf 81' lang='lat' dir='ltr'><strong>Origenes</strong></span> <span class='ocrx_word' id='word_1_671' title='bbox 203 2300 256 2320; x_wconf 92' lang='lat' dir='ltr'><strong>non</strong></span> <span class='ocrx_word' id='word_1_672' title='bbox 275 2292 393 2324; x_wconf 81' lang='lat' dir='ltr'><strong>fecerat,</strong></span> <span class='ocrx_word' id='word_1_673' title='bbox 411 2292 468 2326; x_wconf 82' lang='lat' dir='ltr'><strong>ipse</strong></span> <span class='ocrx_word' id='word_1_674' title='bbox 482 2291 639 2326; x_wconf 87' lang='lat' dir='ltr'><strong>compleret,</strong></span> <span class='ocrx_word' id='word_1_675' title='bbox 661 2296 688 2319; x_wconf 91' lang='lat' dir='ltr'><strong>et</strong></span> <span class='ocrx_word' id='word_1_676' title='bbox 710 2292 841 2319; x_wconf 85' lang='lat' dir='ltr'><strong>scriberet</strong></span> 
     </span>
    </p>
   </div>
   <div class='ocr_carea' id='block_1_93' title="bbox 55 2337 839 2373">
    <p class='ocr_par' dir='ltr' id='par_1_93' title="bbox 55 2337 839 2373">
     <span class='ocr_line' id='line_1_93' title="bbox 55 2337 839 2373; baseline -0.004 -6"><span class='ocrx_word' id='word_1_677' title='bbox 55 2340 85 2367; x_wconf 84' lang='lat' dir='ltr'><strong>in</strong></span> <span class='ocrx_word' id='word_1_678' title='bbox 111 2339 177 2367; x_wconf 75' lang='lat' dir='ltr'><strong>Osee</strong></span> <span class='ocrx_word' id='word_1_679' title='bbox 188 2338 414 2372; x_wconf 86' lang='lat' dir='ltr'><strong>Commentarios,</strong></span> <span class='ocrx_word' id='word_1_680' title='bbox 428 2346 438 2363; x_wconf 74' lang='grc' dir='ltr'><strong>ι</strong></span> <span class='ocrx_word' id='word_1_681' title='bbox 458 2338 660 2373; x_wconf 86' lang='lat' dir='ltr'><strong>intelligendum</strong></span> <span class='ocrx_word' id='word_1_682' title='bbox 684 2341 726 2365; x_wconf 90' lang='lat' dir='ltr'><strong>est</strong></span> <span class='ocrx_word' id='word_1_683' title='bbox 746 2337 839 2372; x_wconf 90' lang='lat' dir='ltr'><strong>plenos</strong></span> 
     </span>
    </p>
   </div>
   <div class='ocr_carea' id='block_1_94' title="bbox 56 2381 839 2417">
    <p class='ocr_par' dir='ltr' id='par_1_94' title="bbox 56 2381 839 2417">
     <span class='ocr_line' id='line_1_94' title="bbox 56 2381 839 2417; baseline -0.003 -6"><span class='ocrx_word' id='word_1_684' title='bbox 56 2385 85 2412; x_wconf 92' lang='lat' dir='ltr'><strong>in</strong></span> <span class='ocrx_word' id='word_1_685' title='bbox 102 2389 187 2411; x_wconf 89' lang='lat' dir='ltr'><strong>totum</strong></span> <span class='ocrx_word' id='word_1_686' title='bbox 202 2382 299 2410; x_wconf 85' lang='lat' dir='ltr'><strong>Oseani</strong></span> <span class='ocrx_word' id='word_1_687' title='bbox 321 2382 530 2410; x_wconf 86' lang='lat' dir='ltr'><strong>commentarios</strong></span> <span class='ocrx_word' id='word_1_688' title='bbox 542 2381 688 2417; x_wconf 86' lang='lat' dir='ltr'><strong>Origeuem</strong></span> <span class='ocrx_word' id='word_1_689' title='bbox 702 2390 755 2410; x_wconf 90' lang='lat' dir='ltr'><strong>non</strong></span> <span class='ocrx_word' id='word_1_690' title='bbox 771 2382 839 2409; x_wconf 88' lang='lat' dir='ltr'><strong>scri-</strong></span> 
     </span>
    </p>
   </div>
   <div class='ocr_carea' id='block_1_95' title="bbox 55 2427 579 2466">
    <p class='ocr_par' dir='ltr' id='par_1_95' title="bbox 55 2427 579 2466">
     <span class='ocr_line' id='line_1_95' title="bbox 55 2427 579 2466; baseline -0.006 -8"><span class='ocrx_word' id='word_1_691' title='bbox 55 2430 156 2466; x_wconf 80' lang='lat' dir='ltr'><strong>psisse,</strong></span> <span class='ocrx_word' id='word_1_692' title='bbox 169 2430 215 2457; x_wconf 84' lang='lat' dir='ltr'><strong>sed</strong></span> <span class='ocrx_word' id='word_1_693' title='bbox 230 2429 341 2464; x_wconf 87' lang='lat' dir='ltr'><strong>exiguos</strong></span> <span class='ocrx_word' id='word_1_694' title='bbox 355 2428 442 2456; x_wconf 90' lang='lat' dir='ltr'><strong>solum</strong></span> <span class='ocrx_word' id='word_1_695' title='bbox 464 2427 579 2455; x_wconf 87' lang='lat' dir='ltr'><strong>libellos.</strong></span> 
     </span>
    </p>
   </div>
   <div class='ocr_carea' id='block_1_96' title="bbox 92 2473 839 2510">
    <p class='ocr_par' dir='ltr' id='par_1_96' title="bbox 92 2473 839 2510">
     <span class='ocr_line' id='line_1_96' title="bbox 92 2473 839 2510; baseline -0.003 -8"><span class='ocrx_word' id='word_1_696' title='bbox 92 2475 151 2503; x_wconf 70' lang='grc' dir='ltr'><strong>ΧΠ.</strong></span> <span class='ocrx_word' id='word_1_697' title='bbox 173 2474 273 2510; x_wconf 84' lang='lat' dir='ltr'><strong>Viginti</strong></span> <span class='ocrx_word' id='word_1_698' title='bbox 296 2474 416 2509; x_wconf 90' lang='lat' dir='ltr'><strong>quinque</strong></span> <span class='ocrx_word' id='word_1_699' title='bbox 433 2474 461 2501; x_wconf 85' lang='lat' dir='ltr'><strong>in</strong></span> <span class='ocrx_word' id='word_1_700' title='bbox 485 2473 639 2500; x_wconf 67' lang='lat' dir='ltr'><strong>Matt/tarum</strong></span> <span class='ocrx_word' id='word_1_701' title='bbox 665 2477 752 2501; x_wconf 88' lang='lat' dir='ltr'><strong>tomos</strong></span> <span class='ocrx_word' id='word_1_702' title='bbox 775 2473 839 2502; x_wconf 88' lang='lat' dir='ltr'><strong>Ori-</strong></span> 
     </span>
    </p>
   </div>
   <div class='ocr_carea' id='block_1_97' title="bbox 57 2519 840 2558">
    <p class='ocr_par' dir='ltr' id='par_1_97' title="bbox 57 2519 840 2558">
     <span class='ocr_line' id='line_1_97' title="bbox 57 2519 840 2558; baseline -0.006 -8"><span class='ocrx_word' id='word_1_703' title='bbox 57 2529 142 2558; x_wconf 87' lang='lat' dir='ltr'><strong>genes</strong></span> <span class='ocrx_word' id='word_1_704' title='bbox 164 2520 323 2548; x_wconf 83' lang='lat' dir='ltr'><strong>elaboravit.</strong></span> <span class='ocrx_word' id='word_1_705' title='bbox 338 2519 422 2547; x_wconf 84' lang='lat' dir='ltr'><strong>Breve</strong></span> <span class='ocrx_word' id='word_1_706' title='bbox 445 2524 612 2554; x_wconf 82' lang='lat' dir='ltr'><strong>segmentum</strong></span> <span class='ocrx_word' id='word_1_707' title='bbox 629 2526 644 2546; x_wconf 91' lang='lat' dir='ltr'><strong>e</strong></span> <span class='ocrx_word' id='word_1_708' title='bbox 658 2519 746 2554; x_wconf 89' lang='lat' dir='ltr'><strong>primo</strong></span> <span class='ocrx_word' id='word_1_709' title='bbox 768 2524 840 2546; x_wconf 93' lang='lat' dir='ltr'><strong>Iomo</strong></span> 
     </span>
    </p>
   </div>
   <div class='ocr_carea' id='block_1_98' title="bbox 56 2564 840 2600">
    <p class='ocr_par' dir='ltr' id='par_1_98' title="bbox 56 2564 840 2600">
     <span class='ocr_line' id='line_1_98' title="bbox 56 2564 840 2600; baseline -0.003 -5"><span class='ocrx_word' id='word_1_710' title='bbox 56 2568 167 2595; x_wconf 87' lang='lat' dir='ltr'><strong>adducit</strong></span> <span class='ocrx_word' id='word_1_711' title='bbox 190 2566 321 2594; x_wconf 85' lang='lat' dir='ltr'><strong>Eusebius</strong></span> <span class='ocrx_word' id='word_1_712' title='bbox 344 2566 391 2593; x_wconf 89' lang='lat' dir='ltr'><strong>lib.</strong></span> <span class='ocrx_word' id='word_1_713' title='bbox 414 2573 438 2593; x_wconf 77' lang='lat' dir='ltr'><strong>Vl</strong></span> <span class='ocrx_word' id='word_1_714' title='bbox 463 2564 582 2599; x_wconf 70' lang='lat' dir='ltr'><strong>Hiaion,</strong></span> <span class='ocrx_word' id='word_1_715' title='bbox 606 2572 664 2600; x_wconf 89' lang='lat' dir='ltr'><strong>cap.</strong></span> <span class='ocrx_word' id='word_1_716' title='bbox 684 2565 734 2598; x_wconf 67' lang='lat'><strong>‘15,</strong></span> <span class='ocrx_word' id='word_1_717' title='bbox 754 2573 840 2600; x_wconf 87' lang='lat' dir='ltr'><strong>eoque</strong></span> 
     </span>
    </p>
   </div>
   <div class='ocr_carea' id='block_1_99' title="bbox 58 2611 837 2647">
    <p class='ocr_par' dir='ltr' id='par_1_99' title="bbox 58 2611 837 2647">
     <span class='ocr_line' id='line_1_99' title="bbox 58 2611 837 2647; baseline -0.003 -6"><span class='ocrx_word' id='word_1_718' title='bbox 58 2613 167 2642; x_wconf 85' lang='lat' dir='ltr'><strong>brevius</strong></span> <span class='ocrx_word' id='word_1_719' title='bbox 181 2613 252 2640; x_wconf 89' lang='lat' dir='ltr'><strong>aliud</strong></span> <span class='ocrx_word' id='word_1_720' title='bbox 269 2612 386 2640; x_wconf 88' lang='lat' dir='ltr'><strong>indidem</strong></span> <span class='ocrx_word' id='word_1_721' title='bbox 401 2612 504 2647; x_wconf 81' lang='lat' dir='ltr'><strong>profert</strong></span> <span class='ocrx_word' id='word_1_722' title='bbox 522 2611 679 2647; x_wconf 82' lang='lat' dir='ltr'><strong>Pamphilus</strong></span> <span class='ocrx_word' id='word_1_723' title='bbox 694 2612 721 2639; x_wconf 90' lang='lat' dir='ltr'><strong>iu</strong></span> <span class='ocrx_word' id='word_1_724' title='bbox 738 2612 837 2647; x_wconf 82' lang='lat' dir='ltr'><strong>Apolo-</strong></span> 
     </span>
    </p>
   </div>
   <div class='ocr_carea' id='block_1_100' title="bbox 55 2660 840 2698">
    <p class='ocr_par' dir='ltr' id='par_1_100' title="bbox 55 2660 840 2698">
     <span class='ocr_line' id='line_1_100' title="bbox 55 2660 840 2698; baseline -0.003 -9"><span class='ocrx_word' id='word_1_725' title='bbox 55 2663 152 2698; x_wconf 77' lang='lat' dir='ltr'><strong>gslico.</strong></span> <span class='ocrx_word' id='word_1_726' title='bbox 172 2661 251 2688; x_wconf 80' lang='lat' dir='ltr'><strong>Aliud</strong></span> <span class='ocrx_word' id='word_1_727' title='bbox 279 2668 295 2688; x_wconf 91' lang='lat' dir='ltr'><strong>e</strong></span> <span class='ocrx_word' id='word_1_728' title='bbox 312 2661 430 2688; x_wconf 89' lang='lat' dir='ltr'><strong>secundo</strong></span> <span class='ocrx_word' id='word_1_729' title='bbox 458 2664 546 2693; x_wconf 90' lang='lat' dir='ltr'><strong>tomo,</strong></span> <span class='ocrx_word' id='word_1_730' title='bbox 570 2660 726 2687; x_wconf 72' lang='lat' dir='ltr'><strong>Pdilocalite</strong></span> <span class='ocrx_word' id='word_1_731' title='bbox 751 2660 840 2695; x_wconf 86' lang='lat' dir='ltr'><strong>capite</strong></span> 
     </span>
    </p>
   </div>
   <div class='ocr_carea' id='block_1_101' title="bbox 56 2706 840 2741">
    <p class='ocr_par' dir='ltr' id='par_1_101' title="bbox 56 2706 840 2741">
     <span class='ocr_line' id='line_1_101' title="bbox 56 2706 840 2741; baseline -0.005 -4"><span class='ocrx_word' id='word_1_732' title='bbox 56 2713 137 2737; x_wconf 82' lang='lat' dir='ltr'><strong>sexto</strong></span> <span class='ocrx_word' id='word_1_733' title='bbox 152 2707 305 2735; x_wconf 88' lang='lat' dir='ltr'><strong>exhibetur.</strong></span> <span class='ocrx_word' id='word_1_734' title='bbox 321 2706 399 2733; x_wconf 85' lang='lat' dir='ltr'><strong>Aliud</strong></span> <span class='ocrx_word' id='word_1_735' title='bbox 419 2706 496 2733; x_wconf 80' lang='lat' dir='ltr'><strong>allert</strong></span> <span class='ocrx_word' id='word_1_736' title='bbox 511 2714 527 2734; x_wconf 84' lang='lat' dir='ltr'><strong>e</strong></span> <span class='ocrx_word' id='word_1_737' title='bbox 545 2706 660 2741; x_wconf 86' lang='lat' dir='ltr'><strong>septimo</strong></span> <span class='ocrx_word' id='word_1_738' title='bbox 676 2711 749 2734; x_wconf 82' lang='lat' dir='ltr'><strong>torno</strong></span> <span class='ocrx_word' id='word_1_739' title='bbox 762 2706 840 2733; x_wconf 87' lang='lat' dir='ltr'><strong>Pam-</strong></span> 
     </span>
    </p>
   </div>
   <div class='ocr_carea' id='block_1_102' title="bbox 56 2751 839 2790">
    <p class='ocr_par' dir='ltr' id='par_1_102' title="bbox 56 2751 839 2790">
     <span class='ocr_line' id='line_1_102' title="bbox 56 2751 839 2790; baseline -0.001 -9"><span class='ocrx_word' id='word_1_740' title='bbox 56 2754 160 2790; x_wconf 86' lang='lat' dir='ltr'><strong>philus.</strong></span> <span class='ocrx_word' id='word_1_741' title='bbox 180 2753 266 2781; x_wconf 75' lang='lat' dir='ltr'><strong>Julius</strong></span> <span class='ocrx_word' id='word_1_742' title='bbox 280 2752 371 2780; x_wconf 63' lang='lat' dir='ltr'><strong>Caesar</strong></span> <span class='ocrx_word' id='word_1_743' title='bbox 386 2751 549 2787; x_wconf 84' lang='lat' dir='ltr'><strong>Bulengerus</strong></span> <span class='ocrx_word' id='word_1_744' title='bbox 564 2752 590 2779; x_wconf 92' lang='lat' dir='ltr'><strong>in</strong></span> <span class='ocrx_word' id='word_1_745' title='bbox 612 2752 839 2786; x_wconf 78' lang='lat' dir='ltr'><strong>Disputationibus</strong></span> 
     </span>
    </p>
   </div>
   <div class='ocr_carea' id='block_1_103' title="bbox 57 2798 837 2834">
    <p class='ocr_par' dir='ltr' id='par_1_103' title="bbox 57 2798 837 2834">
     <span class='ocr_line' id='line_1_103' title="bbox 57 2798 837 2834; baseline -0.003 -7"><span class='ocrx_word' id='word_1_746' title='bbox 57 2804 153 2830; x_wconf 78' lang='lat' dir='ltr'><strong>contra</strong></span> <span class='ocrx_word' id='word_1_747' title='bbox 177 2798 358 2827; x_wconf 78' lang='lat' dir='ltr'><strong>Casaubonum</strong></span> <span class='ocrx_word' id='word_1_748' title='bbox 383 2802 453 2832; x_wconf 84' lang='lat' dir='ltr'><strong>part.</strong></span> <span class='ocrx_word' id='word_1_749' title='bbox 473 2805 504 2830; x_wconf 90' lang='lat' dir='ltr'>II,</span> <span class='ocrx_word' id='word_1_750' title='bbox 527 2798 634 2825; x_wconf 90' lang='lat' dir='ltr'><strong>diatrib.</strong></span> <span class='ocrx_word' id='word_1_751' title='bbox 657 2799 684 2831; x_wconf 75' lang='lat'><strong>3,</strong></span> <span class='ocrx_word' id='word_1_752' title='bbox 703 2807 764 2834; x_wconf 87' lang='lat' dir='ltr'><strong>pag.</strong></span> <span class='ocrx_word' id='word_1_753' title='bbox 778 2798 837 2832; x_wconf 79' lang='grc'><strong>191,</strong></span> 
     </span>
    </p>
   </div>
   <div class='ocr_carea' id='block_1_104' title="bbox 58 2842 838 2881">
    <p class='ocr_par' dir='ltr' id='par_1_104' title="bbox 58 2842 838 2881">
     <span class='ocr_line' id='line_1_104' title="bbox 58 2842 838 2881; baseline -0.001 -8"><span class='ocrx_word' id='word_1_754' title='bbox 58 2845 239 2881; x_wconf 70' lang='lat' dir='ltr'><strong>fragmentum</strong></span> <span class='ocrx_word' id='word_1_755' title='bbox 254 2843 330 2872; x_wconf 79' lang='lat' dir='ltr'><strong>aﬂ&#39;ert</strong></span> <span class='ocrx_word' id='word_1_756' title='bbox 345 2851 378 2872; x_wconf 79' lang='lat' dir='ltr'><strong>ex</strong></span> <span class='ocrx_word' id='word_1_757' title='bbox 393 2842 507 2878; x_wconf 74' lang='lat' dir='ltr'><strong>Origene</strong></span> <span class='ocrx_word' id='word_1_758' title='bbox 529 2842 562 2870; x_wconf 86' lang='lat' dir='ltr'><strong>ad</strong></span> <span class='ocrx_word' id='word_1_759' title='bbox 577 2850 637 2878; x_wconf 86' lang='lat' dir='ltr'><strong>cap.</strong></span> <span class='ocrx_word' id='word_1_760' title='bbox 659 2851 685 2871; x_wconf 80' lang='lat' dir='ltr'><strong>Vl</strong></span> <span class='ocrx_word' id='word_1_761' title='bbox 700 2843 797 2872; x_wconf 83' lang='lat' dir='ltr'><strong>Matth.</strong></span> <span class='ocrx_word' id='word_1_762' title='bbox 810 2847 838 2872; x_wconf 72' lang='lat' dir='ltr'><strong>et</strong></span> 
     </span>
    </p>
   </div>
   <div class='ocr_carea' id='block_1_105' title="bbox 891 2248 1673 2283">
    <p class='ocr_par' dir='ltr' id='par_1_105' title="bbox 891 2248 1673 2283">
     <span class='ocr_line' id='line_1_105' title="bbox 891 2248 1673 2283; baseline 0.003 -8"><span class='ocrx_word' id='word_1_763' title='bbox 891 2249 1046 2276; x_wconf 81' lang='lat' dir='ltr'><strong>Bellarinini</strong></span> <span class='ocrx_word' id='word_1_764' title='bbox 1067 2248 1197 2283; x_wconf 89' lang='lat' dir='ltr'><strong>judicium</strong></span> <span class='ocrx_word' id='word_1_765' title='bbox 1221 2248 1308 2283; x_wconf 86' lang='lat' dir='ltr'><strong>palam</strong></span> <span class='ocrx_word' id='word_1_766' title='bbox 1335 2249 1440 2276; x_wconf 78' lang='lat' dir='ltr'><strong>refellat</strong></span> <span class='ocrx_word' id='word_1_767' title='bbox 1463 2249 1565 2276; x_wconf 90' lang='lat' dir='ltr'><strong>codicis</strong></span> <span class='ocrx_word' id='word_1_768' title='bbox 1584 2248 1673 2277; x_wconf 72' lang='lat' dir='ltr'><strong>Grteci</strong></span> 
     </span>
    </p>
   </div>
   <div class='ocr_carea' id='block_1_106' title="bbox 891 2296 1675 2332">
    <p class='ocr_par' dir='ltr' id='par_1_106' title="bbox 891 2296 1675 2332">
     <span class='ocr_line' id='line_1_106' title="bbox 891 2296 1675 2332; baseline 0.001 -9"><span class='ocrx_word' id='word_1_769' title='bbox 891 2296 981 2328; x_wconf 88' lang='lat' dir='ltr'><strong>lectio,</strong></span> <span class='ocrx_word' id='word_1_770' title='bbox 1004 2303 1036 2323; x_wconf 91' lang='lat' dir='ltr'><strong>ca</strong></span> <span class='ocrx_word' id='word_1_771' title='bbox 1061 2301 1150 2323; x_wconf 88' lang='lat' dir='ltr'><strong>tamen</strong></span> <span class='ocrx_word' id='word_1_772' title='bbox 1170 2296 1193 2323; x_wconf 85' lang='lat' dir='ltr'><strong>si</strong></span> <span class='ocrx_word' id='word_1_773' title='bbox 1217 2303 1385 2329; x_wconf 87' lang='lat' dir='ltr'><strong>careremus,</strong></span> <span class='ocrx_word' id='word_1_774' title='bbox 1407 2303 1460 2323; x_wconf 92' lang='lat' dir='ltr'><strong>non</strong></span> <span class='ocrx_word' id='word_1_775' title='bbox 1488 2296 1546 2332; x_wconf 84' lang='lat' dir='ltr'><strong>plus</strong></span> <span class='ocrx_word' id='word_1_776' title='bbox 1573 2297 1675 2324; x_wconf 86' lang='lat' dir='ltr'><strong>valeret</strong></span> 
     </span>
    </p>
   </div>
   <div class='ocr_carea' id='block_1_107' title="bbox 891 2340 1674 2376">
    <p class='ocr_par' dir='ltr' id='par_1_107' title="bbox 891 2340 1674 2376">
     <span class='ocr_line' id='line_1_107' title="bbox 891 2340 1674 2376; baseline 0.001 -8"><span class='ocrx_word' id='word_1_777' title='bbox 891 2341 955 2368; x_wconf 90' lang='lat' dir='ltr'><strong>illud</strong></span> <span class='ocrx_word' id='word_1_778' title='bbox 978 2340 1108 2368; x_wconf 87' lang='lat' dir='ltr'><strong>adversus</strong></span> <span class='ocrx_word' id='word_1_779' title='bbox 1123 2341 1194 2368; x_wconf 89' lang='lat' dir='ltr'><strong>hunc</strong></span> <span class='ocrx_word' id='word_1_780' title='bbox 1208 2341 1360 2368; x_wconf 83' lang='lat' dir='ltr'><strong>Adamantii</strong></span> <span class='ocrx_word' id='word_1_781' title='bbox 1381 2341 1496 2374; x_wconf 84' lang='lat' dir='ltr'><strong>librum,</strong></span> <span class='ocrx_word' id='word_1_782' title='bbox 1517 2348 1599 2376; x_wconf 89' lang='lat' dir='ltr'><strong>quam</strong></span> <span class='ocrx_word' id='word_1_783' title='bbox 1623 2342 1674 2369; x_wconf 88' lang='lat' dir='ltr'><strong>ad-</strong></span> 
     </span>
    </p>
   </div>
   <div class='ocr_carea' id='block_1_108' title="bbox 891 2385 1674 2422">
    <p class='ocr_par' dir='ltr' id='par_1_108' title="bbox 891 2385 1674 2422">
     <span class='ocr_line' id='line_1_108' title="bbox 891 2385 1674 2422; baseline 0 -8"><span class='ocrx_word' id='word_1_784' title='bbox 891 2393 986 2414; x_wconf 84' lang='lat' dir='ltr'><strong>versus</strong></span> <span class='ocrx_word' id='word_1_785' title='bbox 1007 2385 1137 2420; x_wconf 88' lang='lat' dir='ltr'><strong>reliquos,</strong></span> <span class='ocrx_word' id='word_1_786' title='bbox 1158 2393 1227 2420; x_wconf 84' lang='lat' dir='ltr'><strong>quos</strong></span> <span class='ocrx_word' id='word_1_787' title='bbox 1243 2390 1363 2413; x_wconf 89' lang='lat' dir='ltr'><strong>veterum</strong></span> <span class='ocrx_word' id='word_1_788' title='bbox 1386 2385 1563 2422; x_wconf 87' lang='lat' dir='ltr'><strong>interpretum</strong></span> <span class='ocrx_word' id='word_1_789' title='bbox 1584 2387 1674 2414; x_wconf 85' lang='lat' dir='ltr'><strong>studio</strong></span> 
     </span>
    </p>
   </div>
   <div class='ocr_carea' id='block_1_109' title="bbox 890 2430 1674 2467">
    <p class='ocr_par' dir='ltr' id='par_1_109' title="bbox 890 2430 1674 2467">
     <span class='ocr_line' id='line_1_109' title="bbox 890 2430 1674 2467; baseline 0 -7"><span class='ocrx_word' id='word_1_790' title='bbox 890 2432 986 2460; x_wconf 84' lang='lat' dir='ltr'><strong>Latine</strong></span> <span class='ocrx_word' id='word_1_791' title='bbox 1004 2430 1122 2459; x_wconf 81' lang='lat' dir='ltr'><strong>redditos</strong></span> <span class='ocrx_word' id='word_1_792' title='bbox 1135 2431 1267 2466; x_wconf 83' lang='lat' dir='ltr'><strong>legimus:</strong></span> <span class='ocrx_word' id='word_1_793' title='bbox 1281 2431 1308 2459; x_wconf 86' lang='lat' dir='ltr'><strong>in</strong></span> <span class='ocrx_word' id='word_1_794' title='bbox 1325 2432 1358 2459; x_wconf 88' lang='lat' dir='ltr'><strong>iis</strong></span> <span class='ocrx_word' id='word_1_795' title='bbox 1371 2432 1503 2467; x_wconf 85' lang='lat' dir='ltr'><strong>siquidem</strong></span> <span class='ocrx_word' id='word_1_796' title='bbox 1518 2432 1674 2467; x_wconf 76' lang='lat' dir='ltr'><strong>frequenter</strong></span> 
     </span>
    </p>
   </div>
   <div class='ocr_carea' id='block_1_110' title="bbox 890 2477 1674 2513">
    <p class='ocr_par' dir='ltr' id='par_1_110' title="bbox 890 2477 1674 2513">
     <span class='ocr_line' id='line_1_110' title="bbox 890 2477 1674 2513; baseline 0.001 -9"><span class='ocrx_word' id='word_1_797' title='bbox 890 2477 1020 2513; x_wconf 89' lang='lat' dir='ltr'><strong>ejusmodi</strong></span> <span class='ocrx_word' id='word_1_798' title='bbox 1041 2482 1188 2505; x_wconf 88' lang='lat' dir='ltr'><strong>occurrunt</strong></span> <span class='ocrx_word' id='word_1_799' title='bbox 1203 2478 1385 2505; x_wconf 84' lang='lat' dir='ltr'><strong>additamenta</strong></span> <span class='ocrx_word' id='word_1_800' title='bbox 1407 2478 1596 2512; x_wconf 85' lang='lat' dir='ltr'><strong>interpretum,</strong></span> <span class='ocrx_word' id='word_1_801' title='bbox 1616 2485 1674 2506; x_wconf 62' lang='lat' dir='ltr'><strong>sua;</strong></span> 
     </span>
    </p>
   </div>
   <div class='ocr_carea' id='block_1_111' title="bbox 890 2523 1673 2559">
    <p class='ocr_par' dir='ltr' id='par_1_111' title="bbox 890 2523 1673 2559">
     <span class='ocr_line' id='line_1_111' title="bbox 890 2523 1673 2559; baseline 0.001 -8"><span class='ocrx_word' id='word_1_802' title='bbox 890 2523 989 2559; x_wconf 67' lang='lat' dir='ltr'><strong>linguae</strong></span> <span class='ocrx_word' id='word_1_803' title='bbox 1012 2523 1165 2551; x_wconf 89' lang='lat' dir='ltr'><strong>hominibus</strong></span> <span class='ocrx_word' id='word_1_804' title='bbox 1190 2524 1408 2558; x_wconf 83' lang='lat' dir='ltr'><strong>gratiﬁcanliuul.</strong></span> <span class='ocrx_word' id='word_1_805' title='bbox 1431 2523 1515 2559; x_wconf 82' lang='lat' dir='ltr'><strong>Legat</strong></span> <span class='ocrx_word' id='word_1_806' title='bbox 1534 2524 1580 2559; x_wconf 91' lang='lat' dir='ltr'><strong>qui</strong></span> <span class='ocrx_word' id='word_1_807' title='bbox 1600 2524 1673 2552; x_wconf 88' lang='lat' dir='ltr'><strong>volet</strong></span> 
     </span>
    </p>
   </div>
   <div class='ocr_carea' id='block_1_112' title="bbox 892 2567 1672 2605">
    <p class='ocr_par' dir='ltr' id='par_1_112' title="bbox 892 2567 1672 2605">
     <span class='ocr_line' id='line_1_112' title="bbox 892 2567 1672 2605; baseline 0.003 -10"><span class='ocrx_word' id='word_1_808' title='bbox 892 2568 1009 2605; x_wconf 77' lang='lat' dir='ltr'><strong>pagellas</strong></span> <span class='ocrx_word' id='word_1_809' title='bbox 1026 2568 1129 2603; x_wconf 89' lang='lat' dir='ltr'><strong>aliquot</strong></span> <span class='ocrx_word' id='word_1_810' title='bbox 1143 2575 1158 2595; x_wconf 90' lang='lat' dir='ltr'><strong>a</strong></span> <span class='ocrx_word' id='word_1_811' title='bbox 1179 2567 1276 2596; x_wconf 76' lang='lat' dir='ltr'><strong>Ruﬁno</strong></span> <span class='ocrx_word' id='word_1_812' title='bbox 1295 2576 1451 2601; x_wconf 86' lang='lat' dir='ltr'><strong>conversas,</strong></span> <span class='ocrx_word' id='word_1_813' title='bbox 1468 2569 1570 2597; x_wconf 87' lang='lat' dir='ltr'><strong>videbit</strong></span> <span class='ocrx_word' id='word_1_814' title='bbox 1590 2577 1672 2605; x_wconf 88' lang='lat' dir='ltr'><strong>quam</strong></span> 
     </span>
    </p>
   </div>
   <div class='ocr_carea' id='block_1_113' title="bbox 891 2613 1486 2649">
    <p class='ocr_par' dir='ltr' id='par_1_113' title="bbox 891 2613 1486 2649">
     <span class='ocr_line' id='line_1_113' title="bbox 891 2613 1486 2649; baseline 0 -7"><span class='ocrx_word' id='word_1_815' title='bbox 891 2622 962 2649; x_wconf 60' lang='lat' dir='ltr'><strong>saepe</strong></span> <span class='ocrx_word' id='word_1_816' title='bbox 980 2614 1122 2641; x_wconf 80' lang='lat' dir='ltr'><strong>mantissas</strong></span> <span class='ocrx_word' id='word_1_817' title='bbox 1137 2613 1239 2641; x_wconf 84' lang='lat' dir='ltr'><strong>similes</strong></span> <span class='ocrx_word' id='word_1_818' title='bbox 1252 2614 1285 2640; x_wconf 89' lang='lat' dir='ltr'><strong>de</strong></span> <span class='ocrx_word' id='word_1_819' title='bbox 1300 2622 1349 2642; x_wconf 89' lang='lat' dir='ltr'><strong>suo</strong></span> <span class='ocrx_word' id='word_1_820' title='bbox 1364 2615 1486 2642; x_wconf 85' lang='lat' dir='ltr'><strong>accudat.</strong></span> 
     </span>
    </p>
   </div>
   <div class='ocr_carea' id='block_1_114' title="bbox 926 2659 1671 2694">
    <p class='ocr_par' dir='ltr' id='par_1_114' title="bbox 926 2659 1671 2694">
     <span class='ocr_line' id='line_1_114' title="bbox 926 2659 1671 2694; baseline -0.003 -6"><span class='ocrx_word' id='word_1_821' title='bbox 926 2660 1046 2694; x_wconf 86' lang='lat' dir='ltr'><strong>Amplior</strong></span> <span class='ocrx_word' id='word_1_822' title='bbox 1061 2664 1103 2687; x_wconf 87' lang='lat' dir='ltr'><strong>est</strong></span> <span class='ocrx_word' id='word_1_823' title='bbox 1117 2664 1193 2686; x_wconf 88' lang='lat' dir='ltr'><strong>vetus</strong></span> <span class='ocrx_word' id='word_1_824' title='bbox 1207 2659 1395 2694; x_wconf 76' lang='lat' dir='ltr'><strong>interpretatio</strong></span> <span class='ocrx_word' id='word_1_825' title='bbox 1409 2659 1671 2688; x_wconf 83' lang='lat' dir='ltr'><strong>Commentariorum</strong></span> 
     </span>
    </p>
   </div>
   <div class='ocr_carea' id='block_1_115' title="bbox 892 2705 1672 2743">
    <p class='ocr_par' dir='ltr' id='par_1_115' title="bbox 892 2705 1672 2743">
     <span class='ocr_line' id='line_1_115' title="bbox 892 2705 1672 2743; baseline -0.001 -9"><span class='ocrx_word' id='word_1_826' title='bbox 892 2706 1014 2743; x_wconf 84' lang='lat' dir='ltr'><strong>Origenis</strong></span> <span class='ocrx_word' id='word_1_827' title='bbox 1028 2707 1054 2733; x_wconf 85' lang='lat' dir='ltr'><strong>in</strong></span> <span class='ocrx_word' id='word_1_828' title='bbox 1071 2705 1238 2739; x_wconf 63' lang='lat' dir='ltr'><strong>&quot;animum,</strong></span> <span class='ocrx_word' id='word_1_829' title='bbox 1253 2714 1334 2740; x_wconf 88' lang='lat' dir='ltr'><strong>quam</strong></span> <span class='ocrx_word' id='word_1_830' title='bbox 1347 2706 1469 2734; x_wconf 70' lang='lat' dir='ltr'><strong>Grmcum</strong></span> <span class='ocrx_word' id='word_1_831' title='bbox 1484 2706 1564 2733; x_wconf 90' lang='lat' dir='ltr'><strong>ullqu</strong></span> <span class='ocrx_word' id='word_1_832' title='bbox 1581 2713 1672 2733; x_wconf 86' lang='lat' dir='ltr'><strong>exem-</strong></span> 
     </span>
    </p>
   </div>
   <div class='ocr_carea' id='block_1_116' title="bbox 893 2750 1671 2788">
    <p class='ocr_par' dir='ltr' id='par_1_116' title="bbox 893 2750 1671 2788">
     <span class='ocr_line' id='line_1_116' title="bbox 893 2750 1671 2788; baseline -0.003 -8"><span class='ocrx_word' id='word_1_833' title='bbox 893 2754 952 2788; x_wconf 90' lang='lat' dir='ltr'><strong>plar</strong></span> <span class='ocrx_word' id='word_1_834' title='bbox 968 2753 1182 2786; x_wconf 85' lang='lat' dir='ltr'><strong>manuscriptum</strong></span> <span class='ocrx_word' id='word_1_835' title='bbox 1203 2761 1210 2779; x_wconf 89' lang='lat'>:</span> <span class='ocrx_word' id='word_1_836' title='bbox 1234 2750 1390 2779; x_wconf 87' lang='lat' dir='ltr'><strong>Holmiense</strong></span> <span class='ocrx_word' id='word_1_837' title='bbox 1413 2753 1512 2787; x_wconf 89' lang='lat' dir='ltr'><strong>quippe</strong></span> <span class='ocrx_word' id='word_1_838' title='bbox 1536 2750 1671 2785; x_wconf 77' lang='lat' dir='ltr'><strong>omnium,</strong></span> 
     </span>
    </p>
   </div>
   <div class='ocr_carea' id='block_1_117' title="bbox 890 2796 1673 2833">
    <p class='ocr_par' dir='ltr' id='par_1_117' title="bbox 890 2796 1673 2833">
     <span class='ocr_line' id='line_1_117' title="bbox 890 2796 1673 2833; baseline -0.003 -9"><span class='ocrx_word' id='word_1_839' title='bbox 890 2804 950 2833; x_wconf 71' lang='lat' dir='ltr'><strong>quae</strong></span> <span class='ocrx_word' id='word_1_840' title='bbox 972 2797 1080 2832; x_wconf 88' lang='lat' dir='ltr'><strong>quidem</strong></span> <span class='ocrx_word' id='word_1_841' title='bbox 1102 2797 1135 2824; x_wconf 91' lang='lat' dir='ltr'><strong>ad</strong></span> <span class='ocrx_word' id='word_1_842' title='bbox 1159 2804 1245 2823; x_wconf 88' lang='lat' dir='ltr'><strong>meam</strong></span> <span class='ocrx_word' id='word_1_843' title='bbox 1266 2796 1438 2831; x_wconf 88' lang='lat' dir='ltr'><strong>pervenerint</strong></span> <span class='ocrx_word' id='word_1_844' title='bbox 1461 2797 1592 2826; x_wconf 86' lang='lat' dir='ltr'><strong>notitiam.</strong></span> <span class='ocrx_word' id='word_1_845' title='bbox 1609 2804 1673 2830; x_wconf 87' lang='lat' dir='ltr'><strong>pro-</strong></span> 
     </span>
    </p>
   </div>
   <div class='ocr_carea' id='block_1_118' title="bbox 889 2842 1672 2879">
    <p class='ocr_par' dir='ltr' id='par_1_118' title="bbox 889 2842 1672 2879">
     <span class='ocr_line' id='line_1_118' title="bbox 889 2842 1672 2879; baseline -0.003 -8"><span class='ocrx_word' id='word_1_846' title='bbox 889 2843 1065 2879; x_wconf 76' lang='lat' dir='ltr'><strong>lixissimum,</strong></span> <span class='ocrx_word' id='word_1_847' title='bbox 1086 2850 1102 2871; x_wconf 89' lang='lat' dir='ltr'><strong>a</strong></span> <span class='ocrx_word' id='word_1_848' title='bbox 1128 2842 1244 2871; x_wconf 64' lang='lat' dir='ltr'><strong>Matthxi</strong></span> <span class='ocrx_word' id='word_1_849' title='bbox 1278 2842 1365 2878; x_wconf 83' lang='lat' dir='ltr'><strong>capite</strong></span> <span class='ocrx_word' id='word_1_850' title='bbox 1392 2850 1456 2877; x_wconf 81' lang='lat' dir='ltr'><strong>xui,</strong></span> <span class='ocrx_word' id='word_1_851' title='bbox 1480 2850 1550 2871; x_wconf 81' lang='lat' dir='ltr'><strong>vers.</strong></span> <span class='ocrx_word' id='word_1_852' title='bbox 1570 2842 1615 2877; x_wconf 75' lang='lat'><strong>36,</strong></span> <span class='ocrx_word' id='word_1_853' title='bbox 1639 2842 1672 2869; x_wconf 86' lang='lat' dir='ltr'><strong>ad</strong></span> 
     </span>
    </p>
   </div>
  </div>
