1908 3071
18 107 36 133 l
46 108 121 137 225
475 111 760 140 ORIGENIANORUM
781 113 835 141 LIB

903 136 909 148 ,
930 113 1009 142 CAP:
1029 113 1060 146 ll,
1082 113 1178 141 SECT.
1195 113 1241 141 ιιι.
1611 110 1681 139 1ἓ26

17 172 68 193 οτι
98 167 253 196 innttmeris
278 169 471 197 vocabulorum
495 172 627 205 portentis
646 173 836 201 deformiorem
851 178 874 206 Α
923 173 993 202 XIV.
1013 173 1070 210 (82)
1085 174 1106 201 Ε
1119 173 1224 207 duobus
1237 177 1265 200 et
1286 173 1396 208 triginta
1419 172 1680 200 Commentariorum

18 209 178 239 oﬁ'endet.
204 211 329 247 Equalis
350 214 491 249 Epipltanii
510 216 561 244 fuit
585 216 705 245 Bella-tor
729 219 841 252 quidam
892 220 919 246 in
938 218 1068 246 Joannem
1088 219 1178 250 tomis,
1200 226 1294 245 novem
1313 218 1424 245 omnino
1443 223 1607 252 supersunt;
1631 218 1681 253 pri-

20 257 203 285 Cnssiodori
226 259 318 286 itidem
345 260 497 294 familiaris,
521 262 598 297 cujus
622 269 716 298 rogatu
742 265 842 293 multas
892 274 962 299 tuus,
979 265 1131 298 secundus,
1152 270 1262 297 sextus,
1279 264 1418 296 decimus,
1434 264 1554 292 decimus
1575 265 1684 296 tertius,

19 301 210 330 Graecorum
236 304 417 339 scriptiones,
443 306 586 334 nonnullas
613 308 694 335 etiam
717 307 841 344 Origenis
895 312 1017 339 decimus
1038 318 1136 342 nouus,
1161 309 1324 340 vicesiutus,
1349 309 1494 336 vicesimus
1517 314 1631 336 octavus
1658 314 1684 336 ct

21 346 151 375 Latino
165 356 289 376 sermone
313 351 445 385 rependit.
461 351 528 380 liuic
544 353 566 380 si
587 354 648 389 quis
668 353 842 382 Commenta-
899 356 1053 383 tricesimus
1064 354 1211 383 secundus.
1233 355 1261 382 lu
1286 354 1454 382 bibliothecae
1478 354 1569 389 Regia:
1592 355 1686 382 codice

31 394 159 421 riorum
176 395 203 421 in
227 395 384 423 Matt/neunt
408 397 661 433 interpretationem
695 401 841 435 ascriptam
892 400 917 427 Ιιί
935 400 999 428 ιοιηί
1025 401 1082 428 suis
1108 400 1193 427 notati
1221 399 1342 427 numeris
1364 399 1546 434 reperiuntur.
1571 398 1685 425 Eosdem

21 438 128 470 velit,
142 446 195 466 non
213 439 291 467 valde
306 442 471 476 repugnabo.
484 443 538 471 Nec
556 445 669 472 ntultum
683 445 842 474 adversatur

24 484 215 518 conjectura:
242 491 342 514 nostra:
367 487 521 517 Cassiodori
545 491 577 518 de
601 491 652 519 hac
678 492 841 527 interpreta-

25 529 126 557 tione
140 531 288 565 silentium,
304 533 349 567 qui
371 533 438 561 alias
453 535 596 571 plerasqtte
620 537 765 572 Epipltanii
783 538 842 566 Bel-

26 575 145 604 latoris
160 577 186 603 in
202 577 271 604 libro
288 578 325 605 De
344 579 512 608 institutione
527 582 673 610 divinarum
691 582 843 618 Scriptura-

27 629 107 648 rum
128 623 281 650 recensuit:
299 632 360 651 nam
377 631 438 659 post
453 627 553 654 editum
570 628 640 657 hunc
654 636 669 656 a
681 630 842 658 Cassiodoro

36 667 179 695 libellum
195 668 330 697 lucubrari
346 678 375 697 ea
395 673 491 707 potuit.

79 713 125 741 De
146 719 248 750 septem
265 715 389 751 Origenis
410 717 437 744 in
453 718 609 748 Matt/munt
636 721 755 750 homiliis
780 730 839 758 qua:

31 759 187 787 habentur
210 760 282 788 inter
307 769 365 794 eas,
381 771 449 797 quas
464 764 490 791 in
508 766 630 794 diversos
653 767 732 803 vulgo
748 769 842 803 appel-

33 805 116 838 lant,
132 809 260 842 quoniam
278 809 374 838 incerti
391 817 455 840 sunt
477 814 610 848 auctoris,
635 821 684 842 suo
702 815 762 844 loco
778 817 838 845 dis-

32 853 217 886 putabimus.

81 908 155 936 Xlll.
176 909 299 939 llomilite
314 911 437 946 Origenis
459 914 485 941 in
501 914 676 950 Evangelium
698 917 777 946 Lucae
796 919 844 946 tri-

27 954 123 988 ginta
140 962 235 982 novem
258 955 354 984 Latina
370 957 489 986 editione
504 961 688 989 continentur.
703 962 836 998 interpre-

36 1004 103 1026 tem
117 1007 179 1027 sese
196 1001 335 1035 professus
348 1008 390 1029 est
406 1003 586 1040 Hieronymus
602 1007 628 1034 in
645 1006 761 1043 Prologo
776 1009 842 1043 ipsis

36 1051 191 1079 praetexto,
209 1053 236 1074 et
257 1047 284 1074 in
302 1047 371 1075 l-ibro
386 1048 424 1076 De
439 1051 562 1085 scriptor.
576 1053 682 1084 δαείω..
702 1061 764 1090 cap.
777 1055 840 1082 MB.

36 1091 179 1119 Erasmus
193 1093 218 1120 in
233 1093 353 1126 Epistula
367 1096 400 1122 ad
416 1095 591 1125 Franciscum
606 1098 759 1133 Cigalinum
775 1101 841 1128 scri-

37 1144 142 1172 pserat
160 1139 208 1166 has
221 1139 331 1168 alterius
346 1140 486 1174 cujusdam
501 1150 562 1170 esse
575 1145 672 1179 videri,
686 1153 767 1180 quam
782 1146 844 1174 Ori-

38 1184 136 1218 geuis.
157 1184 204 1211 sed
234 1184 261 1212 in
277 1184 397 1213 Censura
421 1187 456 1214 ad
485 1187 566 1216 libros
583 1189 705 1225 Origem's
730 1193 844 1220 mutavit

45 1231 237 1263 sententiam,
261 1236 288 1258 et
315 1239 408 1258 verum
438 1238 576 1261 auctorem
596 1236 714 1270 agnovit.
739 1237 842 1264 Nihilo-

39 1275 140 1303 minus
158 1276 194 1302 ita
221 1277 330 1305 disserit
352 1288 357 1305 :
377 1287 386 1303 ι
402 1277 430 1305 1η
449 1279 579 1315 Catalogo
601 1286 690 1309 tamen
714 1283 751 1309 ita
777 1282 842 1310 facit

41 1319 129 1354 hujus
151 1322 242 1355 operis
268 1323 673 1362 mentionem(Hieronymus),
698 1332 728 1355 ut
753 1329 838 1364 magis

40 1366 175 1393 videatur
197 1375 230 1394 ex
255 1368 367 1403 Didymo
384 1376 506 1398 vertisse.
530 1371 597 1399 Cum
617 1374 690 1400 enim
717 1373 844 1409 Origeuis

42 1414 216 1440 mentionem
240 1413 408 1448 reliquisset,
423 1421 484 1450 post
500 1416 570 1445 ltunc
587 1417 614 1445 in
632 1420 740 1447 modum
758 1420 845 1454 loqui-

43 1461 110 1483 tur:
132 1466 140 1482 ι
155 1457 193 1484 De
210 1457 313 1492 Spiritu
334 1466 429 1488 sancto
445 1460 561 1497 Didymi,
576 1471 656 1498 quem
677 1465 703 1491 in
719 1464 843 1493 Latinum

44 1502 189 1534 transtuli,
206 1503 302 1531 librum
317 1513 410 1539 uuunt,
426 1506 453 1534 in
470 1507 570 1536 Lucam
587 1510 713 1538 homilias
732 1512 842 1547 triginta

892 446 1086 480 complectitur
1104 450 1191 473 tomos
1208 450 1305 480 praeter
1331 445 1463 471 decimum
1482 449 1509 471 et
1525 444 1686 471 vicesimum

892 496 1019 519 octavum
1036 496 1203 519 memoratus
1224 491 1290 518 liber
1304 490 1330 516 in
1357 490 1526 517 bibliotheca:
1548 489 1687 517 Bavaricm

892 536 1023 571 catalogo.
1065 537 1100 563 At
1130 536 1214 564 codex
1250 535 1420 563 bibliothecae
1449 535 1557 563 Veneta:
1591 534 1687 563 Sancti

892 581 986 613 Marci.
1002 582 1064 610 licet
1079 583 1155 619 Regii
1174 581 1325 609 consimilis
1339 581 1391 613 sit,
1413 589 1462 608 nec
1476 581 1553 615 plura
1573 582 1684 614 habeat,

892 636 907 655 a
924 628 1023 656 callido
1044 633 1132 656 tamen
1165 628 1277 655 librario
1307 628 1334 655 in
1360 633 1448 655 tomos
1484 628 1594 662 triginta
1618 628 1686 656 duos

892 674 1053 702 distributus
1067 674 1126 706 fuit,
1141 675 1191 701 ltac
1213 680 1272 702 arte
1290 674 1401 701 lacunas
1423 678 1450 701 et
1473 673 1563 700 hiatus
1583 674 1685 706 celare.

892 724 921 746 et
936 719 1008 754 apud
1023 719 1146 746 incautos
1167 719 1346 749 dissimulare,
1367 723 1394 746 et
1421 725 1471 753 pro
1497 718 1602 752 integro
1622 725 1686 746 ven—

893 765 980 792 ditare
995 765 1114 792 volente.
1129 765 1167 792 Eo
1185 765 1224 796 lit,
1240 770 1268 791 ut
1282 765 1406 792 eumdth
1424 765 1494 792 hunc
1509 772 1568 792 esse
1584 768 1687 799 putem.

894 811 940 845 qui
959 810 1010 838 fuit
1027 810 1102 846 Diegi
1124 810 1251 843 Hurtadi,
1272 810 1373 846 quique
1387 811 1467 838 simili
1482 811 1543 838 d'olo
1554 810 1687 838 dissectus

860 856 979 892 Bfuisse
1004 861 1180 884 memoratur.
1215 856 1290 884 Hanc
1325 862 1460 884 tomorum
1501 857 1686 890 partitionem.

895 911 975 938 quam
994 908 1104 931 secutus
1118 907 1162 930 est
1183 902 1337 935 Ferrarius,
1364 903 1462 931 falsam
1486 910 1546 931 esse
1572 907 1688 938 arguunt

893 949 1056 985 fragmenta,
1073 956 1133 985 qua:
1142 956 1158 976 e
1172 952 1269 984 quarto
1281 954 1354 976 lomo
1364 949 1539 984 proferuntur
1552 949 1577 976 in
1588 954 1688 984 quarto

895 993 1050 1022 Philocalite
1073 995 1178 1030 capite,
1193 999 1222 1023 et
1245 994 1272 1022 iu
1295 996 1393 1030 quinto
1419 995 1592 1029 reperiuntur
1614 999 1688 1021 tomo

893 1041 1062 1069 Fcrrarianae
1075 1041 1318 1076 interpretationis.
1333 1041 1465 1069 Similiter
1480 1049 1495 1069 e
1517 1047 1595 1069 sexto
1608 1046 1684 1069 torno

893 1085 1052 1120 particulam
1065 1085 1162 1113 recitat
1178 1086 1294 1114 Basilius
1310 1086 1371 1114 libr.
1389 1086 1427 1114 De
1456 1086 1559 1121 Spiritu
1584 1093 1687 1120 sancto,

893 1139 953 1166 cap.
971 1131 1016 1159 29.
1033 1132 1130 1159 Exstat
1149 1132 1193 1159 illa
1210 1133 1237 1160 in
1249 1138 1329 1161 sexto
1342 1138 1415 1161 tomo
1430 1133 1531 1161 codicis
1554 1133 1628 1167 Regii
1640 1153 1647 1165 .
1660 1134 1688 1160 in

893 1183 990 1206 octavo
1006 1185 1070 1206 vero
1094 1178 1272 1208 Ferraniana:
1291 1180 1535 1215 interpretationis.
1558 1179 1687 1207 Codicum

893 1231 974 1258 porro
986 1225 1108 1252 omnium
1127 1232 1159 1252 ea
1182 1230 1224 1253 est
1250 1225 1400 1253 similitudo
1423 1225 1495 1253 inter
1521 1233 1551 1253 se
1576 1230 1604 1252 et
1621 1233 1688 1253 con-

893 1270 1038 1304 gruentia,
1068 1276 1096 1298 ut
1124 1279 1158 1298 ex
1186 1279 1240 1298 uno
1265 1271 1414 1305 exemplari
1445 1271 1596 1306 descriptos
1627 1279 1689 1299 esse

893 1323 988 1344 omnes
1010 1324 1058 1352 pro
1077 1323 1153 1345 certo
1174 1318 1298 1345 habeam.
1333 1318 1436 1346 Pratler
1464 1318 1603 1353 superiora
1629 1318 1688 1345 exi-

893 1368 973 1396 guam
988 1369 1003 1389 e
1022 1367 1095 1389 tomo
1111 1363 1232 1390 secundo
1255 1364 1283 1390 in
1296 1363 1428 1390 Joannem
1442 1363 1603 1398 particulam
1626 1371 1687 1398 pro-

893 1409 944 1436 mit
955 1408 1112 1444 Pampltilus
1134 1409 1161 1437 in
1185 1410 1374 1445 Apologetico.
1389 1410 1537 1438 secundant
1559 1410 1688 1437 crimina-

895 1455 995 1482 tionem
1022 1455 1178 1483 confulans.
1208 1456 1302 1491 Capite
1327 1462 1426 1491 quarto
1450 1455 1605 1484 P/titocaliw
1637 1457 1689 1484 fra-

898 1506 1007 1536 gmeuta
1023 1502 1193 1530 adducuntur
1214 1510 1229 1529 e
1243 1508 1339 1537 quarto
1349 1507 1438 1535 ῑοιιιο;
1454 1503 1516 1531 item
1539 1503 1627 1538 capite
1643 1511 1688 1531 se-

42 1556 158 1582 ηονεη,Ι
181 1550 208 1577 in
232 1551 353 1580 psalmos
373 1561 388 1580 a
411 1555 516 1583 decimo
542 1564 628 1591 usque
651 1559 685 1585 ad
709 1546 842 1587 δεοίέηηηι
857 1546 878 1575 C
895 1546 987 1582 quenti
1006 1546 1059 1574 alia
1083 1547 1235 1582 fragmenta
1253 1555 1268 1575 e
1284 1546 1449 1575 Pratfatione
1468 1548 1554 1583 quinti
1580 1549 1646 1575 tomi
1661 1549 1687 1576 in

42 1600 156 1623 sextum
169 1600 298 1625 tractatus
309 1601 529 1635 septem,captivi
539 1603 662 1630 monachi
670 1604 839 1636 vitam,etc.i

43 1638 156 1673 Quibus
170 1648 202 1668 ex
220 1642 309 1669 verbis
330 1642 398 1669 nihil
416 1643 488 1671 aliud
513 1645 626 1681 intelligi
643 1651 742 1681 potest,
759 1655 841 1682 quam

44 1690 95 1711 aut
114 1693 174 1713 esse
195 1686 349 1724 llierouymi
369 1689 420 1716 hoc
435 1697 514 1724 opus,
528 1695 576 1718 aut
589 1692 622 1718 ab
640 1699 672 1719 eo
687 1700 795 1720 versum
808 1700 841 1720 ex

45 1731 175 1766 Didyme.
201 1731 256 1760 lloc
280 1738 370 1761 utrunt
396 1742 460 1762 casu
481 1743 514 1762 an
539 1737 628 1764 studio
658 1737 759 1765 factum
787 1739 840 1770 sit,

44 1777 152 1805 nescio.
167 1787 176 1804 ›
199 1779 233 1805 At
253 1779 426 1808 observasset
447 1781 578 1810 Erasmus
601 1783 659 1818 pari
682 1789 842 1819 argumento

45 1823 222 1851 homiliarum
237 1825 349 1853 duarum
363 1826 390 1854 in
405 1826 547 1854 Canticum
564 1833 701 1856 auctorem
719 1830 841 1857 revocari

45 1877 130 1902 posse
144 1870 170 1896 itt
183 1871 303 1904 dubium,
317 1879 378 1899 cum
397 1873 422 1899 in
436 1873 530 1901 eodem
544 1874 665 1909 Catalogi
681 1876 770 1910 capite
784 1876 842 1904 haec

45 1914 150 1942 habeat
166 1915 365 1952 llieronymus:
385 1927 394 1943 ι
412 1918 448 1945 De
464 1919 550 1946 tribus
562 1920 759 1954 qua’stiouibus
774 1921 841 1955 legis

46 1960 162 1991 veteris,
177 1961 303 1989 homilias
325 1963 352 1989 in
372 1962 482 1990 Cantica
506 1966 670 1991 canticorum
690 1966 772 1999 duas,
790 1968 840 1994 od-

46 2013 140 2032 versus
162 2005 324 2034 Helvidium.
338 2017 348 2034 ι
370 2008 470 2044 Nempe
494 2011 612 2038 auctoris
636 2018 733 2038 nomen
753 2012 841 2040 ascri-

46 2051 117 2078 bere
134 2052 264 2086 neglexlt.
280 2060 360 2087 quem
377 2053 486 2082 aliunde
500 2056 567 2082 satis
581 2060 672 2083 notum
689 2063 751 2084 esse
771 2057 840 2084 scie-

47 2097 106 2124 bat.
120 2098 200 2124 Addit
223 2098 371 2126 Erasmus:
389 2109 399 2125 ι
416 2100 482 2127 Dein
506 2109 567 2128 cum
585 2101 612 2128 in
639 2103 746 2129 caeteris
773 2103 840 2130 nihil

48 2145 180 2172 habeatur
203 2147 317 2179 erroris,
334 2147 379 2175 hic
406 2148 488 2175 tuulta
511 2153 574 2176 sunt
590 2149 631 2176 vel
651 2154 776 2184 suspecta
798 2149 840 2176 vel

48 2190 208 2218 damnata.)
231 2190 305 2218 Itane
328 2192 406 2219 vero?
429 2192 532 2220 nihilne
549 2194 574 2220 in
599 2193 674 2221 libris
690 2193 761 2229 Περὶ
784 2194 837 2228 ἀρ-

893 1592 965 1620 idem
981 1592 1175 1628 Evangelium;
1190 1594 1268 1628 cujus
1286 1593 1459 1621 Pracfatiouis
1483 1594 1563 1621 aliam
1581 1602 1689 1630 quoque

893 1638 1047 1673 portionem
1061 1639 1088 1666 in
1105 1644 1186 1674 caput
1211 1647 1264 1666 xxv
1286 1638 1348 1667 libri
1373 1640 1443 1667 sexti
1462 1639 1590 1668 Historice
1601 1641 1687 1669 Eusc-

895 1685 1080 1712 biusinfersit.
1097 1685 1135 1712 Ex
1161 1684 1278 1720 Origene
1297 1686 1326 1712 in
1347 1685 1460 1713 Joannis
1483 1691 1564 1722 caput
1581 1692 1687 1714 sextum

894 1729 1009 1758 lacinias
1032 1732 1164 1765 quasdam
1198 1731 1283 1759 exiles
1314 1732 1422 1766 profert
1454 1733 1621 1768 Bulengerus
1658 1734 1686 1761 in

893 1775 1119 1810 Disputationibus
1126 1782 1218 1804 contra
1226 1777 1411 1805 Casaubonun:
1419 1784 1488 1812 part.
1497 1786 1529 1812 ll,
1536 1778 1646 1806 diatrib.
1657 1779 1687 1813 5,

896 1829 958 1857 pag.
978 1822 1043 1855 251,
1059 1830 1128 1857 quas
1139 1830 1199 1850 cum
1215 1823 1323 1851 codices
1335 1831 1416 1851 manu
1432 1825 1525 1860 scripti
1546 1825 1688 1853 Commeno

892 1868 1023 1895 tariorum
1036 1868 1062 1895 in
1078 1868 1103 1895 id
1116 1867 1289 1904 Evangelium
1301 1877 1353 1897 non
1365 1870 1521 1903 exhibeant,
1533 1878 1568 1898 ex
1583 1871 1687 1900 catenis

892 1914 1026 1949 prodiisse
1041 1914 1095 1942 veri
1114 1915 1239 1942 absimile
1259 1922 1312 1942 non
1333 1920 1385 1942 est.
1402 1915 1524 1951 Denique
1547 1917 1618 1944 inter
1638 1917 1686 1944 ho-

892 1959 981 1987 milias
1006 1960 1032 1987 in
1046 1960 1167 1988 diversos
1186 1960 1246 1988 duae
1262 1961 1395 1989 habentur
1411 1962 1439 1989 in
1457 1962 1606 1995 Joannem,
1625 1971 1686 1998 qua:

891 2013 953 2033 cum
965 2010 1070 2033 certum
1090 2012 1229 2034 auctorem
1243 2015 1297 2035 non
1314 2007 1444 2041 habeant,
1461 2009 1543 2045 paulo
1559 2015 1620 2045 post
1634 2018 1684 2038 suo

892 2051 952 2079 loco
971 2051 1183 2080 ventilabuntur.

927 2095 1042 2124 Unicum
1054 2102 1180 2131 superest
1209 2098 1234 2124 in
1262 2099 1445 2133 apostolorum
1468 2101 1534 2128 Acta
1549 2100 1686 2136 fragmen.

892 2147 947 2169 tum
960 2142 1095 2177 Origenis,
1120 2150 1136 2170 e
1161 2149 1258 2178 quarta
1285 2145 1437 2172 detractuut
1458 2146 1581 2179 homilia,
1609 2147 1684 2181 quod

891 2188 974 2221 capiti
1003 2187 1160 2215 Philocalite
1191 2189 1309 2224 septimo
1337 2185 1455 2219 Basilius
1483 2196 1510 2220 ct
1536 2192 1684 2227 Gregorius

47 2236 122 2270 χῶν,
145 2237 172 2263 in
197 2236 406 2265 commentariis
426 2238 453 2265 δη
483 2238 656 2272 Man/mum.
679 2240 705 2267 in
727 2224 843 2274 113“qu
859 2224 881 2252 Ῑ)
896 2233 1049 2268 Tlteologus
1071 2233 1244 2261 infulseruut.
1266 2234 1294 2262 lu
1319 2235 1448 2271 Catalogo
1468 2224 1605 2265 libroruin
1622 2237 1684 2264 illu-

47 2283 176 2317 operibus
194 2283 307 2311 habetur
327 2284 447 2311 erroris?
472 2283 570 2312 Mirare
594 2285 686 2317 lcctor,
709 2285 838 2313 ell'renem

48 2327 154 2355 Erasnti
177 2328 203 2355 in
223 2334 342 2356 veterum
365 2330 548 2364 expendendis
567 2331 686 2365 scriptis,
700 2335 728 2358 et
749 2332 840 2366 proje-

48 2378 118 2400 ctant
137 2374 327 2402 temeritatem.
349 2374 495 2402 Modestior
510 2375 647 2409 Merlinus,
664 2383 774 2404 errores
796 2377 838 2404 bis

47 2417 166 2445 homiliis
192 2419 225 2446 ab
251 2420 406 2455 Origeuiani
437 2421 554 2448 nominis
580 2422 685 2450 aemulis
712 2430 837 2456 aspersos

49 2471 225 2492 asseverans:
242 2473 396 2501 quanquam
411 2471 438 2494 et
458 2467 484 2494 id
505 2467 581 2494 valde
604 2469 750 2495 incertum.
766 2468 836 2495 Pau-

49 2510 123 2536 culas
147 2511 277 2543 quasdam
310 2511 456 2546 particulas
478 2520 511 2540 ex
536 2512 654 2548 Origene
685 2513 713 2540 in
739 2512 838 2540 Lucam

47 2556 156 2583 exhibet
168 2554 255 2584 Julius
269 2557 361 2585 Caesar
376 2559 542 2594 Bulengerus
559 2564 630 2594 part.
643 2567 675 2592 ll,
688 2559 796 2587 diatrib.
810 2559 837 2593 5,

49 2609 75 2638 p.
95 2602 145 2629 l58
170 2607 197 2629 et
219 2601 282 2634 222,
304 2604 407 2631 advers.
428 2604 578 2632 Casaubon.
598 2612 632 2632 ex
651 2604 755 2632 catenis
778 2604 836 2632 for-

50 2652 122 2675 tasse
138 2647 274 2683 aliquibus
289 2648 471 2684 depromptas.

85 2704 141 2741 (82)
167 2704 190 2732 Ε
213 2705 315 2741 duobus
338 2711 361 2733 et
387 2707 496 2741 triginta
525 2707 778 2734 Commentariorum
809 2708 836 2734 in

49 2739 178 2766 Joannem
193 2743 280 2777 tomis.
293 2740 353 2768 Jam
373 2739 466 2775 supra,
482 2748 548 2769 sect.
564 2743 593 2775 2,
606 2751 680 2771 num.
693 2743 720 2776 7,
735 2751 760 2777 p.
773 2742 837 2775 296,

50 2781 106 2802 not.
120 2781 146 2802 ct
161 2778 186 2801 in
202 2775 365 2804 Prwl’atioue
378 2777 439 2804 huic
453 2782 526 2804 tomo
545 2779 653 2811 pra-lixa
668 2775 838 2806 ostendimus

50 2813 106 2844 plus
120 2819 198 2844 quam
215 2812 322 2845 triginta
346 2817 372 2838 et
387 2811 453 2838 duos
468 2818 554 2838 tomos
576 2814 603 2838 in
627 2812 758 2841 Joannem
773 2821 837 2842 cou-

49 2847 142 2877 l'cejsac
154 2846 297 2881 Origeuetu
319 2846 544 2874 verisimillituum
561 2854 631 2874 esse.

207 2893 342 2923 PATROL.
365 2893 424 2922 Ca.
443 2893 544 2924 XVII.

895 2279 1022 2306 strissinti
1040 2280 1170 2315 principis
1186 2281 1288 2307 domini
1303 2280 1396 2309 Jacobi
1412 2282 1591 2314 Marmorelaz,
1603 2291 1682 2318 quem

894 2326 966 2353 inter
978 2327 1153 2361 antiquitates
1161 2326 1476 2363 Constantinopolitauas
1488 2329 1686 2364 Supplementa

892 2371 1062 2399 Bibliotheca:
1088 2371 1257 2400 Gemeriante
1282 2373 1396 2401 Inseruit
1419 2374 1554 2402 Antonius
1581 2374 1687 2403 Verde-

892 2416 966 2450 rius,
987 2424 1218 2446 commemoratur
1240 2419 1365 2454 Origenis
1392 2419 1543 2455 Explicatio
1563 2421 1591 2447 in
1615 2421 1687 2447 Actu

893 2462 1083 2497 apostolorum,
1095 2468 1122 2491 et
1135 2464 1163 2490 in
1179 2463 1312 2498 Epistolas
1330 2462 1410 2490 Pauli
1421 2484 1429 2497 ,
1450 2464 1483 2491 de
1496 2464 1594 2499 quibus
1610 2472 1686 2492 nunc

891 2515 940 2535 suo
955 2508 1050 2535 ordine
1069 2509 1201 2543 agendum
1214 2514 1268 2536 est.

925 2553 984 2581 XV.
1002 2555 1115 2582 Rufinus
1130 2555 1246 2582 lleraclii
1262 2555 1378 2590 impulsu
1393 2555 1449 2591 (85)
1471 2555 1568 2590 viginti
1594 2561 1684 2584 tomos

890 2600 1156 2628 Couunentariorum
1168 2601 1294 2637 Origcuis
1307 2602 1332 2629 in
1347 2601 1495 2636 Epistulam
1502 2603 1536 2629 ad
1547 2602 1681 2631 Romanos

888 2647 991 2675 Latini:
1015 2647 1113 2682 lingua:
1135 2648 1277 2675 donaudos
1301 2648 1442 2682 suscepit:
1458 2648 1505 2675 sed
1528 2655 1582 2683 qua
1608 2648 1682 2677 fidei

926 2706 983 2740 (83)
1002 2704 1102 2741 Viginti
1117 2709 1201 2732 tomos
1216 2705 1362 2734 Comment.
1374 2705 1494 2741 Oeiyenia
1507 2705 1533 2733 in
1547 2705 1631 2740 Epist.
1644 2707 1679 2735 ad

890 2741 1027 2769 Romanos
1040 2760 1048 2773 ,
1062 2745 1114 2776 etc:
1141 2741 1319 2769 Cassiodorus
1344 2740 1454 2776 quidem
1480 2742 1517 2768 ait
1533 2740 1678 2776 Origeueut

891 2779 919 2804 in
934 2777 1019 2810 Epist.
1034 2777 1068 2802 ad
1096 2775 1206 2804 Roman.
1234 2777 1327 2809 viginti
1352 2775 1443 2804 tomos
1465 2775 1634 2808 elaborasse;
1649 2782 1679 2804 at

893 2812 1006 2839 liulinus
1021 2811 1172 2844 quindecim
1189 2816 1289 2838 tantum
1317 2817 1468 2843 enumerat,
1493 2816 1521 2839 et
1540 2820 1557 2840 (δ
1579 2813 1678 2840 nostris

896 2855 961 2875 mss.
978 2847 1047 2874 alius
1062 2846 1140 2873 habet
1153 2847 1256 2880 decem,
1275 2846 1344 2873 alius
1361 2847 1512 2875 duodecim.

1497 2892 1536 2922 39
