1908 3071
247 122 315 150 1227

877 117 906 145 Ρ.
927 116 1084 144 DANIELIS
1104 115 1220 144 HUE’I‘H

1790 114 1846 142 1228

245 190 293 210 sua
307 189 415 217 nempe,
435 181 487 209 hoc
504 183 543 208 est
557 178 674 213 pessima
690 186 697 204 ι
711 185 772 205 nam
793 181 879 205 totum
896 185 964 213 opus
977 177 1033 212 jam
1048 180 1069 208 Α
1084 180 1146 211 post
1164 182 1358 204 conversurum
1383 182 1445 204 sese
1471 174 1616 202 Clementis
1641 174 1743 207 libros;
1758 176 1822 210 quod
1836 184 1847 202 ι

244 227 496 262 interpolatnm,et
525 224 627 258 aliquot
655 222 837 250 voluminibus
860 223 1030 251 decurtatum

243 273 276 300 ad
289 273 402 300 mediani
418 271 475 298 fere
488 275 592 305 partem
614 277 676 298 sese
698 270 868 297 contraxisse
890 269 1032 303 proﬁtetur

242 319 269 345 in
284 317 443 345 Prml‘alione
457 317 490 343 ad
505 316 670 343 Heraclium.
693 315 820 349 Injuriam
842 315 954 351 Origeni
972 315 1029 341 illa-

241 368 295 390 tam
323 362 429 389 facilius
450 361 651 394 deprehendes,
679 360 701 387 si
734 359 884 394 fragmenta
910 359 1031 394 quaedam

242 408 437 437 lucubrationis
451 407 531 442 hujus
546 407 647 434 inserta
664 405 821 433 Philocaliw
833 413 896 433 cum
911 405 1032 432 Ruﬁnia-

239 463 273 482 tta
293 453 470 481 conversione
484 451 625 486 conﬂigas.
647 451 788 478 Adversus
804 451 873 478 banc
889 450 1031 477 audaciam

239 499 338 526 merito
352 498 481 525 Erasmus
495 496 686 528 exeamlescit,
701 500 729 522 et
742 495 811 523 falso
827 495 944 523 aﬂictam
967 495 1031 522 Hie-

240 551 354 579 ronymo
367 544 457 578 operis
477 542 555 576 hujus
569 542 820 577 interpretationem
834 541 931 569 Ruﬁno
953 541 1032 568 resti-

240 590 302 616 tuit.
322 589 377 624 (8L)
393 589 447 616 Cur
461 588 626 623 Hieronymo
642 587 743 615 tributa
761 588 807 620 sit,
828 587 917 614 Ruﬁni
933 592 993 615 astu
1006 591 1034 614 et

238 635 348 662 vafritie
382 634 481 661 factum
509 638 574 667 puto
591 652 600 665 ,
625 633 672 667 qui
696 633 729 660 ad
755 633 945 660 declinandam
970 633 1031 660 facti

240 680 374 709 invidiam
386 679 468 716 (male
481 679 581 714 quippe
592 679 720 706 audiebat
734 678 860 713 Origenis
878 677 987 714 nomen)
1005 683 1033 706 et

240 726 272 753 in‘
281 725 485 760 Hieronymum,
500 731 514 750 a
530 731 585 758 quo
596 731 671 758 stepe
687 722 853 758 Origeuismi
871 730 954 750 causa
985 731 1033 750 ex-

241 771 359 806 agitatus
373 769 472 801 fuerat,
489 768 695 800 refundendam,
709 776 806 796 nomen
822 776 899 796 suum
916 776 968 796 non
986 777 1034 804 ap-

239 817 339 853 posuit,
355 815 484 842 modestia
500 814 600 842 factum
615 814 762 848 simulans,
781 815 852 849 quod
868 815 948 842 malis
964 816 1033 842 arti-

241 867 290 893 bus
302 869 391 891 actum
409 867 468 890 erat
493 871 500 889 :

240 910 414 938 conscientite
427 917 493 937 mea:
506 916 560 943 qua
571 908 673 935 nomini
687 908 790 940 defero,
808 908 916 936 etiamsi
930 908 1032 936 addere

240 958 330 992 aliqua
349 956 455 988 videor,
470 960 497 983 et
510 955 619 990 explere
636 963 695 990 quae
708 955 819 987 desunt,
842 958 887 982 aut
906 955 1032 982 breviare

241 1009 300 1037 quae
323 1001 401 1036 longa
425 1007 502 1034 sunt,
528 1001 611 1028 furari
640 1005 730 1028 tamen
761 1000 869 1027 titulum
891 999 970 1035 cjus,
986 999 1031 1034 qui

241 1048 445 1076 fundamentum
459 1047 549 1082 operis
571 1047 654 1082 jecit,
681 1052 709 1074 et
732 1047 909 1074 construendi
923 1047 1030 1074 aediﬁcii

242 1095 380 1122 materiam
396 1095 522 1130 praebuit,
542 1098 645 1121 rectum
667 1101 719 1120 non
740 1097 815 1128 puto.
842 1092 883 1120 Sit
911 1101 978 1121 sane
1003 1093 1030 1120 in

241 1141 353 1170 arbitrio
373 1140 486 1176 legentis
500 1148 561 1168 cum
580 1147 649 1175 opus
660 1139 828 1174 probaverit,
843 1140 934 1173 operis
948 1140 1032 1167 meri~

241 1193 297 1214 tum
318 1187 359 1214 cui
388 1186 452 1214 velit
481 1186 628 1213 ascribere.
647 1185 783 1213 VDeinde
806 1185 832 1212 iit
853 1184 1031 1213 Peroratione

241 1233 397 1260 verba'htec
421 1232 512 1260 dolose
526 1232 625 1267 adjecit
641 1240 648 1258 ε
668 1240 678 1257 ι
697 1232 781 1258 Αἱυιιι
801 1231 874 1258 cuitu
899 1231 964 1258 mihi
981 1232 1030 1258 :ln

241 1279 283 1306 his
297 1286 357 1314 quae
373 1278 481 1311 scribis,
495 1278 622 1313 quoniatn
633 1277 756 1312 plurima
773 1277 800 1304 in
818 1277 858 1304 eis
882 1276 918 1303 tui
941 1276 1031 1311 operis

242 1321 385 1354 habentur,
401 1323 433 1349 da
450 1322 556 1349 titulum
571 1322 689 1349 nominis
710 1321 765 1354 tui,
789 1327 815 1348 et
839 1321 929 1349 scribe
943 1330 949 1348 :
966 1320 1031 1349 Hie-

243 1368 359 1404 ronyjmi,
376 1367 450 1395 verbi
463 1368 560 1402 gratia,
576 1368 603 1394 in
616 1367 761 1399 Epistulam
779 1369 813 1396 ad
836 1369 967 1396 Romanos
979 1368 1032 1395 Ex-

242 1413 426 1448 planationum
452 1414 523 1441 libri.
552 1423 561 1440 ι
595 1414 663 1441 llinc
691 1414 778 1442 delusi
803 1415 881 1442 bardi
907 1415 1032 1442 homines

242 1459 397 1495 Hieronymi
416 1460 525 1486 nomine
550 1461 648 1487 librum
678 1460 914 1495 praescripserunt.
937 1460 973 1487 At
989 1461 1032 1489 vel

241 1512 318 1532 ex-eo
331 1505 466 1532 stoliditas
484 1513 577 1532 eorum
603 1505 737 1540 arguitur.
755 1505 822 1532 Nam
848 1506 870 1533 si
896 1506 1032 1540 interpres

242 1551 338 1578 fuisset
365 1550 554 1586 Hieronymus,
577 1559 625 1578 cur
649 1559 729 1579 voces
750 1551 827 1584 illas,
851 1551 920 1578 uerbi
930 1552 1028 1587 gratia,

241 1596 399 1630 addidisset,
417 1604 476 1631 qua:
497 1597 635 1624 declarant
658 1597 781 1624 ﬁctitinm
803 1603 864 1624 esse
887 1601 914 1623 et
938 1596 1029 1624 asciti-

241 1643 306 1670 tium
322 1643 348 1670 id
372 1651 480 1676 ttomen,
507 1650 559 1670 non
586 1642 757 1678 legitimum?
781 1641 926 1677 Subjungit
947 1642 1027 1677 paulo

276 1733 333 1768 (ει)
352 1733 406 1760 Cur
433 1732 593 1769 Hieronymo
615 1734 713 1766 tributa
739 1735 784 1766 sit,
810 1733 898 1768 Ruﬁni
921 1739 982 1762 astu
1003 1739 1027 1761 et

241 1769 346 1804 unfritie
356 1769 457 1803 factum
471 1774 544 1802 puto,
560 1774 614 1798 etc.
628 1769 686 1797 Non
701 1771 779 1796 modo
794 1777 846 1796 non
867 1769 947 1804 hujus
957 1789 965 1802 ,
979 1770 1026 1797 sed

242 1811 292 1832 nee
306 1803 386 1831 ullius
401 1804 629 1838 interpretationis
649 1804 728 1832 fronti
745 1811 842 1831 nomen
858 1803 936 1832 suum
954 1812 1024 1838 pra:-

243 1840 302 1866 tixit
321 1839 433 1874 Ruﬁnus
447 1847 453 1864 :
470 1840 541 1874 quod
555 1840 664 1873 quidem
680 1839 745 1866 satis
758 1844 829 1874 patet
841 1844 895 1866 tum
908 1847 939 1866 ex
955 1839 1025 1867 Gen-

242 1874 322 1902 nadio
336 1873 507 1906 MassilienSi,
525 1880 554 1901 ut
573 1881 634 1901 mox
648 1873 778 1907 dicemus,
792 1880 846 1901 tum
865 1881 898 1901 ex
916 1882 1025 1909 perora-

243 1911 316 1936 tione
329 1910 355 1935 in
367 1910 437 1936 hanc
449 1910 482 1936 ad
496 1909 633 1937 Romanos
646 1909 792 1944 Epistolam
802 1931 810 1943 ,
836 1909 882 1937 ubi
903 1915 941 1937 att
968 1910 1025 1944 ipse

243 1945 356 1971 Rutilius
379 1952 409 1971 se
431 1944 631 1971 Satist'acturum
660 1945 755 1972 amicis
780 1945 862 1977 suis,
894 1949 922 1971 et
947 1945 1026 1972 titulo

243 1979 373 2007 librorum
392 1980 477 2006 sancti
500 1979 664 2011 Clementis,
686 1987 800 2014 quorum
826 1980 1028 2014 interpretatio-

243 2022 305 2042 nem
321 2014 511 2046 meditabatur,
529 2022 625 2042 nomen
651 2022 728 2042 suum
751 2022 781 2042 se
806 2015 942 2041 daturum.
956 2014 1029 2041 'Nun-

243 2051 307 2085 quid
321 2050 383 2076 inde
402 2049 629 2083 concludendum,
647 2050 724 2084 juxta
745 2049 833 2077 Huetii
853 2050 1026 2085 sententiam,

243 2084 338 2112 omnes
353 2085 587 2120 interpretationes
599 2092 662 2112 suas
678 2085 705 2112 in
725 2085 917 2120 Hieronymum
936 2084 1027 2112 refun-

242 2121 309 2148 dere
331 2119 446 2147 voluisse
462 2120 607 2147 Ruﬁnum?
632 2120 686 2147 Sed
701 2120 764 2154 quid
783 2119 941 2147 absurdius?
961 2119 1027 2152 Quis

244 2156 316 2182 enim
334 2160 430 2182 auctor
443 2162 592 2190 anonymus
613 2155 715 2182 fraudis
735 2155 854 2189 ejusdem
878 2155 1026 2182 insimulari

245 2198 296 2217 non
315 2190 431 2224 poterit?
448 2190 502 2217 imo
515 2189 578 2244 quid
591 2190 691 2218 vetabit
703 2190 846 2223 quominus
866 2189 936 2216 idem
952 2190 1027 2216 dica-

245 2231 288 2244 tus-
301 2225 335 2244 do
355 2226 517 2244 IIinrnnvmn
555 2224 606 2244 Non
626 2225 696 2244 nnim
707 2225 763 2244 imm
776 2224 900 2244 nriapniu
916 2231 997 2244 nnnrn
1013 2233 1026 2244 ιι

245 2231 288 2252 tur
301 2225 336 2252 de
355 2224 535 2260 Hieronymo?
553 2224 608 2252 Nec
626 2225 697 2252 enim
707 2225 763 2259 ipse
776 2224 900 2260 origenis
916 2231 998 2259 opera
1012 2233 1026 2251 a

244 2269 274 2288 se
288 2260 417 2287 translata
436 2259 486 2287 suo
509 2262 617 2287 nomine
636 2261 770 2295 signavit,
791 2259 944 2294 siquidem,
962 2265 1030 2287 teste

245 2295 396 2328 Gennadio,
411 2295 549 2329 prooemiis
565 2300 667 2322 tantum
686 2295 912 2330 dignoscebatur,
934 2295 998 2329 quid
1013 2304 1028 2322 a

245 2330 354 2362 Huiino,
368 2331 432 2364 quid
446 2332 480 2357 ab
502 2330 664 2365 Hieronymo
690 2330 786 2357 fuisset
809 2330 1028 2365 interpretatum,

245 2375 255 2391 ι
271 2364 443 2399 Quaecunque
463 2364 610 2400 praemissis
629 2365 752 2400 Prologis
774 2372 789 2392 a
809 2365 912 2392 Latinis
931 2364 1029 2400 legun-

243 2406 304 2433 tur,
326 2409 335 2426 ι
365 2400 452 2434 inquit
479 2399 633 2427 Gennadius
659 2399 779 2434 Catulog.
812 2401 892 2426 uiror.
915 2399 1028 2433 illum,

242 2444 302 2470 cap.
317 2435 361 2468 18,
382 2443 391 2460 ε
412 2443 427 2461 a
441 2435 537 2462 Ruﬁno
561 2436 737 2470 interpretata
758 2441 821 2462 sunt
837 2443 844 2460 :
858 2441 917 2470 quae
937 2439 1027 2470 autem

244 2468 302 2498 sine
316 2470 441 2506 Prolugo,
458 2471 495 2506 ab
508 2470 561 2506 alio
574 2468 703 2497 translata
726 2475 790 2497 sunt
814 2468 1026 2506 quifl’rologum

243 2507 333 2534 facere
352 2504 437 2533 noluit
453 2515 459 2532 :
479 2504 603 2540 Origenis
617 2510 706 2532 autem
723 2514 776 2532 non
793 2505 900 2537 omnia,
916 2505 978 2540 quia
1001 2509 1028 2531 et

243 2541 424 2577 Hieronymus
444 2539 747 2577 transtulitaliquanta,
767 2548 831 2577 qua:
847 2539 1027 2577 suojl’rologo

244 2575 444 2604 discernuntur.
464 2585 473 2602 ι
492 2575 575 2602 Porro
589 2583 650 2602 cum
666 2575 789 2610 Prologis
802 2575 868 2602 satis
887 2575 1027 2610 dignosce-

244 2617 319 2639 retur
330 2612 394 2646 quid
409 2620 424 2638 a
438 2611 546 2643 Ruﬁno,
563 2611 627 2646 quid
643 2611 676 2637 ab
689 2610 854 2646 Hieronymo
872 2610 968 2637 fuisset
979 2610 1027 2646 in-

244 2644 430 2681 terpretatum,
448 2644 594 2681 nonatdéo
613 2646 683 2673 unde
704 2644 880 2672 Ruﬁuiuslus
898 2650 926 2672 et
940 2644 1026 2672 vafri-

245 2680 294 2709 ties
308 2682 365 2709 erui
378 2687 488 2716 queant.
502 2680 635 2708 Prwterea
648 2681 671 2708 si
687 2681 713 2708 in
724 2681 916 2716 Hieronymum
931 2687 1026 2707 omnes

244 2713 480 2751 interpretationes
496 2724 559 2743 suas
583 2717 724 2751 retundere
747 2713 877 2743 voluisset
898 2713 1024 2751 Rufinus,

245 2750 363 2785 nunquid
390 2755 529 2786 tantopere
553 2752 609 2786 ipse
632 2750 793 2785 Origenismi
815 2758 897 2777 causa
913 2751 947 2777 ab
964 2750 1026 2777 Hie-

243 2793 356 2819 ronymo
369 2789 522 2821 exagitatus
533 2806 539 2818 ,
556 2788 606 2813 bas
620 2793 668 2820 pro
682 2787 738 2813 sitis
756 2792 902 2820 agnoscere
919 2792 970 2811 non
985 2792 1026 2812 re-

245 2821 383 2855 cusasset?
402 2822 481 2855 Atqui
504 2827 593 2848 tamen
611 2821 704 2848 nullibi
726 2822 796 2848 fetus
820 2828 885 2848 suos
912 2821 1026 2854 denegat

241 2854 368 2888 Ruﬁnus,
380 2855 434 2883 imo
449 2854 475 2883 in
493 2856 568 2884 libris
592 2863 659 2890 quos
673 2856 782 2890 scripsit
807 2856 936 2883 adversus
961 2855 1023 2882 HIC-

1045 1532 1067 1561 C

1082 221 1180 248 Ruﬁno
1195 220 1303 248 'factum
1325 227 1385 248 esse
1410 225 1530 252 constat.
1554 228 1605 247 non
1634 219 1669 247 ab
1688 219 1848 256 Hieronymo;

1083 270 1138 293 tum
1156 265 1216 292 ait:
1236 274 1248 290 ί
1264 264 1438 292 Satisfaciam
1465 272 1531 292 sane
1556 265 1582 292 in
1606 272 1638 292 eo
1664 265 1759 292 amicis
1781 266 1848 299 meis;

1082 314 1150 342 dabo
1170 313 1248 340 titulo
1263 320 1360 340 nomen
1376 320 1476 344 meum,
1493 312 1611 339 auctoris
1631 312 1802 340 nihilominus
1813 321 1851 340 vo-

1082 360 1180 388 cabulo
1197 363 1374 395 permanente
1396 369 1403 387 :
1424 369 1487 388 nam
1507 360 1662 394 Hieronymi
1690 367 1724 387 ne
1749 364 1849 394 putetur,

1082 406 1208 433 Clemens
1222 406 1358 433 scribetur
1373 416 1380 433 ε
1398 416 1408 432 ι
1427 405 1583 441 Hieronymi
1600 413 1712 440 nempe,
1728 405 1797 438 cujus
1813 414 1850 433 no-

1084 460 1144 479 men
1159 453 1307 486 ascriptum
1323 460 1404 487 supra
1424 453 1510 481 ﬁnxit.
1537 452 1636 480 Eadem
1649 451 1773 486 _versulia
1785 459 1850 479 usum

1081 504 1141 525 esse
1158 506 1210 525 non
1225 499 1308 526 semel
1326 499 1452 526 Ruﬁnum
1466 498 1520 532 jam
1535 505 1615 533 supra
1634 505 1712 524 nam.
1729 497 1745 524 5
1763 499 1848 524 notavi-

1083 551 1153 571 mus.
1179 543 1206 570 ln
1236 544 1350 580 Prologo
1373 544 1545 571 bomiliarum
1567 545 1594 570 in
1610 542 1696 570 'Jasue
1721 544 1850 572 sententias

1083 588 1238 625 Hieronymi
1252 595 1280 617 et
1294 590 1392 624 stylmn
1407 590 1510 617 referre
1525 595 1637 617 conatus
1659 593 1710 616 est.
1726 588 1755 615 ιιι
1771 589 1850 615 Ριωΐι-

1085 635 1157 662 tione
1170 635 1203 662 ad
1217 635 1300 663 libros
1315 635 1385 670 Περὶ
1407 634 1507 670 ἀρχῶν
1532 643 1630 662 nomen
1657 642 1737 661 suum
1760 634 1849 662 celavit.

1084 680 1121 707 lta
1145 681 1304 708 occultando
1325 681 1512 716 Origeuisnm.
1534 685 1561 708 et
1586 680 1752 708 tradnrendo
1773 679 1849 707 Hiero-

1083 733 1164 760 nymo
1183 725 1272 753 fucum
1286 727 1364 761 vulgo
1379 727 1508 754 faciebat.
1532 725 1642 753 Minime
1669 725 1759 759 itaque
1777 732 1850 753 asseu-

1085 772 1138 798 tior
1151 770 1277 805 Erasmo,
1297 773 1434 807 mangonii
1450 771 1529 805 lmjns
1542 771 1673 798 librarios
1696 771 1850 802 insitnulanti,

1083 821 1111 843 et
1123 817 1156 843 ad
1168 821 1303 852 emptores
1318 818 1474 845 alliciendos
1489 823 1651 852 praetextum
1674 817 1709 844 ab
1729 817 1760 844 iis
1778 816 1851 844 Hiero-

528 871 537 888 (
560 862 659 890 Verum
683 869 749 896 ego,
777 862 873 897 inquit,
902 863 947 896 qui
973 862 1033 897 plus
1048 861 1069 888 Β
1085 862 1157 898 nymi
1175 870 1271 890 nomen
1285 864 1418 892 censenti.
1439 863 1542 891 Practer
1566 867 1737 890 contractam
1760 863 1820 890 illam
1831 867 1851 890 et

1084 913 1235 936 truncatum
1254 909 1343 936 Ruﬁni
1367 909 1632 944 interpretationem,
1662 909 1789 936 habemus
1802 910 1850 936 touti

1082 956 1160 990 primi
1176 957 1326 990 portionem
1341 957 1367 984 in
1386 957 1515 991 Apologia
1532 956 1686 992 Pamphili;
1711 957 1785 991 longe
1800 964 1851 984 vero

1081 1001 1240 1035 ampliorem
1265 1002 1353 1037 capite
1380 1002 1537 1029 Philam/ire
1559 1003 1606 1029 28.
1631 1002 1715 1029 Aliud
1736 1009 1851 1037 quoquee

1083 1051 1156 1074 tomo
1172 1054 1242 1073 nono
1260 1048 1441 1082 fragmentum
1461 1048 1537 1074 nobis
1553 1047 1634 1074 offert
1655 1052 1738 1082 caput
1754 1048 1850 1081 ejusdem

1082 1090 1240 1119 Philocalia:
1256 1100 1367 1119 nonum.
1383 1092 1512 1128 Exiguam
1526 1093 1644 1127 denique
1662 1092 1814 1127 particulam
1827 1100 1851 1119 et

1081 1138 1174 1164 eodem
1188 1144 1270 1172 opere
1285 1138 1473 1165 subministrat
1487 1138 1540 1164 alio
1558 1138 1699 1173 Apologia
1722 1138 1777 1165 loco
1790 1138 1852 1165 Pam-

1082 1184 1184 1218 philus.
1200 1183 1313 1211 Tomutn
1328 1192 1406 1217 vero,
1424 1185 1494 1211 unde
1509 1184 1641 1211 translata
1659 1190 1722 1217 est,
1749 1192 1795 1211 non
1818 1191 1852 1212 no-

1081 1230 1157 1258 tavit.
1175 1230 1262 1264 Atque
1279 1231 1336 1258 luec
1351 1238 1413 1258 cum
1439 1231 1588 1266 legitimum
1608 1232 1710 1258 horum
1733 1231 1852 1258 Commen-

1082 1276 1214 1303 tariorum
1240 1281 1381 1304 auctorem
1413 1277 1605 1304 Adamantium
1635 1284 1700 1305 esse
1727 1277 1852 1304 clarissime

1082 1322 1268 1350 demonstrent
1279 1342 1287 1354 ,
1302 1330 1360 1350 rnon
1373 1323 1504 1350 dubitavit
1520 1328 1609 1351 tamen
1630 1324 1752 1350 novitius
1765 1324 1851 1358 quidam

1082 1369 1201 1403 scriptor
1225 1369 1408 1396 heterodoxus
1431 1369 1480 1396 hos
1500 1369 1574 1404 ipsos
1588 1370 1615 1397 in
1636 1370 1851 1404 supposititiorum

1082 1414 1209 1449 Origenis
1221 1415 1386 1449 scriptorum
1405 1415 1504 1442 seriem
1526 1415 1685 1450 conjicere;
1707 1422 1722 1442 a
1742 1414 1852 1442 Gulielmo

1082 1459 1213 1488 Perkinso
1228 1460 1348 1492 delusus,
1362 1461 1407 1495 qui
1433 1468 1481 1489 eos
1508 1461 1578 1489 male
1602 1461 1716 1497 quidem
1738 1469 1752 1488 τι
1775 1460 1853 1488 Ruﬁno

1084 1512 1229 1533 conversos
1246 1505 1366 1539 scripsit,
1391 1506 1464 1540 quod
1481 1505 1652 1533 verissimum
1683 1510 1742 1539 est;
1765 1505 1852 1540 Origeui

1085 1559 1149 1579 vero
1168 1551 1237 1578 falso
1254 1558 1316 1578 esse
1330 1551 1446 1578 tributos
1461 1551 1617 1585 neutiquam
1633 1552 1774 1587 cogitavit.

1117 1597 1173 1633 (85)
1186 1596 1297 1625 Brevem
1313 1597 1374 1624 libri
1392 1597 1462 1624 tertii
1477 1597 1505 1623 in
1523 1595 1671 1631 Epistolam
1690 1596 1726 1623 ad
1739 1596 1854 1623 Coloneu-

1080 1651 1120 1670 εει
1134 1643 1272 1675 laciniam,
1298 1648 1326 1671 et
1353 1642 1419 1670 alias
1446 1642 1546 1669 libriin
1562 1641 1714 1676 Epistolam
1732 1643 1764 1668 ad
1785 1641 1853 1668 Titum

1080 1742 1237 1771 ronyrnum,
1252 1734 1342 1771 libros
1354 1734 1423 1771 Περὶ
1441 1733 1551 1768 ἀρχῶν,
1570 1733 1719 1771 pluresque
1732 1732 1795 1760 alios
1807 1739 1818 1758 a
1831 1739 1853 1771 se

1082 1769 1226 1797 translatos
1249 1769 1332 1797 fuisse
1364 1770 1435 1796 ultro
1454 1775 1482 1796 et
1513 1774 1606 1803 aperte
1635 1769 1757 1800 fatetur,
1783 1769 1852 1803 etin

1077 1812 1125 1832 sua
1149 1805 1320 1839 peroratione
1345 1804 1371 1831 in
1398 1805 1467 1839 hanc
1493 1802 1538 1830 ad’
1559 1804 1701 1839 Romanos
1728 1802 1852 1839 Epistulam

1077 1837 1196 1867 omnium
1219 1840 1341 1874 Origenis
1353 1840 1380 1866 in
1392 1838 1617 1871 Pcututeuchum,
1636 1839 1668 1865 in
1685 1837 1850 1874 lesumrli'm,

1077 1876 1106 1902 in
1119 1875 1237 1907 Judicet,
1250 1873 1278 1902 ei
1293 1875 1324 1911 in?
1339 1875 1469 1909 quosdam
1491 1874 1611 1911 psalmos
1633 1873 1851 1911 elucubrationuut

1079 1911 1252 1945 interpretem
1275 1907 1357 1937 satis‘
1369 1916 1428 1936 sese
1452 1907 1622 1945 proﬁtetur,
1646 1917 1710 1945 cum
1741 1907 1852 1945 promittit

1080 1942 1179 1972 ibidein
1195 1952 1256 1971 sese
1281 1942 1476 1971 conversurum
1495 1944 1641 1971 Clementis
1667 1943 1751 1970 libros
1762 1963 1769 1976 ,
1783 1942 1850 1977 quod.

1081 1980 1123 2006 vel
1144 1979 1357 2014 Huetiojudice.
1380 1987 1395 2006 a
1417 1979 1515 2006 Ruﬁno
1541 1979 1644 2014 factum
1670 1986 1731 2005 esse
1752 1983 1850 2014 constat,

1082 2022 1136 2042 non
1151 2014 1185 2041 ab
1201 2012 1377 2049 Hieronymo.
1393 2014 1438 2045 At,
1455 2014 1543 2049 inquit
1566 2013 1735 2049 Huetiusain
1754 2012 1850 2049 Perora-

1082 2051 1153 2077 tione
1166 2047 1365 2077 ad-Heraclium
1379 2050 1420 2077 bis
1434 2047 1612 2083 Hieronymus
1624 2048 1706 2083 quasi
1731 2048 1802 2081 hujus
1819 2047 1851 2083 in-

1082 2088 1186 2119 terpres
1198 2092 1212 2111 a
1230 2084 1328 2111 Rulino
1343 2084 1435 2112 dolose
1451 2082 1617 2110 nominatur.
1633 2082 1681 2111 'lta
1703 2085 1804 2119 quidem
1817 2082 1850 2119 le:

1081 2115 1221 2156 guntediti
1239 2119 1409 2156 antealibri,
1431 2119 1478 2146 sed
1501 2119 1690 2156 librariorum,
1704 2115 1761 2156 non
1778 2115 1849 2156 Rutilii

1081 2155 1188 2182 vafritie
1199 2154 1304 2182 factum
1314 2154 1378 2182 illud
1392 2161 1451 2181 esse
1461 2154 1605 2181 contendo.
1623 2154 1652 2181 Si
1666 2154 1739 2181 enim
1750 2154 1848 2188 genuina

1080 2188 1224 2217 hteeesset
1237 2190 1328 2222 lectio,
1341 2197 1436 2216 omines
1450 2190 1626 2223 manuscripti
1649 2187 1767 2219 codices,
1782 2187 1848 2214 etiam

1081 2225 1118 2251 illi
1155 2225 1200 2259 qui
1227 2224 1363 2259 Ruﬁnum
1395 2224 1474 2257 hujus
1516 2225 1749 2257 interpretationis
1774 2227 1849 2259 aucto-

1081 2267 1136 2287 rem
1157 2257 1320 2294 agnoscunt,
1346 2258 1502 2294 Hieronymi
1526 2267 1624 2285 nomen
1643 2262 1791 2294 servarent.
1811 2257 1848 2282 At-

1080 2295 1125 2328 qui
1141 2292 1229 2321 tamen
1250 2295 1357 2321 codices
1372 2292 1636 2330 nostrirllieronymi
1660 2295 1722 2321 loco
1743 2292 1848 2330 Ruﬁnum

1080 2331 1179 2364 ubique
1193 2331 1349 2361 restituunt,
1363 2334 1391 2356 et
1407 2330 1442 2356 ita
1466 2329 1606 2363 legendum
1632 2336 1695 2358 esse
1717 2329 1849 2355 certissime

1079 2365 1268 2391 demonstrant
1281 2369 1336 2391 tum
1355 2365 1417 2391 libri
1433 2364 1567 2398 Origenis,
1585 2369 1640 2390 tum
1651 2364 1714 2391 libri
1723 2364 1848 2398 Clemente

1080 2399 1178 2426 ibidem
1197 2400 1349 2430 memorati,
1365 2407 1432 2434 quos
1453 2408 1468 2425 ιι
1484 2396 1589 2434 Βυϐιιιι
1618 2406 1764 2426 comersos
1783 2396 1848 2432 fuisse

1080 2439 1194 2462 constat.
1212 2435 1332 2468 Denique
1346 2433 1437 2461 si'tatn
1455 2439 1547 2468 aperte
1570 2433 1763 2469 Hieronymum
1785 2437 1846 2466 qlm‘l

1081 2469 1160 2504 hujus
1183 2470 1272 2504 operis
1294 2473 1467 2503 tnterpretem
1493 2469 1680 2495 fraudulenter
1704 2469 1847 2504 designasst‘l

1079 2501 1215 2538 Ruﬁnus;
1231 2505 1351 2539 nunquid
1366 2501 1439 2531 hanc
1460 2503 1593 2530 fallaciam
1606 2504 1757 2539 ignorasset
1773 2501 1847 2539 Ilion)-

1078 2541 1192 2574 nymns'!
1218 2538 1340 2574 nunquid
1367 2547 1419 2566 non
1437 2538 1630 2575 reclamasset?
1648 2538 1724 2575 Unde
1744 2538 1847 2575 lit_igttur

1079 2572 1107 2600 ut
1122 2580 1232 2601 sanctus
1252 2572 1347 2601 ductor
1362 2575 1407 2609 qui
1426 2582 1459 2601 ne
1480 2574 1622 2600 minimum
1637 2574 1746 2608 quidem
1767 2572 1845 2609 Ruﬁno

1078 2610 1252 2641 condonavit,
1265 2610 1335 2636 hanc
1346 2602 1468 2636 fraudein
1480 2614 1569 2635 tamen
1581 2602 1676 2635 nullibi
1691 2602 1845 2635 criminetur?

1078 2644 1163 2671 Nolim
1179 2652 1244 2679 ergo
1260 2645 1384 2671 ltulinnin
1405 2644 1484 2677 hujus
1509 2644 1610 2679 dolosa
1635 2644 1704 2670 artis
1725 2646 1842 2679 accusari}.

1077 2687 1158 2714 quam
1172 2674 1225 2707 nec
1244 2681 1300 2714 ipse
1316 2682 1419 2713 uspiam
1437 2674 1526 2713 arguit
1548 2678 1742 2713 Hieronymus,
1760 2683 1801 2714 nec
1814 2674 1843 2714 ul-

1077 2710 1120 2741 lus
1133 2715 1202 2741 alius
1219 2710 1316 2749 praeter
1339 2710 1498 2741 liuetiunf:
1516 2721 1548 2740 ac
1574 2710 1686 2749 proinde
1706 2712 1785 2749 magis
1807 2710 1841 2748 ξιύι

1077 2751 1167 2776 haereo
1185 2747 1287 2776 Erasini
1304 2750 1455 2781 sentcntiae,
1468 2749 1515 2783 qui
1532 2747 1667 2783 manguuii
1682 2747 1798 2783 librarios
1811 2751 1840 2783 Iti-

1076 2786 1216 2816 simulans,
1236 2787 1268 2811 ad
1285 2791 1421 2819 eruptores
1432 2781 1590 2811 alliciendos
1599 2781 1765 2819 pra-textqu
1779 2781 1806 2806 ab
1817 2781 1840 2804 iIs

1077 2819 1233 2854 Hieronymi
1253 2828 1349 2847 nomen
1366 2820 1525 2846 arbitratur.

1112 2851 1291 2890 (sm-Brevem
1303 2855 1365 2882 libri
1380 2855 1450 2882 tertii
1464 2854 1490 2882 in
1504 2853 1651 2889 Epistolam
1669 2853 1702 2881 ad
1716 2851 1838 2880 Colosseu-
