1908 3071
251 137 317 173 i235

887 140 917 169 Ρ.
938 141 1097 169 DANIELIS
1115 137 1237 170 HUETII'

1786 143 1840 170 1256

248 206 304 231 tres
319 202 413 230 Graeca
430 203 652 237 interpretatione
673 201 838 230 Samaritani
857 201 1027 237 exemplaris.

1085 202 1175 237 μόνον,
1187 201 1254 228 ἀλλὰ
1269 202 1316 228 καὶ
1329 202 1421 237 ἕκτην,
1433 201 1480 228 καὶ
1495 201 1610 236 ἑϐδόμην
1628 200 1754 237 παραθεὶς
1773 203 1840 238 ἑρμη-

247 249 352 277 Haneat
370 250 453 284 igitur
469 249 527 276 loco
540 249 602 277 huic
629 249 738 276 Eusebii
751 248 858 284 vulgata
877 255 925 276 sua
944 253 972 276 et
990 256 1031 276 re-

245 299 322 328 cepta
338 294 482 321 sententia.
496 294 578 321 Addit
593 293 689 321 deinde
699 292 855 329 Origenem,
865 298 963 328 praeter
973 292 1031 320 edi-

246 341 345 367 tionem
361 339 539 375 Interpretum
555 339 743 375 Septuaginta,
766 340 885 374 Aquilae,
906 338 1032 374 Symma.

246 383 289 411 chi
311 388 339 411 et
368 383 570 417 Theodotionis,
592 385 658 412 duas
679 388 810 419 praeterea
837 384 983 418 protulisse
1005 383 1031 409 in

243 428 333 456 lucem
356 434 469 456 atteram
494 429 631 465 Nicopoli,
647 429 760 457 alteram
779 429 805 456 in
833 429 886 456 alio
915 428 1031 462 quodam

243 473 306 501 loco
320 479 465 509 repertam.
483 473 550 501 Tum
566 475 605 502 ait
621 484 629 502 ι
644 475 693 501 Ἐν
702 483 734 508 γε
749 473 798 509 μὲν
821 475 877 504 τοῖς
891 472 1032 506 Ἐξαπλοῖς

244 518 300 546 τῶν
311 519 433 555 Ψαλμῶν
446 520 515 555 μετὰ
529 520 578 552 τὰς
594 520 745 555 ἐπισήμους
754 519 889 555 τέσσαρας
902 518 1031 549 ἐκδόσεις,

244 565 274 591 οὺ
290 565 369 600 μόνον
385 564 524 601 πέμπτην,
541 565 609 592 ἀλλὰ
621 566 667 591 καὶ
683 565 775 600 ἕκτην,
788 565 835 591 καὶ
851 564 968 599 ἑϐδόμην
979 572 1031 590 πα-

245 610 338 646 ραθεὶς
348 611 503 647 ἑρμηνείαν,
519 611 565 638 ἐπὶ
579 612 643 646 μιᾶς
654 609 731 643 αὖθις
746 610 938 646 σεσημείωται,
953 609 991 641 ὡς
1004 609 1033 635 ὲν

249 654 356 691 Ἱεριχοῖ
366 656 431 691 εὑρη
436 655 519 692 μένης
532 657 560 682 ὲν
568 656 639 691 πίθῳ
650 655 721 682 κατὰ
732 656 795 687 τοὺς
804 656 916 691 χρόνους
935 655 1033 681 ’Δντω-

245 701 318 727 νίνου
331 700 377 728 τοῦ
394 701 452 727 υῑοῦ
474 701 602 737 Σεϐήρου.
624 701 686 729 Ilaec
699 702 779 729 verba
796 709 890 734 parum
903 702 1033 728 hactenus

244 746 377 773 intellecta
390 746 634 781 explanare-opera:
641 747 754 781 pretium
765 752 817 774 est.
828 740 899 782 «'(9l)
908 747 934 773 In
947 746 1032 773 Hexa-

242 791 293 826 plia
308 793 413 826 quidem
435 792 612 825 Psalmm'um,
631 798 690 826 post
712 792 831 827 insignes
851 798 966 827 quatuor
978 792 1032 819 edi-

242 837 343 870 tiones,
368 845 420 865 non
446 838 567 872 quintam
589 838 686 871 solum,
705 839 751 866 sed
764 843 792 866 et
814 844 968 870 sextam,et
985 846 1028 865 se-

243 884 355 916 ptimam
382 883 532 918 adjungens
563 884 835 918 interpretationem,
855 886 880 911 in
909 884 1029 919 singulas

242 934 337 955 rursus
350 927 489 956 columnas
500 929 658 964 descripsit;
682 934 772 965 utpote
784 937 844 964 que
857 929 1030 957 Hierichunte

241 976 350 1006 reperta
374 973 410 1000 sit
424 974 449 1000 in
467 973 538 1000 dolio
555 974 722 1008 temporibus
741 975 881 1006 Antonini,
899 975 957 1008 ejus
984 975 1029 1010 qui

241 1017 293 1045 fuit
304 1018 490 1045 Severitllius.
510 1028 519 1044 ι
539 1019 600 1045 Ἐπὶ
614 1020 678 1054 μιᾶς
692 1020 791 1047 locutio
804 1025 846 1048 est
862 1021 962 1053 Attica,
977 1021 1043 1056 qua’

241 1071 287 1092 res
302 1065 488 1099 signiﬁcantur
503 1065 528 1092 in
543 1073 624 1093 unum
640 1073 746 1094 versum
759 1066 898 1095 collocatae
911 1075 924 1093 a
940 1067 1030 1094 fronte

242 1109 277 1136 ad
299 1114 413 1145 tergum.
425 1110 532 1145 Optime
547 1112 625 1139 docet
639 1111 753 1139 Budazus
765 1112 829 1148 quid
844 1112 970 1147 δίηινῆες
983 1112 1029 1138 ἐπὶ

242 1156 308 1191 μιᾶς
316 1157 489 1192 τεταγμέναι,
498 1165 593 1192 nempe
609 1166 690 1185 naves
703 1159 739 1185 ita
753 1159 901 1190 instructae,
914 1159 1028 1185 utunica

240 1201 268 1228 in
283 1201 373 1229 fronte
386 1203 432 1235 sit,
443 1203 552 1238 reliqua:
568 1211 636 1238 pone
646 1209 793 1239 sequantur
806 1205 833 1232 in
844 1212 952 1233 versum
969 1212 1028 1239 por-

240 1251 331 1275 recta'.
341 1246 377 1274 Ita
392 1247 433 1282 ἐφ’
440 1248 498 1279 ἐνὸς
507 1249 666 1284 τεταγμένοι
678 1249 852 1285 στρατιῶται,
862 1250 960 1277 milites
967 1254 1029 1277 sunt

240 1293 269 1319 in
287 1300 370 1320 unum
386 1301 492 1320 versum
506 1302 520 1321 a
536 1295 625 1322 fronte
640 1296 672 1322 ad
690 1300 794 1330 tergum
809 1296 944 1324 instructi.
955 1296 1029 1324 Hanc

241 1339 406 1367 locutionem
418 1340 555 1375 eleganter
567 1342 619 1369 huc
634 1342 771 1369 transtulit
788 1342 921 1370 Eusebius
938 1351 945 1368 :
961 1350 1028 1376 quo-

240 1384 314 1410 niam
328 1385 399 1412 enim
411 1393 459 1420 per
479 1386 572 1422 longas
589 1391 617 1414 et
635 1392 764 1423 angustas
785 1387 940 1415 columellas
955 1389 1028 1422 dige-

241 1434 290 1457 stae
300 1436 377 1458 erant
391 1431 524 1459 editiones
544 1432 570 1459 in
591 1432 731 1467 Hexaplia,
748 1439 890 1468 propterea
905 1434 950 1460 ἐπὶ
963 1434 1027 1469 μιᾶς

243 1476 466 1510 σεσημειωμένας
485 1484 545 1504 esse
555 1477 632 1504 dixit.
647 1477 699 1504 Sua
714 1485 820 1513 quoque
838 1479 878 1505 vis
898 1479 968 1506 inest
982 1487 1026 1506 vo-

241 1521 337 1549 cabulo
352 1522 542 1558 σεσημείωται.
553 1523 734 1558 Σημειοῦσθαι
745 1529 843 1559 praeter
853 1524 1027 1559 significatio-

242 1575 301 1599 nes,
313 1573 391 1595 sonat
405 1568 496 1601 etiam,
508 1570 633 1603 scriptum
644 1570 750 1604 aliquod
764 1570 799 1596 ad
816 1569 890 1597 aliud
901 1571 1025 1605 adjicere,

242 1612 383 1644 ascribere,
399 1617 428 1639 ut
449 1614 574 1648 superius
600 1615 773 1642 observatum
793 1619 842 1642 est.
869 1615 964 1650 Igitur,
979 1616 1026 1642 ἐπὶ

243 1658 310 1692 μιᾶς
322 1658 514 1693 σεσημείωται,
528 1659 579 1687 hoc
593 1664 634 1687 est
648 1660 676 1686 in
692 1659 809 1695 singula:
828 1661 962 1688 columnas
979 1662 1026 1688 tie--

241 1702 355 1730 scribens
372 1703 406 1729 ad
418 1703 532 1738 priorem
545 1704 663 1731 attnuit.
694 1704 836 1740 Perperam
853 1705 910 1733 haec
923 1706 1026 1741 accepit

244 1747 411 1784 Nicepltorus
433 1749 478 1777 lib.
496 1758 522 1783 ν,
536 1758 596 1785 cap.
613 1751 656 1783 li,
671 1751 709 1778 ait
730 1751 801 1779 enim
821 1760 827 1777 :
845 1752 883 1778 Οὐ
899 1752 1026 1788 πέμπτην

240 1863 380 1899 εαριοηιῃι
391 1863 520 1899 posuisse.
530 1863 601 1890 Idem
617 1871 698 1899 porro
717 1864 858 1892 dicendum
873 1865 979 1892 videtur
995 1865 1028 1891 de

243 1898 324 1932 Syro,
331 1897 408 1931 cujus
417 1897 651 1932 interpretationes
660 1899 757 1933 passim
768 1899 939 1933 reperiuntur
949 1899 975 1926 in
982 1899 1030 1926 Ge-

242 1933 337 1960 nesiet
354 1932 456 1964 Exodo.
468 1933 494 1960 in
506 1933 619 1961 Psalmis
629 1932 704 1966 item,
721 1934 748 1960 in
761 1932 886 1965 Ieremia,
899 1934 924 1966 in
941 1934 1026 1961 'Ihre-

242 1967 304 2000 nis;
320 1968 394 2004 apud?
406 1968 571 2004 Ezechielem
589 1969 669 1996 etiam
681 1968 815 2004 Danielem
828 1973 854 2004 et
870 1969 948 1997 Osee.
965 1969 1027 2004 Syri

262 2009 325 2029 orro
336 2003 463 2030 lectiones
487 2002 636 2030 aﬂ'eruntur
650 2003 684 2030 ab
697 2003 811 2031 Eusebio
825 2002 995 2036 Cesariensi,
1011 2012 1027 2031 a

268 2037 360 2064 iodoro
370 2037 496 2064 Tarsensi
509 2038 690 2071 frequentius;
706 2038 740 2065 ab
752 2038 866 2065 Eusebio
883 2038 1009 2067 Emiseno
1018 2059 1026 2071 ,

243 2071 418 2107 Hieronymo.
437 2072 620 2104 Theodoreto,
636 2078 664 2099 et
685 2073 755 2100 aliis.
770 2074 910 2107 .Quodque
932 2080 1027 2101 notan-

243 2107 307 2143 dum
323 2112 365 2134 est
380 2107 472 2139 iidem,
490 2107 662 2143 maximeque
686 2108 835 2138 Diodorus.
851 2108 947 2143 Syrum
965 2117 1025 2136 cum

244 2140 624 2179 ﬂgrmoisatpeconitiuguut‘
635 2143 686 2179 ltoc
705 2148 785 2179 pacto
803 2152 810 2170 :
831 2143 859 2169 '0
871 2140 961 2179 Σύρος
979 2144 1026 2170 καὶ

242 2177 258 2202 ὀ
273 2176 406 2213 Ἐϐραῖος,
414 2177 456 2213 vel
472 2177 616 2213 ὸἘῦραῖος
629 2176 795 2213 καὶόΣύρος.
805 2176 1027 2212 quando—scilicet

243 2212 384 2253 amborum
403 2211 649 2253 _ittterpreta_tion_es
673 2211 851 2253 conveniunt.
870 2214 946 2253 quod
956 2221 1026 2248 saepe
1043 2226 1064 2253 υ

243 2246 385 2282 contingit.
401 2246 447 2282 lla!
461 2255 543 2281 porro
560 2248 696 2279 lectiones,
708 2248 819 2281 perinde
835 2246 916 2282 atque
931 2246 1026 2275 Sarna-

244 2280 388 2312 ritaniﬁtb
404 2280 520 2316 Origene
542 2280 749 2317 diligentissimo
769 2280 923 2310 versioutttn
948 2283 1026 2310 colle-

243 2321 321 2352 ctore
343 2321 489 2352 potuerunt
508 2318 589 2344 etiam
609 2318 636 2344 itt
657 2317 836 2351 Heuplorum
856 2318 1025 2352 marginibus

244 2350 391 2388 collocari:
404 2359 556 2388 quanquam
569 2353 594 2388 id
606 2352 716 2388 minime
726 2357 839 2380 constet.
851 2350 1025 2388 llttfc‘quippe

244 2385 331 2421 solum
357 2385 500 2413 divinando
525 2387 756 2414 dicitnuszdonec
778 2388 850 2414 enim
871 2385 959 2421 aliqua
975 2385 1025 2415 ’νει

244 2420 348 2447 tantilla
363 2428 425 2456 pars
442 2421 635 2455 llexaplorum,
650 2426 679 2448 ut
695 2421 773 2449 initio
788 2423 888 2456 scripta
906 2420 1024 2456 luerunt,

243 2462 261 2483 θ
277 2456 396 2492 tenebris
408 2458 559 2488 emerserit,
574 2457 678 2492 plenam
699 2456 902 2492 perfectamque
917 2457 1024 2484 illorum

243 2491 368 2518 notitiam
383 2491 515 2524 expiscari
534 2499 586 2518 non
599 2491 755 2518 valebimus.
775 2501 784 2517 ι

280 2526 337 2561 (9i)
357 2525 390 2552 In
408 2526 535 2558 Hexaplis
548 2526 651 2560 quidem
666 2525 860 2561 rPsalmorum,
881 2531 937 2561 post
961 2527 1026 2554 insi-

244 2569 306 2595 gnes
317 2566 430 2596 quatuor
441 2561 578 2594 editiones,
587 2566 638 2588 etc.
649 2560 716 2588 Male
728 2561 800 2588 hunc
813 2561 919 2589 Eusebii
937 2562 1024 2589 locum

243 2595 328 2623 vertit
343 2596 467 2627 Huetius,
487 2597 531 2630 qui
549 2603 609 2623 sese
624 2595 695 2623 ultro
715 2596 836 2630 itnplicat
850 2597 876 2623 in
893 2597 1025 2631 interpre—

245 2631 347 2666 talione
370 2631 512 2658 locutionis
529 2631 600 2658 illius
615 2631 660 2656 ἐπὶ
676 2631 739 2666 μιᾶς
760 2631 952 2666 σεσημείωται.
969 2632 1024 2658 Me-

245 2665 298 2692 lius
313 2667 352 2694 sic
367 2666 508 2694 vertisset:
520 2676 528 2692 ι
546 2666 574 2693 In
590 2665 719 2700 Hexaptis
734 2665 842 2700 quidem
859 2666 1024 2693 Psalutorutn

244 2701 457 2736 exemplaribus,
469 2707 529 2735 post
542 2701 661 2736 insignes
675 2701 734 2728 illas
748 2706 865 2734 quatuor
880 2703 1023 2734 editiones,

246 2709 457 2736 exemplaribus,
469 2709 529 2735 post
542 2709 661 2763 ItISIﬁttcs
675 2709 734 2728 nias
748 2709 865 2734 quatuor
880 2709 1023 2734 editiones,

246 2742 299 2773 non
314 2736 433 2773 quintam
445 2736 543 2773 solum,
561 2743 591 2763 se
625 2741 652 2764 et
665 2742 768 2773 sextam
781 2741 808 2763 et
822 2737 963 2773 septimam
979 2737 1025 2773 ad-

244 2771 358 2803 juugeus
371 2771 631 2805 interpretationem,
644 2779 737 2799 rurSus
761 2771 786 2798 in
801 2771 933 2805 principio
947 2772 1025 2798 unius

248 2805 350 2831 notavit
367 2811 500 2839 repertam
516 2806 588 2832 illaut
606 2806 692 2838 fuisse,
707 2806 885 2833 Hierichunte
908 2807 933 2832 in
954 2806 1024 2833 dolio

248 2840 412 2874 temporibus
425 2841 550 2867 Antonini
563 2842 608 2874 qui
626 2841 718 2868 Severi
739 2840 808 2868 ﬁlius
825 2841 883 2868 fuit.
908 2850 917 2866 ι

283 2873 338 2906 (92)
352 2872 406 2900 Nec
423 2872 651 2907 difﬁcultate-mret
666 2876 734 2902 anod
751 2875 836 2902 subest
853 2877 922 2903 apud
940 2875 1024 2903 Euse-

1083 248 1157 274 νειαν
1167 247 1386 282 ἐπισημαίνεται.
1400 247 1457 282 (92)
1472 247 1526 274 Nec
1538 246 1692 274 difﬁcultate
1705 252 1775 274 caret
1785 251 1840 282 quod

1082 294 1174 321 subest
1184 294 1253 328 apud
1266 293 1422 326 Eusebium,
1436 292 1580 327 Origenem
1598 293 1631 319 ad
1647 292 1760 327 reliquas
1775 293 1840 321 inter-

1082 335 1252 374 pretationes
1270 339 1404 373 adiecisse
1420 339 1574 374 septimam,
1602 338 1671 373 quod
1691 338 1841 368 Ilierichunte

1082 385 1108 412 in
1123 385 1194 413 dolio
1212 385 1362 421 imperante
1375 385 1514 414 Caracalla
1540 391 1643 421 reperta
1658 387 1701 414 sit.
1719 385 1782 413 Idem
1804 388 1842 414 ha-

1082 431 1126 458 bet
1137 430 1268 458 Zonaras.
1284 432 1394 459 Certum
1407 437 1493 459 estex
1509 432 1647 459 Athanasii
1674 437 1701 459 et
1721 432 1842 467 Epipltanii

1081 477 1245 505 auctoritate
1263 478 1387 513 quintam
1407 478 1552 505 editionem
1577 477 1749 505 Hieriehunte
1762 479 1786 506 in
1805 480 1842 508 do-

1081 523 1117 550 lio
1137 523 1220 551 fuisse
1238 529 1371 558 repertam
1385 524 1533 558 imperante
1541 524 1691 552 Caracalla.
1706 525 1782 551 Addit
1794 525 1843 559 Epi-

1081 569 1197 604 phanius
1211 577 1263 596 una
1280 574 1400 604 repertos
1413 578 1471 597 esse
1485 570 1568 598 libros
1579 571 1656 600 alios.
1669 578 1728 597 cum
1748 570 1843 599 Hebrai-

1081 621 1137 647 cos,
1155 619 1211 642 tttm
1225 616 1305 642 etiam
1322 615 1442 643 Graecos.
1457 615 1532 648 Quod
1544 615 1566 642 si
1581 623 1615 643 ex
1632 616 1674 642 his
1690 615 1768 642 fuisse
1776 616 1844 650 septi-

1082 668 1151 687 mam
1166 660 1238 687 illam
1258 660 1426 689 Psalmornm
1439 662 1585 689 editionem
1602 662 1734 696 dicamus,
1753 663 1785 689 ita
1795 671 1842 690 cum

1081 705 1140 732 aliis
1151 705 1282 732 Eusebius
1293 705 1494 733 conciliabitur.
1503 705 1654 741 Opinantur
1663 706 1768 741 quidam
1778 708 1843 741 septi-

1082 757 1152 777 mam
1166 750 1238 777 illam
1253 751 1399 779 editionem
1413 751 1535 778 eamdem
1548 759 1608 779 esse
1628 759 1660 779 ac
1689 751 1842 785 Lucianeam,

1081 796 1133 824 hoc
1156 802 1324 832 argumento,
1352 798 1422 832 quod
1447 798 1622 831 Athanasius,
1644 798 1702 825 sive
1719 797 1843 832 Synopuot

1081 847 1185 875 auctor,
1202 842 1311 870 Luciani
1328 843 1486 875 editionem,
1505 844 1620 877 septimo
1638 844 1699 870 loco
1714 850 1843 878 recenseat,

1080 893 1107 915 et
1125 889 1266 922 septimam
1288 889 1404 924 appellet
1423 900 1429 917 :
1448 890 1493 916 sed
1513 889 1624 916 multttm
1641 889 1778 921 falluntur;
1795 898 1842 917 nam

1080 932 1191 960 Luciatti
1206 934 1289 961 editio
1301 934 1356 968 ipsa
1371 933 1421 961 fuit
1433 933 1518 970 κοινὴ,
1537 939 1595 969 post
1615 934 1741 969 Origenis
1757 940 1843 961 aetatem

1080 985 1202 1008 correcta
1216 984 1243 1008 et
1260 981 1400 1008 emendata
1416 988 1431 1007 a
1448 980 1578 1013 Luciano,
1594 985 1623 1008 ut
1637 981 1718 1008 tradit
1733 980 1844 1016 Hierony-

1080 1033 1140 1053 mus
1155 1026 1231 1053 initio
1247 1026 1366 1061 epistola:
1378 1026 1410 1053 ad
1423 1026 1533 1054 Suniam
1543 1030 1570 1054 et
1579 1026 1738 1053 Fretellam.
1751 1026 1799 1060 (95)
1808 1025 1844 1054 Se

1079 1071 1190 1106 ptimatn
1209 1079 1275 1098 vero
1292 1071 1449 1105 editionem,
1463 1079 1522 1106 qua
1540 1071 1667 1106 (Iezaplis
1695 1071 1791 1098 intexta
1802 1075 1842 1101 est,

1079 1116 1253 1144 Hierichunte
1268 1117 1402 1145 inventam
1419 1125 1479 1145 esse
1492 1117 1641 1152 imperante
1651 1116 1789 1145 Caracalia
1803 1116 1843 1144 Eu-

1079 1163 1169 1191 sebius
1180 1169 1318 1191 asseverat
1329 1163 1375 1190 lib.
1389 1171 1414 1190 vr
1430 1163 1513 1195 Ηίει..
1531 1171 1590 1198 cap.
1611 1163 1655 1195 i6,
1674 1163 1744 1198 quod
1758 1163 1787 1190 de
1799 1171 1843 1189 itot-

1078 1210 1110 1244 νῇ
1128 1213 1200 1236 certe
1215 1209 1268 1236 dici
1287 1217 1340 1236 non
1356 1213 1454 1243 potest.
1476 1209 1597 1242 llexapla
1611 1209 1696 1244 igitur
1711 1209 1753 1236 illa
1768 1209 1844 1243 0ripe~

1079 1254 1131 1285 nis,
1144 1253 1199 1280 sive
1214 1253 1335 1288 θεωρία,
1361 1261 1421 1288 qua:
1439 1254 1465 1280 in
1481 1254 1542 1280 aliis
1557 1253 1709 1289 Scriptura:
1725 1254 1796 1281 libris
1809 1261 1845 1280 sex

1078 1300 1180 1328 Graecis
1191 1296 1351 1328 constabant
1361 1299 1533 1332 editiouibus,
1549 1304 1654 1333 septem
1669 1300 1695 1326 in
1712 1299 1776 1326 libro
1787 1299 1844 1326 Psal-

1079 1353 1184 1372 morum
1213 1344 1399 1371 continebant.
1429 1345 1465 1371 Ita
1481 1345 1652 1379 postmodum
1669 1345 1764 1372 scribit
1780 1345 1845 1370 Euse-

1078 1391 1138 1418 bius
1155 1398 1164 1418 :
1180 1390 1286 1422 Ταύτας
1295 1390 1324 1417 δὲ
1336 1390 1442 1422 ἁπάσας
1455 1390 1501 1417 ἐπὶ
1516 1390 1615 1417 ταύτὸν
1629 1390 1795 1425 συναγαγὼν,
1806 1390 1846 1417 διε-

1077 1435 1130 1462 λών
1158 1444 1187 1462 τε
1216 1435 1285 1471 πρὸς
1315 1435 1411 1466 κῶλον,
1438 1436 1485 1462 καὶ
1511 1435 1712 1471 ἀντιπαραθεὶς
1739 1436 1846 1470 ἀλλήλαις

1079 1480 1147 1516 μετὰ
1169 1481 1216 1507 καὶ
1237 1481 1322 1516 αὐτῆς
1340 1482 1389 1516 τῆς
1410 1480 1541 1516 Ἐϐραίων
1556 1480 1744 1516 σημειώσεως,
1762 1481 1791 1507 τὰ
1804 1481 1846 1506 τῶν

1077 1527 1229 1562 λεγομένων
1261 1526 1400 1560 Ἐξαπλῶν
1432 1527 1497 1562 ἡμῖν
1527 1527 1684 1563 ἀντίγραφα
1707 1527 1847 1563 παραλέλοι-

1078 1580 1138 1599 πεν.
1153 1572 1256 1600 Sensus
1272 1577 1314 1600 est
1329 1579 1335 1596 ἲ
1357 1581 1366 1598 1
1384 1571 1438 1599 llas
1459 1580 1554 1600 omnes
1569 1580 1630 1600 CIIII]
1652 1573 1681 1599 in
1701 1580 1779 1600 unum
1795 1579 1847 1599 COII-

1076 1617 1221 1652 iunxisset,
1235 1621 1262 1644 et
1279 1624 1327 1652 per
1340 1616 1399 1644 cola
1417 1617 1595 1650 distinxisset,
1608 1621 1636 1644 ct
1650 1617 1766 1644 invicem
1781 1624 1848 1651 oppo-

1079 1663 1189 1694 suisset,
1211 1669 1263 1688 una
1293 1669 1354 1689 cum
1380 1661 1504 1688 IIebraici
1535 1666 1684 1688 contextus
1707 1661 1847 1694 adiectione,

1081 1707 1260 1741 llezaplorum
1269 1707 1347 1735 nobis
1355 1707 1518 1742 exemplaria
1531 1707 1649 1742 reliquit.
1664 1717 1674 1733 ι
1690 1707 1805 1733 Diximus
1813 1713 1849 1741 ση-

1081 1752 1222 1788 μειοῦσθαι
1237 1753 1263 1780 id
1277 1759 1348 1785 esse,
1365 1762 1373 1777 ι
1391 1751 1526 1787 Scriptum
1538 1752 1645 1787 aliquod
1660 1753 1694 1780 ad
1710 1752 1778 1779 aliud
1792 1751 1847 1786 adji-

1083 1865 1163 1898 bium,
1178 1870 1230 1899 etc.
1248 1863 1368 1892 Zonaras
1393 1864 1499 1899 quidem
1517 1863 1544 1891 in
1560 1863 1628 1890 Hist.
1647 1864 1741 1899 imper.
1763 1861 1848 1899 Severi-

1081 1905 1108 1927 et
1119 1897 1285 1933 Nicephorus
1301 1899 1346 1926 lib.
1366 1907 1392 1929 ν,
1401 1897 1465 1933 cap.
1481 1898 1525 1930 il,
1551 1898 1626 1925 aiunt
1642 1898 1786 1932 septimam
1804 1897 1848 1924 edi-

1082 1935 1181 1962 tionem
1198 1934 1474 1971 Hierichitnteriuissei
1485 1934 1619 1971 inventam
1629 1941 1648 1971 ;_
1670 1933 1720 1971 sed
1733 1933 1758 1959 id
1769 1937 1847 1971 aperte

1081 1978 1133 1997 non
1157 1969 1279 1996 enuntiat
1300 1969 1440 1996 Eusebius.
1457 1968 1589 2002 Quidquid
1604 1968 1679 1995 enim
1699 1967 1805 1994 lluetius
1818 1967 1848 1992 tli-

1080 2003 1208 2041 oat,fE1tl.
1224 2004 1288 2041 μιᾷς
1304 2001 1389 2041 αὖθις.
1399 2001 1589 2041 σεοημείωὲᾳι-
1604 2003 1648 2041 ὡς.
1658 2004 1690 2041 ἶῖιν
1703 2001 1847 2041 Ἱεριχοίεῆ

1081 2040 1185 2075 ρημένη
1201 2037 1229 2065 ὲν
1240 2039 1406 2075 «tegeaee
1424 2037 1487 2075 τοὺς
1512 2038 1623 2074 χρόνους
1641 2037 1796 2075 Ἀντωνίνου
1811 2037 1847 2075 τοῦ

1079 2071 1138 2112 δὶᾅῦ
1148 2071 1278 2112 Σεβήρου,
1291 2071 1357 2101 nihil
1374 2073 1444 2112 aliud
1454 2071 1693 2112 sigtt'it'icat._quan_t
1703 2082 1714 2112 ε
1725 2071 1846 2112 Rursusin

1079 2106 1307 2146 principio-unius
1320 2109 1422 2135 notavit
1437 2106 1571 2146 inventam
1583 2106 1661 2146 illam_
1676 2108 1761 2146 fuisse
1771 2106 1847 2146 lHiehri-

1078 2141 1177 2172 cltunte
1194 2145 1219 2171 in
1233 2144 1316 2176 dolio,
1332 2148 1449 2175 tempore
1463 2143 1601 2175 Antonini,
1615 2143 1663 2177 qui
1685 2142 1776 2170 Severi
1789 2141 1845 2168 (ilius

1079 2180 1138 2216 luit,
1156 2189 1167 2216 ι
1180 2184 1208 2205 ut
1223 2184 1294 2206 recte
1308 2177 1445 2206 transtulit
1460 2178 1602 2216 Valesius:
1618 2185 1651 2205 ac
1666 2177 1847 2216 _proinde__tam

1078 2215 1110 2241 ad
1124 2215 1244 2249 quintani
1261 2218 1307 2249 aut
1321 2219 1436 2249 sentaml
1456 2221 1535 2249 quam
1551 2213 1584 2239 ad
1602 2211 1755 2249 septimam
1767 2211 1847 2249 editio-

1079 2246 1139 2276 nem
1158 2249 1187 2285 id
1203 2248 1299 2285 referri
1309 2253 1404 2283 potest.
1421 2246 1475 2274 Sed
1488 2255 1547 2285 cum
1565 2252 1675 2285 constet
1691 2254 1730 2285 ἐς
1744 2246 1847 2285 Athaiia-

1078 2285 1112 2311 sii
1127 2289 1155 2311 et
1167 2280 1315 2316 Epipltanii'
1326 2284 1487 2310 auctoritate
1498 2282 1620 2316 quintat'n
1629 2282 1779 2309 editionem
1796 2280 1846 2306 Ilie-

1079 2318 1300 2355 ricltunteiluisse
1310 2318 1445 2355 inventam
1459 2318 1609 2355 imperante
1621 2316 1774 2355 Gardt-alla,
1790 2316 1846 2355 quod

1080 2354 1123 2380 hic
1142 2355 1178 2380 ait
1193 2353 1333 2384 Eusebius,
1352 2353 1436 2388 magis
1450 2353 1483 2388 de
1497 2352 1589 2388 quinta
1601 2359 1685 2386 quam
1702 2352 1736 2378 de
1749 2352 1845 2388 septima

1078 2389 1194 2416 editione
1209 2385 1409 2422 intelligendum
1422 2385 1538 2414 videtur.
1555 2385 1660 2421 Negare
1675 2391 1764 2413 tamen
1778 2385 1844 2411 nolim

1078 2424 1219 2458 septimam
1232 2421 1306 2450 hanc
1316 2421 1492 2458 Hiericlnmte
1517 2422 1647 2458 potuisse
1660 2422 1754 2458 itidem
1785 2425 1847 2452 repe-

1078 2456 1137 2485 riri.
1155 2458 1228 2491 Esto,
1254 2458 1429 2484 concilientur
1441 2457 1559 2483 Zonaras
1575 2462 1602 2483 et
1617 2456 1786 2490 Nicephorus
1796 2461 1844 2480 cum

1078 2493 1227 2527 Epiphanio
1241 2493 1286 2527 qui
1298 2493 1336 2519 ait
1352 2499 1481 2527 unarcum
1495 2492 1588 2526 quinta
1606 2491 1728 2527 editione
1744 2493 1846 2527 repertos

1078 2525 1216 2564 essealios
1228 2525 1322 2559 libros,
1337 2525 1564 2564 cum_|Iebraicos,
1579 2530 1633 2552 tum
1648 2525 1843 2564 etiani

1078 2562 1143 2590 Illud
1166 2567 1269 2589 tantum
1286 2562 1431 2598 contendo,
1453 2569 1510 2598 Anon
1533 2568 1701 2598 asseverare
1719 2559 1843 2598 Eusebium

1078 2597 1218 2632 septimam
1233 2595 1562 2632 editionetnilierichunte
1578 2595 1718 2622 inventain
1732 2601 1790 2621 esse
1804 2595 1844 2619 int-

1077 2631 1188 2666 perante
1202 2631 1349 2659 Caracalla.

1113 2666 1170 2702 (9'5)
1186 2666 1329 2707 Septimum
1342 2665 1563 2707 vero_cdilionent,
1575 2670 1628 2693 etc.
1644 2662 1844 2707 Jam.supraud_e-

1078 2701 1287 2738 manstrayimns
1310 2701 1453 2738 Eusebium
1473 2701 1582 2738 minime
1599 2706 1756 2727 asseverare
1776 2702 1843 2738 seplt-

1078 2744 1149 2764 tnam
1164 2736 1306 2763 editionem
1329 2735 1501 2762 Hicrichunte
1522 2735 1605 2762 fuisse
1621 2739 1758 2769 repertam
1775 2735 1843 2769 intpo:

1079 2777 1154 2808 rarite
1167 2771 1314 2802 Caracalla,
1323 2771 1369 2798 sed
1379 2771 1448 2797 hunc
1457 2771 1515 2805 ejus
1527 2769 1645 2808 historia:
1653 2764 1841 2808 'locumtamad

1078 2807 1199 2840 quintam
1216 2810 1262 2832 aut
1282 2810 1398 2838 sextam,
1411 2814 1491 2842 quam
1504 2806 1537 2842 ad
1556 2805 1840 2842 septimamcditiouem

1079 2839 1172 2867 referri
1186 2848 1272 2873 posse,
1288 2849 1317 2867 ac
1331 2841 1441 2876 proinde
1454 2840 1538 2876 magis
1553 2840 1586 2868 de
1600 2840 1694 2875 quinta
1707 2839 1842 2872 ittlclligcn—

1079 2876 1140 2904 dum
1157 2875 1250 2902 videri.
