1908 3071
60 162 75 190 1
80 163 136 192 257

490 165 771 194 ORIGENIANORUM
793 165 855 193 ΜΒ.
876 165 920 199 111·,
939 165 1015 193 CM).-
1034 165 1066 200 ΙΙ,
1086 166 1181 194 SECT.
1201 166 1246 193 ιν.

1622 166 1689 194 1238

56 231 146 256 cere;
165 223 225 251 inde
237 224 394 259 σημείωσις,
413 225 503 259 scripti
520 225 633 261 alicujus
643 227 675 253 ad
691 226 762 253 aliud
779 226 847 260 adje-
865 231 886 257 Α
903 228 1124 261 terpretationum
1139 233 1204 259 sex;
1217 225 1295 253 nulla
1305 225 1395 253 habita
1408 229 1551 254 contextus
1564 223 1688 253 llebraici

56 270 130 297 ctio.
142 280 152 296 ι
161 270 390 307 ΙιιιῳιοἙϐραίων
401 273 561 308 σημείωσις,
574 278 613 300 est
625 272 748 300 Hebraici
760 281 851 300 exem-

55 315 149 350 plaris
174 317 207 343 ad
226 316 341 351 reliquas
368 317 604 352 interpretationes
624 318 765 352 appositio.
790 317 852 345 llaec

54 366 164 395 praeter
179 361 324 396 legitimam
335 364 494 390 sententiam
514 372 527 390 a
541 364 675 391 nonnullis
690 364 742 391 alio
759 364 850 391 detor-

54 408 88 430 ιιι
104 409 177 432 stitit.
193 405 331 441 (Ml'Post
347 407 477 442 Hexapla,
496 416 527 435 ex
546 414 661 443 qualum
687 409 850 436 editionibus

53 448 177 483 Aquilte.
207 450 372 486 Symmachi,
404 453 581 489 Septuaginta
616 454 806 489 lnterpretum,
824 459 852 482 et

52 494 255 523 Theodotionis
268 497 347 524 simul
359 498 514 532 conjunctis
525 504 553 526 et
564 499 705 534 oppositis,
725 498 850 534 Tetrapla

52 539 387 575 conﬂavitAdatnanlitts,
402 545 526 571 ut~tradit
543 545 684 578 Eusebius,
700 549 727 572 et
739 550 798 579 post
814 545 847 572 il-

53 584 118 612 lum
136 585 265 613 Zonaras.
292 587 346 615 Nec
365 589 436 615 enim
453 589 525 616 aliud
547 594 644 616 sonant
667 591 723 617 haec
744 590 849 618 Eusebii

53 630 155 663 verba,
171 631 242 663 ἰδίως
258 633 307 668 τὴν
327 633 452 664 Ἀκύλουτ
463 634 510 660 καὶ
526 635 683 670 Συμμάχου,
698 635 743 661 καὶ
758 634 851 661 Θεοδο-

52 676 157 708 τέωνος
168 677 272 704 ἔκδοσιν
288 679 346 713 ἅμα
360 681 393 715 τῇ
401 679 456 706 τῶν
472 680 672 716 Ἐϐδομήκοντα
691 682 782 712 ἐντοῖς
801 683 849 708 Τε-

56 723 210 757 {pumiqu
222 724 484 758 ὲπικατασκευάσας,
505 735 585 762 quam
601 735 661 754 eum
683 732 743 761 post
757 726 849 754 Hexa-

53 768 117 802 μία,
133 776 167 795 ex
187 768 229 796 bis
252 775 368 804 quatuor
389 771 551 800 editionihns
580 773 848 808 Tetraplarseorsum

53 815 248 849 compegisse;
270 823 322 842 non
338 823 402 845 vcro
431 817 457 844 in
474 817 602 852 Tetraplis
629 826 748 846 seorsum
776 818 849 854 dige-

58 866 131 893 stas,
151 866 182 888 et
190 863 334 897 separatim
349 865 480 892 discretas
495 865 576 893 fuisse
590 866 709 900 singulas
719 867 848 902 interpre-

903 273 1015 302 ratione,
1031 273 1075 307 qui
1090 273 1158 299 inter
1178 271 1413 306 interpretationes
1429 271 1564 298 ntttucrari
1579 278 1630 298 non
1643 271 1690 297 de-

901 317 969 344 buit.
986 317 1052 344 Huic
1068 317 1187 352 opinioni
1209 316 1300 343 favere
1317 316 1423 343 videtur
1444 316 1610 350 Epiphanius
1627 316 1689 344 loco

888 360 961 389 'mox
974 363 1066 394 allato,
1081 371 1140 389 cum
1152 362 1189 389 ait
1208 371 1214 389 :
1229 362 1308 389 Ὥστε
1320 360 1389 389 εἶναι
1400 362 1449 397 τὴν
1461 363 1554 389 ﬂio-av
1566 361 1688 388 Παλαιὰν

900 408 1036 444 Διαθήκην
1046 409 1079 435 δι’
1096 408 1253 440 Ἐξαπνῑῶν
1269 408 1451 443 καλουμένων,
1463 408 1509 435 καὶ
1521 407 1565 434 διὰ
1576 408 1630 434 τῶν
1641 407 1688 434 δύο

906 454 1056 490 Ἑϐραϊκῶν
1073 455 1213 490 ῥημάτων.
1234 464 1243 480 ί
1265 455 1336 482 Adeo
1351 460 1380 481 ut
1397 454 1477 482 Vetus
1494 463 1574 482 omne
1591 454 1686 483 Testa-

903 504 1022 527 mentum
1036 501 1068 527 iis
1084 500 1223 535 Hezuplis,
1245 504 1270 527 et
1287 500 1393 534 gemino
1408 500 1539 527 llebraico
1558 505 1684 528 contextu

901 545 981 573 fuerit
997 546 1220 580 comprehensum
1240 554 1248 574 :
1266 554 1275 571 ι
1293 545 1336 572 ubi
1351 550 1444 579 aperte
1461 545 1580 580 Hexapla
1593 545 1685 573 Gneca

899 600 914 618 ει
928 591 1011 626 Diplis
1024 591 1161 618 Hebraicis
1178 591 1326 626 distinguit.
1336 591 1454 624 Hexapla
1463 598 1538 625 ergo,
1552 592 1685 626 inquiunt,

900 645 913 663 τι
926 644 972 664 sex
990 637 1259 670 interpretationibus
1271 637 1379 664 fuerunt
1391 637 1572 669 denominata,
1589 645 1684 672 quem-

899 683 1041 710 admodum
1052 682 1174 716 Tetrapla
1185 691 1199 710 a
1215 688 1339 716 quatuor,
1354 690 1385 709 ac
1401 684 1461 710 ideo
1476 683 1529 710 falli
1539 683 1584 718 qui
1596 683 1686 710 Hexa-

897 728 948 762 plil
960 729 1078 763 vulgatas
1089 733 1204 763 quatuor
1214 729 1348 756 editiones
1360 728 1480 762 Graecas,
1489 734 1515 756 et
1523 729 1684 764 exemplaria

898 773 951 800 duo
972 772 1102 800 Hebraica
1120 773 1267 808 assignant.
1286 772 1314 800 ld
1328 773 1350 800 si
1370 774 1414 804 sit.
1436 774 1523 808 palam
1541 774 1590 801 sibi
1607 781 1687 808 repu-

898 819 1020 853 gnaverit
1032 818 1198 853 Epiphanius
1209 818 1277 846 libro
1289 818 1326 845 De
1341 820 1448 852 ponder.
1465 824 1610 846 etmensur.
1624 827 1685 853 cap.

898 864 941 893 t9.
951 865 996 899 qui
1012 865 1046 891 ita
1063 865 1186 892 disserit:
1197 865 1340 900 Τετραπλᾶ
1351 865 1404 901 γάρ
1417 866 1468 892 εισι
1479 865 1513 892 τὰ
1531 865 1684 900 Ἑλληνικὰ.

52 907 187 941 taliones,
212 909 247 936 ita
267 916 296 936 ut
317 918 380 938 suas
391 912 506 945 singula:
525 913 637 947 paginas
657 917 820 947 occuparent
837 922 844 940 :

900 911 962 938 ὅταν
978 912 1005 937 αἶ
1019 910 1064 937 τοῦ
1083 911 1191 943 Ἀκύλα,
1208 912 1253 938 καὶ
1267 912 1424 947 Συμμάχου,
1434 912 1480 938 καὶ
1490 912 1543 939 τῶν
1560 912 1685 948 Ἑϐδομὴὲ

54 954 85 980 iu
104 954 202 981 iisdem
217 956 289 982 enim
303 956 410 983 luerunt
425 958 528 992 paginis
548 959 690 993 descriptae
705 966 798 986 omnes
817 967 848 987 ac

51 999 181 1026 invicem.
191 1001 330 1035 oppositae,
347 1002 413 1034 sive,
439 1007 467 1029 ιιι
493 1003 530 1030 ait
555 1004 730 1039 Epiphanius.
751 1015 846 1034 συντε-

49 1045 204 1080 ταγμέναι.
220 1046 265 1080 qui
278 1050 305 1073 et
317 1047 401 1079 addit,
415 1048 437 1075 si
450 1047 690 1084 Tetraplia-Grmcis
701 1051 779 1086 Dipla
792 1052 845 1080 He-

36 1090 128 1123 ,bnca
159 1090 272 1118 fuissent
301 1092 438 1126 adjuncta,
465 1095 596 1129 prodiisse
615 1095 755 1131 Hexapla;
775 1099 846 1132 quod

52 1137 116 1164 ﬁeri
149 1143 224 1165 certe
257 1146 311 1165 ncn
345 1140 487 1174 potuisset,
517 1142 568 1169 nisi
602 1149 617 1169 e
646 1143 753 1176 regione
779 1144 847 1171 invi--

51 1191 115 1211 cem
128 1185 258 1219 oppositae
277 1191 367 1213 essent
385 1186 410 1214 in
429 1187 522 1215 iisdem
540 1188 644 1222 paginis
666 1188 846 1223 Tetraplorum

51 1229 222 1258 Graecanica:
247 1232 389 1265 editiones,
414 1234 638 1267 quemadmodum
663 1240 690 1262 et
713 1235 739 1262 in
754 1235 846 1262 Hexa-

49 1277 118 1311 piis.

87 1323 124 1357 Ν.
141 1323 409 1354 Animadversionem
425 1330 544 1353 nostram
557 1326 679 1360 requirit,
695 1327 765 1361 quod
775 1320 845 1354 idém

51 1369 95 1395 ait
107 1368 248 1401 Eusebius,
268 1370 386 1398 collectis
402 1371 428 1398 in
444 1378 524 1398 unutn
537 1378 583 1398 sex
595 1371 757 1399 editionibus
771 1371 846 1399 Graav

52 1413 108 1446 eis,
137 1419 165 1441 et
184 1414 288 1448 adjecto
312 1414 444 1442 Hebraico
468 1421 594 1443 contextu
620 1415 742 1450 Hezupla
768 1416 844 1444 nobis

50 1459 199 1495 Origencm
215 1461 370 1496 reliquisse;
385 1461 552 1489 Psahuorum
564 1470 628 1498 vero
640 1461 760 1497 Ilexupla
769 1462 845 1490 Gne-

51 1508 96 1534 cis
110 1507 273 1535 editionibus
289 1513 390 1542 septem
410 1509 572 1536 constitisse.
591 1509 705 1536 Eusebio
731 1517 844 1536 consen-

52 1554 127 1580 tiunt
141 1552 247 1580 Scholia
260 1553 377 1581 Romana
395 1554 420 1580 in
434 1554 577 1582 editionem
591 1555 645 1581 τῶν
657 1554 694 1586 0',
706 1562 732 1581 tu
746 1555 843 1588 quibus

51 1606 248 1633 nonnunquam
264 1607 343 1633 super
357 1599 476 1626 Psahnos
496 1599 618 1633 Hexapla
632 1600 758 1627 citantur.
774 1600 844 1627 Con-

51 1645 140 1671 sentit
153 1649 180 1671 et
193 1645 357 1680 Epiphanius
373 1645 436 1672 liter.
447 1653 520 1677 μιν,
533 1653 592 1680 cap.
609 1646 636 1678 5,
646 1650 673 1673 et
692 1650 753 1681 post
768 1646 842 1672 illum

53 1689 191 1722 Zonaras,
218 1690 262 1724 qui
281 1690 380 1718 diserte
392 1691 565 1725 pronuntiant
583 1690 705 1725 Hexapla
728 1699 774 1718 sex
786 1691 844 1718 edi-

51 1736 146 1763 tiones
158 1735 276 1769 Grtecas,
292 1743 353 1764 cum
369 1737 472 1771 gemina
488 1735 611 1763 Hebraici
635 1741 722 1764 textus
741 1736 843 1763 descri-

52 1783 150 1817 ptione
174 1783 257 1810 fuisse
281 1783 430 1817 complexa.
452 1782 539 1815 Quaeri
565 1782 645 1817 igitur
672 1787 769 1817 potest,
795 1789 844 1809 cur

54 1828 180 1862 llexapla
195 1828 265 1856 dicta
287 1829 350 1862 sint,
378 1836 438 1862 qua:
458 1833 520 1855 octo
544 1828 683 1855 columnas
713 1827 842 1855 habuere.

54 1874 114 1902 Nec
125 1874 207 1905 enim,
223 1879 297 1908 puto,
313 1882 373 1901 cum
393 1874 504 1901 Erasini)
522 1878 550 1901 et
572 1873 843 1908 lllagdeburgensibns

53 1913 290 1954 sentitquisquam
312 1919 440 1951 Ἐξαπλᾶ,
455 1927 507 1946 non
525 1926 540 1945 a
560 1926 672 1946 numero
690 1918 719 1955 ἓξ
731 1918 846 1953 appella-

56 1966 159 1992 tionem
172 1973 231 1993 esse
242 1966 347 1998 sortita,
368 1966 414 1992 sed
426 1974 441 1992 a
458 1966 539 1993 verbo
559 1964 690 1998 ἑξαπλόω,
711 1965 781 1999 quod
795 1970 844 1997 est,

54 2011 189 2044 explana;
207 2019 266 2037 nam
283 2012 352 2038 unde
369 2011 446 2038 facta:
461 2011 615 2038 dicerentur
627 2017 717 2042 voces,
742 2010 845 2044 Τετρα-

55 2057 116 2084 πλᾱ
142 2062 170 2084 et
195 2057 351 2084 ὐκταπλᾶῖ
376 2056 696 2091 Respondentnonnulli
724 2055 846 2089 Hexapla

57 2105 142 2134 dicta,
157 2111 207 2129 non
219 2111 233 2129 a
247 2110 358 2130 numero
369 2102 564 2135 columnarum,
580 2103 626 2130 sed
646 2109 661 2128 a
679 2109 790 2129 nutnero
806 2101 846 2128 in-

95 2173 152 2235 (Θῃ
171 2173 234 2213 Pint
250 2172 378 2214 llexapla,
394 2180 426 2199 ea:
434 2171 718 2213 quatuor-editionibus
730 2171 844 2205 Aquila},

95 2217 112 2235 ξ.
153 2213 240 2235 uellus
252 2216 331 2234 tttxns
345 2207 453 2235 Eusebu
468 2212 633 2235 testtmonto.
645 2214 721 2235 cutus
733 2206 843 2233 verbum

57 2206 112 2238 etc.
128 2206 240 2235 Huetius
252 2206 331 2234 nixus
345 2207 453 2235 Eusebii
468 2207 633 2236 testimonio.
645 2206 721 2241 cujus
733 2206 843 2233 verbum

899 965 981 983 κοντα
992 956 1048 988 δύο,
1073 957 1119 983 καὶ
1128 956 1303 988 Θεοδοτίωνος
1315 958 1457 993 ἑρμηνεῖαι
1473 957 1684 992 συντεταγμέναι

898 1000 963 1029 ὦσι·
978 1002 1031 1029 τῶν
1044 1003 1185 1039 τεσσάρων
1200 1003 1228 1029 δὲ
1244 1003 1345 1030 τούτων
1359 1003 1471 1030 σελίδων
1483 1004 1542 1035 ταῖς
1554 1003 1613 1030 δύσὶ
1623 1004 1684 1036 ταῖς

903 1051 1058 1087 Ἑϐραϊκαῖς
1077 1050 1271 1086 συναφθεισῶν,
1292 1050 1425 1082 Ἐξαπλᾶ
1441 1050 1578 1077 καλεῖται·
1594 1050 1641 1077 ἐὰν
1654 1050 1683 1077 δὲ

897 1097 944 1123 καὶ
957 1096 1078 1132 πέμπτη,
1088 1097 1159 1132 καὶὴ
1168 1096 1233 1131 ἕκτη
1244 1097 1376 1132 ἑρμηνεία
1385 1096 1564 1131 συναφθῶσιν,
1573 1096 1683 1123 ἀκολου-

898 1143 951 1175 θῶς
972 1143 1076 1174 τούτοις
1100 1141 1248 1170 Ὀκταπλᾶ
1274 1143 1404 1170 καλεῖται.
1431 1152 1440 1168 ‹
1463 1142 1587 1178 Tetrapla
1609 1143 1682 1170 enim

897 1189 997 1216 Graecis
1021 1193 1156 1221 constant,
1179 1196 1240 1216 cum
1270 1189 1385 1224 Aquilze,
1411 1193 1438 1216 et
1458 1188 1625 1224 Symmachi,
1655 1194 1683 1215 et

898 1234 1073 1269 Septuaginta
1094 1234 1206 1267 Senum,
1232 1239 1259 1262 et
1275 1235 1468 1262 Theodotionis
1483 1234 1682 1269 interpretatio-

897 1287 944 1307 nes
956 1280 1034 1307 simul
1050 1280 1199 1314 conjunctae
1214 1285 1275 1307 sunt
1287 1289 1294 1306 :
1306 1288 1366 1315 qum
1382 1281 1514 1308 columna:
1527 1284 1643 1315 quatuor
1658 1280 1680 1307 si

897 1325 1038 1354 Hebraicis
1056 1326 1161 1353 duabus
1187 1325 1357 1360 adjiciantur,
1384 1326 1504 1360 Hexapla
1535 1326 1679 1353 dicuntur:

896 1372 966 1405 quod
978 1372 1000 1399 si
1014 1372 1107 1407 quinta
1122 1376 1150 1399 et
1160 1376 1235 1400 sexta
1250 1372 1438 1406 interpretatio
1451 1372 1624 1404 accesserint,
1636 1378 1680 1399 se-

896 1418 988 1452 quitur
1014 1423 1043 1445 ut
1065 1417 1177 1452 Octapla
1202 1418 1386 1445 nominentur.
1409 1427 1417 1444 ι
1444 1417 1547 1451 Quibus
1571 1422 1682 1446 assonat

896 1463 1010 1490 Ruﬁnus
1033 1464 1059 1490 in
1078 1464 1300 1498 interpretatione
1310 1463 1406 1491 decimi
1421 1463 1489 1490 sexti
1510 1463 1604 1498 capitis
1620 1462 1681 1491 libri

896 1510 965 1537 sexti
981 1509 1107 1537 Historiae
1119 1509 1238 1537 Eusebii.
1254 1509 1314 1537 Alio
1331 1517 1396 1537 vero
1412 1509 1468 1537 abit
1481 1508 1589 1537 Nicetas
1602 1507 1679 1536 Tllet.

896 1555 998 1582 orthod.
1028 1555 1075 1588 Iid.
1098 1555 1145 1582 lib.
1172 1562 1209 1587 tv,
1227 1554 1293 1582 liter.
1319 1554 1364 1586 3i,
1390 1559 1418 1581 et
1438 1553 1681 1588 Diplavﬂebruica,

896 1602 1022 1636 quoniam
1038 1601 1106 1628 idem
1119 1600 1230 1627 omnino
1247 1599 1432 1631 continebant,
1452 1607 1500 1633 pro
1514 1607 1578 1630 una,
1595 1606 1681 1633 eaque

896 1647 1021 1680 bipertita
1042 1640 1165 1673 columna
1176 1645 1266 1672 habita
1290 1644 1373 1672 fuisse
1387 1644 1451 1677 vult,
1463 1649 1544 1678 atque
1562 1644 1606 1671 illa
1618 1651 1679 1672 cum

895 1694 1003 1725 serg-0',
1019 1691 1126 1726 Aquila,
1137 1691 1309 1726 Symmacho,
1324 1690 1518 1722 Theodotione,
1536 1697 1568 1717 ac
1586 1690 1680 1724 quinta

895 1737 1012 1765 editione
1025 1745 1072 1764 sex
1089 1737 1228 1764 columnas
1242 1736 1427 1767 constituisse.
1439 1743 1471 1763 ac
1488 1735 1606 1770 Hexapla
1618 1736 1681 1764 inde

896 1783 981 1810 fuisse
996 1783 1139 1817 appellata.

931 1829 985 1856 Has
1015 1829 1086 1855 inter
1107 1827 1245 1863 oppositas
1269 1832 1296 1854 et
1321 1831 1501 1862 repugnantes
1519 1826 1680 1861 sententias,

896 1883 1005 1908 novam,
1021 1878 1058 1906 et,
1075 1874 1125 1902 nisi
1144 1881 1187 1901 me
1198 1874 1305 1901 animus
1316 1873 1394 1906 fallit,
1407 1874 1575 1901 verissimam
1591 1878 1678 1902 tueor.

897 1921 952 1956 (95)
960 1920 1068 1948 Falsum
1077 1924 1129 1951 est.
1141 1920 1211 1955 quod
1222 1919 1301 1954 vulgo
1312 1919 1442 1952 creditur,
1455 1919 1575 1954 quintam
1586 1924 1612 1946 et
1621 1927 1681 1947 sex-

898 1972 950 1994 tam
975 1966 1120 1993 editionem
1148 1965 1288 1992 universos
1314 1965 1459 1999 Scriptura:
1485 1964 1568 1992 libros
1596 1965 1680 1993 fuisse

897 2011 1063 2046 complexas.
1093 2010 1204 2044 Aliquot
1225 2010 1354 2037 dttntaxat
1377 2009 1550 2037 continebant
1565 2017 1597 2036 ex
1615 2009 1679 2043 illis,

898 2064 999 2092 eosque
1014 2056 1184 2091 potissimutn
1206 2056 1251 2090 qui
1267 2056 1389 2082 versibus
1403 2059 1528 2082 constant
1541 2055 1611 2089 apud
1627 2055 1680 2083 He-

897 2103 994 2131 hrzeos.
1013 2102 1051 2129 En
1076 2101 1123 2128 tibi
1149 2106 1244 2128 testem
1265 2101 1458 2136 Hicronytuum
1485 2101 1512 2128 in
1526 2099 1681 2135 --Ερὶιιοιιυη

897 2171 1010 2206 septima
1034 2170 1117 2197 editio
1131 2169 1340 2206 comparebant:
1366 2177 1397 2196 ac
1413 2170 1565 2204 disquirere
1577 2173 1682 2199 -utrum

898 2206 1108 2241 sextaiquintam
1130 2205 1407 2241 septimauutramque
1417 2212 1546 2241 semper:
1555 2211 1682 2241 sequere-

58 2242 316 2279 izmxamgxeudea;
344 2243 412 2279 male
431 2242 530 2279 vert_it,_
542 2239 844 2279 Hexaplir'posteriora
863 2251 883 2279 ο
898 2245 955 2279 tur._
969 2240 1078 2279 Certum
1101 2244 1141 2267 est
1162 2243 1218 2279 tres
1236 2239 1493 2279 illas_superad_d_itas
1500 2239 1637 2279 editiones
1664 2248 1680 2269 ο

58 2280 146 2307 fuisse
174 2277 294 2313 Tetrapla
317 2277 452 2313 opinatur.
479 2277 531 2313 Sed
557 2275 720 2313 contrarium
747 2275 847 2313 evincit

60 2313 236 2342 doetissimus
251 2310 345 2340 'uoster
361 2313 390 2340 [ἱ.
413 2311 563 2339 Bernardus
579 2312 612 2338 de
629 2310 802 2337 Mautl‘aucon
819 2310 846 2337 in

60 2350 118 2378 suis
132 2348 362 2375 Prteliminaribus
375 2347 400 2374 in
416 2345 536 2379 Hexapla
549 2345 672 2380 Origeuis
683 2353 744 2379 pag.
759 2345 785 2378 9,
802 2345 846 2372 ubi

61 2385 147 2412 verbo
176 2382 428 2414 ὲπικατασκευάσας
460 2381 606 2415 legitimum
640 2388 748 2407 sensum
770 2380 847 2407 resti-

63 2421 126 2447 tuit.
136 2418 222 2447 Huius
235 2419 351 2444 rationes
364 2418 433 2444 infra
448 2417 611 2443 adducemus
621 2422 680 2448 cap.
690 2415 707 2441 4
716 2435 722 2445 ,
734 2423 807 2442 nttm.
818 2415 846 2442 2.

98 2454 155 2490 (9‘5)
169 2452 292 2493 Falsum_
303 2458 349 2483 est,
367 2453 434 2493 quod
448 2451 537 2493 vulgo"
546 2450 661 2493 creditur
673 2450 801 2493 quint-am,
824 2455 847 2493 et

61 2485 176 2521 3mm,
202 2493 254 2514 etc.
283 2488 311 2514 lu
337 2485 499 2522 quibusnam
522 2485 667 2522 Scriptura;
695 2485 779 2522 libris
794 2489 849 2512 tres

62 2526 131 2552 alias
147 2519 280 2550 editiones
294 2519 426 2556 quintam,
439 2527 542 2549 sextam
558 2526 582 2547 et
597 2521 738 2556 septimam
756 2519 848 2556 Hexa-

62 2561 113 2593 plis
130 2558 264 2586 addiderit
274 2554 761 2593 Origenesgaccuratissimeomniuut
771 2554 849 2593 docet.

64 2589 97 2621 ἰ).
112 2593 267 2621 Bernardus
285 2589 501 2619 tleMontl‘aucou
528 2592 553 2618 in
574 2589 803 2623 Prmliminaribus
820 2589 847 2616 in

64 2629 181 2662 Hexapl.
194 2636 254 2662 pag.
272 2626 315 2653 l6.
331 2636 339 2652 t
356 2627 526 2660 Exploratum
540 2631 591 2657 est,
604 2624 848 2662 inquit,»editipnes

61 2658 202 2699 quintam;
213 2658 316 2699 sextam
326 2667 353 2699 et
367 2658 518 2699 septimam,
534 2669 585 2688 non
603 2661 628 2687 in
641 2658 765 2699 olunibus
777 2658 849 2686 Scri-

64 2694 151 2735 ptura)
165 2698 250 2729 libris,
268 2697 314 2735 sed
328 2694 504 2735 in_alit|ttibu's
520 2699 623 2723 tantum
643 2694 783 2722 columnas
803 2701 850 2721 oc—

63 2732 181 2768 cupasse
192 2740 265 2759 suas.
280 2733 306 2758 In
322 2732 594 2768 quibusuatnamem,
607 2738 658 2768 nec
666 2734 788 2768 vetet-um
800 2736 850 2768 nec

63 2764 250 2796 recentiorum
263 2764 339 2794 ullus
348 2773 465 2799 unquam
479 2765 557 2792 dixit.
574 2765 639 2792 Nam
652 2765 707 2792 hoc
717 2764 801 2791 solum
811 2765 850 2790 ait

65 2805 265 2834 Hieronymus:
284 2801 410 2828 Nonnulli
432 2809 489 2827 vero
501 2800 570 2830 libri.
587 2806 610 2827 et
621 2800 733 2826 ntaxime
748 2799 785 2830 hi,
804 2799 849 2834 qui

63 2839 136 2872 κριιιι
152 2834 274 2864 ΙῙεὸνίτω
290 2844 364 2863 verm
375 2835 510 2872 compositi
522 2841 593 2866 sum,
606 2841 656 2861 tres
676 2835 742 2872 alios
756 2834 850 2872 editio-

65 2868 110 2901 nes
136 2873 239 2899 additus
254 2871 358 2898 habent.
374 2870 554 2904 Quamobrem
568 2876 656 2902 operte
667 2869 780 2902 pretintn
797 2868 850 2895 erit

66 2910 110 2937 hic
129 2909 211 2935 libros
227 2914 376 2939 recensere,
405 2906 431 2932 iu
462 2905 559 2939 quibus
588 2904 692 2938 quinta,
719 2908 794 2931 sexta
818 2910 850 2930 ac

900 2276 1010 2310 regione
1024 2275 1136 2302 aliarum
1152 2275 1254 2310 positas
1267 2274 1351 2310 fuisse
1367 2275 1394 2301 in
1417 2274 1486 2301 libro
1500 2274 1680 2310 Psalmorum.

898 2309 977 2338 et’in
1005 2310 1143 2337 duodecim
1171 2309 1308 2343 prophetis
1339 2310 1498 2337 minoribus.
1524 2309 1552 2336 lu
1567 2309 1682 2338 Psalmis

899 2346 1008 2380 quidem
1026 2349 1081 2372 tres
1092 2344 1156 2380 illas
1167 2344 1298 2380 editiones
1318 2352 1366 2379 per
1378 2349 1461 2371 totout
1474 2345 1571 2380 librum
1586 2345 1682 2378 adjun-

899 2379 957 2408 ctas
983 2379 1067 2406 fuisse
1093 2379 1206 2406 suadent
1221 2379 1372 2414 frequentia
1392 2380 1498 2407 illarum
1519 2379 1679 2415 fragmenta,

899 2423 958 2450 qum
972 2415 1069 2450 passim
1078 2415 1256 2450 observantur
1271 2423 1278 2441 :
1292 2415 1318 2441 in
1336 2415 1477 2442 duodecim
1491 2422 1555 2450 vero
1566 2415 1680 2449 prophe.

900 2449 934 2477 tis
948 2450 1108 2480 minoribus.
1127 2453 1195 2476 teste
1218 2449 1391 2484 Hieronymo,
1424 2454 1521 2484 prater
1543 2449 1681 2483 Aquilam,
1718 2465 1722 2469 ι

900 2485 1102 2520 Symmachum,
1123 2484 1309 2520 Septuaginta,
1319 2483 1539 2511 ’Theodotiouetn
1556 2489 1584 2511 et
1594 2485 1682 2520 quin-

899 2519 965 2551 tam,
989 2520 1048 2546 dna:
1066 2519 1126 2546 alia!
1145 2519 1276 2547 editiones
1299 2520 1428 2554 appositae
1443 2523 1541 2554 erant,
1555 2519 1682 2546 videlicet

899 2560 974 2581 sexta
998 2558 1025 2581 et
1050 2555 1174 2587 septima,
1192 2552 1480 2589 quarum’l‘ragmenta
1501 2553 1681 2587 exhibemus;
1709 2552 1713 2557 ’

899 2589 999 2620 quintae
1009 2596 1103 2623 nempe
1119 2589 1347 2623 frequentissima.
1363 2590 1476 2616 aliarum
1487 2596 1550 2616 vero
1565 2589 1680 2616 rariora.

899 2623 1039 2651 Canticum
1054 2629 1144 2650 autem
1162 2624 1288 2651 Habaeuc
1316 2624 1464 2652 secundttm
1488 2631 1568 2650 unam
1588 2631 1620 2650 ex
1639 2624 1681 2651 his

900 2659 1042 2694 postremis
1053 2659 1215 2694 etlitionibus
1224 2660 1355 2693 integrum
1365 2665 1599 2694 repraesentamus,
1609 2659 1681 2693 quod

900 2693 962 2722 eum
976 2701 1025 2720 nec
1039 2693 1151 2727 quinta,
1164 2701 1214 2720 nec
1228 2701 1312 2721 sexta
1327 2702 1386 2722 esse
1397 2693 1496 2729 possit,
1508 2694 1630 2728 sequitur
1647 2701 1679 2721 ex

899 2730 1015 2764 septima
1035 2729 1204 2763 desumptnm
1224 2736 1294 2764 esse.
1317 2729 1344 2756 lu
1360 2729 1479 2757 Canticis
1500 2729 1681 2761 canticorum,

899 2763 1000 2798 quintai
1013 2764 1098 2790 solum
1110 2768 1137 2789 et
1148 2767 1231 2790 sextae
1242 2763 1369 2791 lectiones
1383 2764 1544 2796 all‘eruntur;
1560 2763 1680 2798 septith

899 2807 972 2826 vero‘
986 2807 1020 2826 ne
1039 2798 1181 2833 vestigium
1207 2799 1314 2833 quidem
1333 2799 1461 2832 habetur;
1476 2799 1546 2826 unde
1565 2798 1682 2825 fortasse

900 2834 1019 2868 suspicio
1044 2834 1149 2860 oriatur
1172 2833 1215 2861 hic
1237 2833 1376 2868 septimam
1401 2842 1454 2861 non
1481 2834 1598 2862 adfuisse
1619 2840 1681 2860 cum

900 2869 970 2898 aliis.
985 2869 1055 2902 quod
1080 2873 1168 2895 tamen
1196 2869 1300 2896 noanisi
1319 2873 1420 2895 temere
1441 2869 1568 2896 allirmari
1581 2872 1679 2902 potest.

900 2876 970 2898 atus.
985 2876 1055 2902 quoa
1080 2876 1168 2895 tamen
1196 2876 1300 2896 nonmst
1319 2876 1420 2895 temere
1441 2876 1568 2896 aturmar:
1599 2876 1679 2895 metu.

900 2904 993 2931 Potuit
1005 2904 1077 2931 enim
1091 2904 1141 2931 etsi
1154 2903 1279 2937 adfuerit,
1292 2910 1307 2930 a
1322 2903 1514 2932 collectoribus
1527 2876 1636 2940 negligi.
1651 2902 1681 2930 ln
