1908 3071
231 136 243 161 1
249 134 299 162 239

865 135 895 163 Ρ.
919 134 1077 163 DANIELIS
1095 133 1211 162 liUETll

1785 128 1863 155 ’Iilo

229 195 264 221 ad
276 194 330 222 Tit.
345 201 385 225 tu,
400 196 432 221 tl:
447 203 455 219 ε
473 193 548 221 Uttde
563 199 590 221 et
605 194 683 222 nobis
697 202 769 222 cura:
780 195 932 223 fuitomnes
943 200 1016 222 Vete-
1030 200 1052 226 Α
1068 195 1149 226 rium,
1174 194 1201 221 itt
1224 197 1278 221 tota
1303 192 1450 220 Bibliorum
1476 189 1669 219 denominanda
1691 187 1768 214 mole
1794 186 1862 214 ratio

229 242 267 268 ris
280 241 360 276 Legis
370 241 463 273 libros,
478 248 546 274 quos
565 241 606 267 vir
620 242 715 268 doctus
729 241 904 269 Adamantius
918 242 943 268 in
957 241 1014 269 He-

228 287 308 321 :apla
325 287 477 321 digesscrat
502 287 535 313 de
548 285 709 314 Caesariensi
735 287 897 314 bibliotheca
914 288 1016 314 descri-

228 338 299 367 ptos,
313 340 345 359 ex
367 332 432 366 ipsis
449 333 612 360 authenticis
629 333 790 366 emendare;
814 333 839 360 itt
862 335 960 368 quibus
989 338 1016 361 et

229 379 286 412 ipsa
305 377 415 404 llebraza
430 378 546 412 propriis
570 382 633 404 sunt
653 378 856 405 characteribtts
871 379 952 406 verba
967 380 1014 407 de-

228 424 339 458 scripta,
362 429 390 451 et
409 424 512 451 Graecis
531 424 628 451 litteris
645 425 753 451 tramite
764 433 892 460 expressa
916 426 1013 452 vicino.

227 469 324 503 Aquila
335 469 428 501 etiam,
449 473 476 496 et
497 469 688 503 Symmachus.
708 469 883 504 Septuaginta
896 477 1014 505 quoque,

227 519 255 541 et
276 514 426 541 Tlteodotio
444 522 521 541 suam
540 514 662 541 ordinent
687 519 786 540 tenent.
809 513 933 541 Nonnulli
952 522 1016 541 vero

227 561 301 594 libri,
317 566 344 588 et
360 561 478 587 maxime
502 561 529 587 hi
548 561 591 594 qui
610 560 679 594 apud
693 559 822 588 Hebraeos
842 568 920 588 versu
939 568 1014 588 com-

227 606 310 640 positi
318 611 390 637 sunt.
407 606 533 633 Iresaliats
544 607 676 634 editiones
689 607 793 634 additas
815 607 924 638 ltabettt,
935 615 1014 641 quam

228 653 362 686 quintam,
376 657 404 679 et
415 657 530 684 sextam,
543 658 571 679 et
583 653 726 687 septimam
744 652 950 680 translationem
966 660 1014 679 vo-

230 703 307 731 cant,
336 700 526 726 auctoritatent
563 700 622 726 sine
654 700 808 727 nominibus
837 699 1014 734 interpretum

229 751 400 772 consecutus.
423 755 432 772 ι
448 746 539 779 Itaque
556 746 582 772 in
597 746 640 772 illa
657 746 792 773 variarum
808 746 956 773 editionum
967 754 1014 773 co-

230 791 441 825 agmentatione,
467 791 548 825 aliqui
579 791 640 818 libri
665 797 782 825 quatuor
803 791 935 819 duntaxat
952 800 1016 819 con-

229 836 338 863 stabant
354 836 527 868 editionibus,
543 844 603 863 cttttt
621 837 707 870 Diplir
719 836 873 869 Hebraicis;
894 842 974 873 atque
989 839 1015 865 hi

1067 239 1158 267 habita
1183 247 1236 267 tton
1260 244 1310 270 est,
1329 238 1443 271 ideoque.
1466 244 1481 263 a
1504 236 1610 263 nemine
1630 232 1772 267 Euneapla
1790 232 1862 258 dicta

1065 289 1138 312 sunt.
1150 285 1256 313 Asserit
1272 284 1352 311 etiatn
1375 283 1506 318 Origenes
1526 281 1560 308 ab
1580 278 1863 313 interpretationibus

1065 331 1168 366 Aquilae
1179 336 1206 358 et
1221 330 1415 357 Tlteodotiunis
1431 328 1550 355 abfuisse
1574 327 1700 354 Threnos
1720 324 1862 352 Jeremiat.

1065 378 1158 413 itaque
1175 377 1242 404 liber
1260 376 1304 403 ille
1322 375 1403 402 fuerit
1413 373 1596 410 Τὲτραπλοῦς,
1620 371 1668 399 sed
1693 375 1785 397 totum
1801 377 1865 396 cor-

1065 432 1115 460 ptts
1128 424 1278 452 Bibliorunt
1297 427 1406 456 propter
1421 420 1482 448 libri
1500 418 1676 452 exiguitatem
1699 415 1864 450 Tetraplnm

1065 472 1117 499 dici
1133 478 1185 498 non
1199 469 1301 497 debuit.
1315 469 1429 502 Quidam
1449 467 1569 500 llexapla
1587 467 1636 492 ista
1651 464 1795 492 volumina
1816 470 1863 497 ap-

1066 518 1209 553 pellartlltt,
1225 516 1340 543 fortasse
1352 515 1432 542 etiam
1451 512 1572 547 Hexapla
1587 511 1620 538 ab
1631 510 1753 545 Origene
1768 509 1864 536 inscri-

1067 568 1111 598 pta
1127 567 1200 593 sunt,
1212 561 1284 596 quod
1299 567 1393 594 magna
1409 559 1513 586 illoruttt
1526 565 1589 592 pars
1601 561 1720 591 quatuor
1734 554 1864 582 editioni-

1065 609 1125 640 bus.
1139 607 1251 642 Aquilae,
1267 606 1433 642 Symmachi,
1448 604 1501 631 τῶν
1513 603 1540 632 0’
1556 609 1582 631 et
1606 602 1818 631 TheodotiOuis.
1833 608 1863 628 ac

1065 654 1151 690 Diplis
1166 659 1295 688 praeterea
1319 652 1458 679 Hebraicis
1474 655 1545 678 esset
1559 649 1674 677 conﬂata
1694 659 1702 677 :
1718 648 1768 675 alii
1798 654 1863 675 vero

1065 708 1127 728 cum
1147 701 1188 727 bis
1204 699 1386 726 voluminibus
1412 705 1458 725 sex
1479 697 1613 724 editiones
1631 696 1747 723 Graecas
1768 699 1863 728 praeter

1066 746 1197 774 llebraica
1214 744 1381 779 exemplaria
1405 744 1492 770 inesse
1519 742 1715 776 intelligerent,
1748 740 1860 775 Octapla

1067 791 1188 819 vocanda
1202 794 1375 818 censuerunt.
1397 789 1565 823 Quapropter
1580 796 1661 815 nemo
1674 786 1772 813 tttirari
1784 786 1861 814 debet

1067 845 1116 865 cur
1142 836 1270 872 Hexaplis
1300 844 1346 864 sex
1373 836 1505 863 editiones
1521 834 1639 864 Graecas.
1665 838 1694 861 et
1711 834 1781 860 deos
1804 840 1863 859 con-

230 880 292 908 libri
306 887 383 908 erant
396 889 458 908 vere
474 881 610 920 Ἐξατελοϊ.
623 881 676 909 Sex
688 890 752 909 vero
769 881 904 910 habebant
920 883 1018 910 editio-
1035 877 1057 906 Β
1073 888 1161 910 textus
1180 882 1327 910 llebraicoa
1343 882 1427 909 fuisse
1449 882 1565 908 intextos
1580 880 1701 907 dixerint
1717 879 1861 910 Eusebius,

229 934 278 955 nes
292 927 410 958 Graecas,
426 935 486 955 cum
501 928 586 963 Drplis
602 928 750 962 Hebraicis,
768 930 813 956 alii
825 930 885 957 libri
897 936 945 963 per
958 937 1018 957 ver-

230 981 277 1000 sus
291 973 443 1008 compositi,
460 979 573 1009 excepto
590 974 732 1007 Psalterio,
746 982 843 1010 nempe
861 975 1018 1010 Proverbia,

230 1018 407 1046 Ecclesiastes
432 1023 460 1046 et
479 1019 682 1048 Canticumme
698 1020 809 1055 proinde
824 1025 903 1047 erant
923 1020 1019 1047 Ὀκτα-

231 1063 303 1090 πλοῖ.
333 1064 369 1091 At
392 1064 459 1091 libcr
487 1064 653 1092 Psalmorum
685 1070 783 1100 praeter
816 1066 939 1101 geminas
965 1065 1019 1093 He-
1047 1068 1048 1071 ‘

231 1109 317 1136 braici
341 1114 486 1137 contextus
502 1110 643 1138 columnas
663 1116 767 1146 septem
783 1111 915 1138 editiones
934 1111 1019 1138 conti-

231 1156 323 1188 nebat,
349 1156 501 1190 meritoque
520 1156 620 1183 librum
644 1157 715 1184 bunc
736 1156 914 1183 Ἐννεαπλοῦν
937 1156 1019 1185 fuisse

231 1203 344 1230 diceres.
352 1202 436 1236 Igitur
448 1211 515 1236 opus
533 1203 601 1230 istud
614 1201 738 1237 Origcttis
750 1205 846 1238 partim
861 1209 920 1231 erat
931 1203 1020 1231 Hexa-

231 1248 315 1283 plum,
328 1249 426 1284 partim
438 1249 587 1283 Octuplum,
602 1250 698 1283 partim
711 1249 876 1285 Enneaplum
887 1260 893 1278 :
906 1250 961 1285 (96)
974 1251 1020 1277 sed

232 1296 354 1330 septimae
369 1296 504 1327 editionis,
525 1304 586 1331 qua:
601 1297 634 1322 ad
656 1304 737 1323 unutn
753 1297 905 1332 pertinebat
919 1296 1022 1324 Psalte-

231 1365 414 1401 Pentateucho
435 1371 523 1392 autem
547 1366 668 1401 quintam
695 1370 721 1393 et
743 1371 846 1393 sextam
869 1366 1017 1394 editionem

231 1400 319 1427 locum
339 1408 486 1436 occupasse
513 1400 591 1428 suum
616 1401 798 1428 leslilicantur
828 1401 948 1436 exempla
966 1409 1018 1429 non

252 1443 317 1462 auca
333 1443 340 1461 :
355 1436 394 1462 sic
410 1435 509 1463 Genes.
532 1444 583 1469 cap
606 1444 699 1468 xxxtv,
719 1444 789 1463 vers.
809 1437 852 1468 15,
877 1445 909 1463 ex
927 1438 1021 1464 codice

258 1471 329 1505 (δςίοῨ
347 1469 459 1498 affertur
482 1471 581 1505 quintae
605 1471 734 1498 editionis
751 1471 839 1504 lectio,
862 1472 905 1498 ubi
926 1479 1019 1499 vocent

233 1509 299 1534 mm
323 1504 366 1541 hic
386 1504 519 1540 Interpres
535 1506 614 1532 vertit
626 1507 807 1541 évvoﬁsopzv;
823 1511 851 1533 et
865 1514 924 1540 cap.
939 1515 1020 1538 xxxv,

232 1550 304 1569 vers.
319 1540 362 1569 l9,
380 1540 406 1566 itt
425 1540 496 1567 hunc
511 1541 598 1567 locum
611 1540 721 1571 Dnjm:
736 1546 786 1571 mn
794 1545 898 1572 nrt-tate
909 1542 1021 1568 Ambro-

233 1578 290 1605 sius
304 1577 329 1603 in
346 1575 430 1610 Epist.
457 1576 492 1602 ad
521 1575 717 1604 Ilomntt‘anum
732 1578 770 1603 ait
787 1586 794 1604 :
812 1576 911 1609 Quinta
936 1582 1022 1604 autem

238 1612 357 1643 traditio,
372 1612 481 1645 ephrata
495 1631 502 1642 ,
530 1612 588 1645 ipsa
603 1617 645 1639 est
659 1612 756 1639 dottttts
773 1612 850 1647 panis
867 1620 874 1639 :
887 1612 937 1639 hoc
952 1620 1022 1645 prai-

235 1647 340 1674 teritum
353 1651 389 1672 ut
410 1647 437 1672 in
458 1646 570 1673 aliorum
587 1646 783 1678 traditionibus,
799 1646 843 1674 ttbi
863 1647 1024 1674 traditiones

235 1682 281 1709 ille
299 1689 347 1716 pro
363 1682 534 1717 >O'dlli0ltiilllﬁ
559 1687 680 1717 usurpat.
700 1682 731 1708 Et
744 1681 830 1710 Levil.
845 1689 864 1713 I,
885 1682 930 1713 16,
945 1682 977 1709 Α.
993 1683 1022 1709 Σ.

233 1717 283 1758 τὴν
299 1715 467 1758 διτίξουσαγ.
532 1717 562 1743 Ε.
581 1715 631 1753 sip}
644 1717 729 1752 ὀσφὺν
744 1717 776 1758 ἦ]
791 1718 872 1758 ἡμεῖς
890 1717 1024 1758 ηαλρῦιέεν

235 1751 332 1786 φῦσαν.
358 1752 421 1778 ltcttt
443 1751 528 1780 Levit.
543 1751 654 1786 capixt,
670 1751 741 1780 vers.
756 1752 783 1784 3,
851 1753 881 1779 E.
897 1752 950 1779 ἀπὸ
959 1751 1024 1783 τῶν.

235 1787 430 1848 “pariaquich
452 1787 564 1829 Κυρίῳ.
581 1787 613 1814 Et
631 1787 714 1814 Levit.
731 1795 760 1818 tt.
779 1788 821 1820 Π,
841 1790 872 1814 Δ.
891 1789 922 1815 0.
944 1787 976 1814 Θ.
992 1789 1024 1815 Ε.

236 1831 330 1848 νυκτικ
350 1822 409 1848 οαξ.
424 1831 453 1848 c.
468 1821 562 1848 γλαυε.
584 1823 615 1848 Ε.
632 1822 769 1848 Ouintatu.
785 1831 815 1848 ς.
832 1827 934 1848 sextant
954 1823 1024 1848 indi-

236 1821 409 1856 wimxdpaé.
424 1831 453 1854 ς.
468 1821 562 1856 ﬂaui.
584 1823 615 1849 E.
632 1822 769 1856 Quintam,
785 1831 815 1855 ς.
832 1827 934 1850 sextam
954 1823 1024 1850 iudi-

236 1863 290 1890 cal,
316 1863 343 1883 et
365 1858 505 1892 utriusque
522 1858 710 1890 interpretatio
724 1858 845 1884 all'ertur.
866 1858 1023 1892 ibidemque

235 1900 310 1920 vers.
328 1893 372 1924 5|,
390 1893 421 1919 0.
444 1892 475 1919 Θ.
500 1893 530 1920 Ε.
557 1893 646 1920 αὐτῶν
670 1893 852 1928 τεθνηκότων.
873 1893 952 1920 Hisce
969 1898 1023 1920 tant

239 1928 340 1962 apertis
357 1928 515 1955 testimoniis
532 1928 660 1962 refragari
677 1937 756 1954 nemo
771 1936 849 1962 posse
862 1928 977 1962 videtur.
992 1930 1028 1955 At

239 1963 337 1989 mirum
349 1968 389 1989 est
410 1963 531 1997 quintam
550 1968 577 1989 et
594 1967 697 1990 sextam
714 1964 861 1990 editionem
886 1971 900 1988 a
917 1964 1024 1989 nemine

238 2003 359 2024 veterum
374 1997 532 2025 Graecorum
555 1999 600 2032 qui
616 1999 641 2024 in
657 1997 872 2024 l’eutateucltum
892 2003 931 2024 tot
944 1998 1025 2024 Cotu-

239 2033 372 2060 mentaria
394 2033 547 2062 ediderunt,
563 2039 739 2060 memoratam
754 2034 857 2067 uspiam
877 2034 969 2059 fuisse.
989 2033 1025 2060 De

239 2069 350 2101 septima
380 2068 404 2094 iu
430 2067 613 2094 Peulatencbo
638 2068 703 2094 tttltil
727 2068 806 2094 hodie
827 2076 834 2092 ε
857 2073 944 2094 utrum
962 2075 1025 2094 vero

239 2103 304 2129 olim
328 2102 446 2129 adiuerit
471 2104 619 2136 ignoratur.
646 2103 748 2129 Praeter
768 2103 850 2129 hosce
877 2103 959 2129 libros
981 2102 1024 2128 ubi

242 2139 323 2164 Iriunt
336 2139 516 2172 posteriorum
532 2139 679 2164 editionum
695 2139 805 2172 vestigia
822 2138 982 2171 reperimus,
999 2138 1024 2164 itt

240 2173 302 2200 aliis
316 2175 396 2200 etiam
415 2173 549 2199 exstitisse
567 2173 716 2199 sttbiudicat
748 2173 926 2207 Hieronymus
946 2172 1025 2200 Com-

240 2213 326 2234 Inent.
344 2208 372 2234 in
388 2207 471 2241 Epist.
491 2210 525 2234 ad
541 2208 626 2234 Titum
641 2215 650 2233 .'
678 2207 806 2234 Nonnulli
828 2215 885 2233 vero
899 2208 968 2240 libri,
990 2208 1026 2233 in-

1069 929 1236 964 Epipltanius
1259 933 1286 956 et
1311 928 1442 960 Ionaras,
1461 927 1570 955 intextae
1592 927 1693 962 quippe
1709 930 1791 953 erant
1809 926 1864 952 edi-

1071 976 1159 1003 tiones
1176 975 1228 1003 illae
1247 983 1293 1003 sex
1312 975 1338 1002 in
1356 975 1492 1010 aliquibus
1502 975 1635 1001 duntaxat
1647 973 1737 1005 libris,
1765 980 1819 999 non
1838 974 1862 999 in

1071 1022 1220 1056 universis;
1239 1029 1300 1048 nam
1325 1021 1448 1056 quamvis
1470 1020 1581 1048 intexta
1601 1019 1694 1046 itidem
1719 1023 1817 1046 essent
1836 1018 1862 1045 in

1070 1067 1185 1096 Psalmis
1198 1068 1330 1095 editiones
1346 1071 1461 1102 septem,
1487 1065 1610 1101 Hexupla
1625 1070 1716 1092 tamen
1741 1064 1864 1091 Psalmo—

1071 1121 1130 1141 rttm
1162 1113 1233 1141 idern
1259 1113 1327 1140 dixit
1351 1113 1494 1140 Eusebius.
1527 1112 1700 1139 Manifestum
1727 1119 1797 1145 ergo
1824 1115 1863 1137 est

1071 1167 1153 1186 unum
1170 1158 1294 1193 idemque
1307 1166 1375 1193 opus
1391 1158 1473 1186 fuisse
1487 1158 1609 1192 Hexapla
1621 1163 1649 1184 et
1666 1157 1809 1191 Octapla;
1819 1157 1862 1183 sed

1071 1213 1086 1232 a
1100 1205 1213 1232 diversis
1231 1205 1328 1239 quibus
1343 1207 1483 1232 cuttstabat
1497 1198 1618 1239 partibus
1635 1204 1761 1230 diversas
1772 1203 1862 1237 appel-

1072 1251 1187 1279 lationes
1215 1252 1349 1279 habuisse.
1368 1251 1424 1287 (97)
1448 1251 1572 1285 Tetrapla
1603 1256 1692 1278 autem
1724 1250 1860 1285 privatum

1073 1297 1125 1324 luit
1149 1305 1181 1325 ac
1205 1302 1361 1330 separatum
1381 1305 1450 1332 opus
1466 1297 1499 1324 ab
1518 1296 1636 1331 Origene
1659 1301 1721 1330 post
1742 1295 1862 1328 Dempta

1073 1372 1128 1395 tres
1145 1367 1195 1394 illae
1211 1367 1344 1395 editiones
1367 1367 1463 1394 additae
1480 1366 1597 1398 fuerant,
1626 1373 1687 1393 esse
1702 1365 1790 1392 libros
1810 1373 1862 1392 tne-

1070 1407 1126 1430 tros
1142 1403 1285 1433 metricos;
1307 1410 1402 1435 nempe
1425 1402 1486 1433 Job,
1512 1402 1631 1428 Psalutos
1655 1406 1685 1427 et
1697 1399 1860 1432 Proverbia,

1070 1443 1098 1465 et
1119 1443 1205 1465 tamen
1226 1438 1404 1471 apertissimis
1423 1437 1554 1471 exemplis
1569 1437 1694 1470 superius
1714 1436 1859 1470 probatum

1072 1479 1125 1505 est,
1144 1473 1201 1500 illas
1214 1474 1347 1500 editiones
1358 1472 1478 1499 adfuisse
1492 1473 1517 1498 in
1535 1471 1730 1502 Pentatt-ttclto,
1753 1471 1780 1497 in
1800 1479 1862 1504 pro-

1073 1509 1162 1543 phetis
1177 1508 1326 1535 minoribus
1352 1512 1380 1535 et
1396 1508 1421 1534 in
1436 1507 1555 1543 Canticis
1567 1516 1574 1537 ;
1587 1515 1619 1533 ex
1634 1506 1794 1543 libr-issem
1811 1514 1864 1532 tne-

1076 1541 1153 1570 tricis
1168 1543 1290 1570 Psaltuos
1308 1549 1412 1570 tantum
1434 1543 1514 1569 trittut
1531 1542 1639 1568 illarum
1656 1541 1809 1568 editionum
1824 1549 1864 1567 re

1076 1578 1172 1612 liqttias
1196 1582 1223 1605 et
1247 1578 1354 1610 quidem
1379 1577 1613 1612 frequentissimas
1643 1577 1794 1610 praeferre;
1816 1575 1864 1603 Job

1075 1618 1164 1639 autetn
1197 1618 1224 1640 et
1255 1613 1414 1643 Proverbia.
1437 1620 1552 1646 quorum
1579 1612 1695 1638 maxima
1714 1612 1862 1638 lectionum

1075 1648 1265 1681 Hexaplariunt
1291 1649 1358 1676 silva
1381 1652 1518 1682 superest,
1539 1655 1572 1674 tte
1588 1647 1739 1682 vestigium
1756 1646 1865 1682 quidem

1077 1684 1157 1710 triutn
1171 1683 1276 1710 illarum
1291 1681 1439 1709 editionum
1458 1683 1566 1709 habere.
1586 1681 1632 1708 llis
1647 1681 1804 1716 conspectis
1822 1690 1864 1707 ue-

1077 1726 1121 1745 nto
1138 1719 1277 1752 negaverit.
1287 1719 1430 1745 admodum
1445 1717 1552 1744 dil‘lit-ile
1568 1724 1630 1744 esse
1643 1717 1770 1749 superius
1783 1717 1863 1742 allata

1075 1754 1197 1787 exempla
1213 1761 1273 1780 cutn
1288 1754 1375 1780 verbis
1391 1753 1545 1786 Hieronymi
1561 1751 1720 1787 conciliare.
1734 1751 1805 1778 Cum
1818 1760 1865 1776 att-

1077 1793 1129 1815 tem
1146 1786 1256 1814 omnino
1280 1793 1384 1815 eertum
1409 1789 1443 1814 sit
1461 1788 1602 1821 Origene-tn
1617 1795 1668 1813 tton
1689 1786 1716 1812 itt
1738 1787 1865 1813 omnibus

1077 1822 1223 1857 Scriptura:
1237 1823 1313 1850 libr-is
1325 1828 1381 1849 tres
1394 1822 1452 1849 illas
1465 1823 1702 1856 interpretationes
1720 1821 1863 1855 adjecisse,

1076 1859 1159 1892 qttaari
1171 1863 1257 1892 potest
1269 1866 1330 1884 num
1348 1863 1402 1885 tres
1419 1857 1454 1885 illi
1470 1857 1631 1891 interpretes
1644 1862 1726 1883 totam
1742 1857 1862 1892 Scriptu-

1077 1901 1134 1920 ram
1151 1891 1204 1920 sint
1227 1893 1406 1928 interpretati,
1427 1901 1462 1919 an
1482 1899 1528 1919 eas
1540 1892 1625 1918 solum
1639 1896 1730 1928 partes
1754 1891 1864 1928 quaeab

1076 1928 1191 1963 Origene
1214 1928 1239 1954 itt
1256 1926 1373 1960 Ortaplt's
1393 1928 1519 1964 adhibitae
1535 1931 1605 1964 sunt.
1638 1927 1717 1964 Saepe
1736 1934 1801 1954 cntn
1817 1926 1862 1957 illi,

1077 1961 1170 1989 salte-nt
1191 1963 1244 1990 duo
1262 1963 1379 1996 priores,
1395 1961 1618 1990 Pentateucltmn.
1638 1961 1773 1994 Psaltnos,
1788 1967 1814 1988 et
1831 1968 1861 1987 ex

1077 1997 1239 2032 Hieronymo
1249 1997 1299 2024 Job
1310 2001 1337 2024 et
1351 1997 1514 2028 Proverbia;
1533 2003 1593 2023 cum
1611 1998 1676 2023 item
1698 1996 1815 2032 Cantica
1838 2001 1862 2023 et

1077 2031 1195 2060 minores
1217 2033 1371 2067 prophetas.
1394 2032 1596 2062 transtulerint.
1623 2039 1674 2058 nott
1695 2031 1777 2058 video
1802 2033 1861 2066 quid

1077 2075 1166 2095 causas
1184 2067 1274 2100 fuerit,
1286 2075 1335 2094 cur
1350 2067 1453 2094 medios
1469 2067 1550 2093 libros
1568 2067 1725 2099 omiserint,
1738 2068 1863 2101 quodque

1078 2103 1163 2135 magis
1178 2108 1283 2136 urgeat,
1300 2110 1361 2129 cum
1378 2107 1432 2128 tres
1446 2102 1484 2129 illi
1497 2102 1658 2135 iulerpre:es
1671 2107 1700 2129 ιιι
1716 2102 1860 2136 plurimunt

1078 2138 1211 2165 iniisdem
1230 2137 1379 2171 Scriptura:
1401 2137 1478 2164 libris
1502 2137 1684 2171 reperiantur,
1707 2137 1773 2164 licet
1796 2137 1862 2164 haud

1078 2173 1158 2199 dubie
1172 2173 1254 2199 variis
1273 2173 1299 2199 itt
1315 2172 1381 2199 locis
1397 2172 1566 2206 scripserint,
1592 2180 1641 2198 cur
1656 2174 1768 2199 eosdem
1784 2172 1861 2198 libros

1078 2215 1111 2234 ex
1128 2207 1261 2234 Hebraico
1287 2208 1479 2238 converterint,
1501 2207 1610 2234 eosdetn
1631 2207 1789 2234 omiserint.
1812 2206 1860 2233 Hoc

240 2243 308 2276 qttit,
320 2248 342 2268 et
358 2243 472 2269 maxime
483 2243 509 2269 lti
523 2244 568 2277 qui
583 2242 651 2276 apud
671 2242 794 2269 Hebraeos
807 2250 881 2269 versu
894 2243 1028 2277 compositi
1045 2247 1066 2274 ι)
1081 2247 1153 2270 certe
1168 2249 1254 2276 neque
1272 2250 1347 2273 casu,
1363 2249 1449 2276 neque
1467 2241 1585 2277 consilio,
1596 2241 1724 2269 accidere
1746 2243 1860 2276 potuisse

241 2283 312 2309 aunt,
326 2283 378 2303 tres
396 2280 462 2303 alius
479 2279 603 2305 editiones
623 2279 726 2304 additas
741 2278 846 2309 habent.
859 2285 938 2311 quant
955 2278 1027 2312 quin-

242 2318 306 2343 tam,
326 2317 349 2338 et
377 2317 486 2345 sextam,
511 2319 534 2340 et
557 2314 692 2346 septimam
706 2312 901 2339 translationem
926 2318 1026 2344 uocant,

242 2347 425 2373 attctoritutem
445 2348 500 2374 line
515 2348 662 2374 nominibus
683 2348 850 2381 interpretum
865 2352 1026 2375 consecutae.

244 2383 282 2408 Ex
302 2382 378 2409 libris
394 2386 481 2409 tamen
500 2391 576 2410 versu
590 2383 749 2417 conscriptis
763 2382 812 2409 soli
827 2382 926 2408 Psalmi
946 2384 1026 2409 triuttt

244 2417 422 2451 posteriorum
435 2417 695 2452 ,interpretationnnt
719 2418 846 2452 reliquias
869 2418 1025 2450 praeierunt.

243 2453 270 2479 In
287 2453 336 2480 Job
350 2460 440 2480 autern
459 2458 485 2479 et
499 2453 662 2483 Proverbiis,
675 2453 725 2479 etsi
742 2453 828 2486 atnpla
843 2454 957 2478 atliartntt
971 2453 1027 2479 edi-

242 2489 344 2524 tionum
361 2495 438 2524 seges
450 2487 588 2520 oli'eratnr,
599 2487 663 2514 nihil
680 2487 758 2524 hodie
773 2489 805 2514 de
816 2487 960 2524 tribt_t_si|lis
977 2495 1028 2524 po—_

243 2523 351 2549 stremis
363 2522 556 2557 iuierpretibtts
571 2527 704 2557 superest.
718 2522 745 2549 Si
758 2527 858 2549 stemus
871 2522 1026 2557 Hieronymi

243 2558 332 2585 verbis
344 2559 370 2584 in
379 2558 412 2586 iis
425 2558 510 2589 libris,
521 2559 565 2584 ubi
579 2559 618 2584 bac
631 2563 770 2592 postrema.-
779 2557 911 2584 cditioues
920 2557 1027 2584 adlube-

241 2593 347 2624 bantitr,
359 2597 412 2621 tres
420 2601 527 2627 semper
535 2594 655 2624 aderant,
666 2601 714 2619 nec
722 2593 813 2627 quinta
823 2593 879 2619 sitte
888 2597 1028 2625 sexta,uec

242 2632 355 2663 utraque
365 2630 424 2655 sine
440 2629 551 2662 septima
566 2631 651 2655 locum
669 2628 771 2662 uspiam
788 2627 918 2660 habebat;
934 2635 1024 2654 verum

243 2662 299 2699 haec
311 2662 488 2699 llierouyutus
497 2664 639 2690 admodum
648 2663 827 2697 perlunctorie
837 2663 965 2699 narravit,
977 2670 1026 2690 nec

246 2697 348 2724 videtur
358 2697 418 2731 ejus
428 2699 608 2725 testitnottinttt
619 2702 652 2724 ad
665 2707 696 2725 ea
709 2705 768 2732 quae
778 2705 858 2732 supra
868 2698 939 2724 dicta
952 2703 1024 2730 sunt,

244 2732 349 2770 penitus
360 2734 493 2766 quadrare
508 2741 594 2768 posse,
604 2733 626 2770 si
635 2734 754 2768 quidem.
765 2733 802 2759 ait
810 2733 867 2770 ille,
876 2732 903 2759 in
912 2733 1025 2760 nonnul-

245 2767 279 2802 lis
290 2767 366 2794 libris
376 2773 403 2795 et
413 2767 528 2794 maxime
541 2769 572 2794 iis
580 2768 624 2802 qui
639 2767 716 2795 versu
729 2768 869 2800 compositi
880 2772 955 2800 sunt,
970 2773 1026 2795 tres

245 2800 312 2827 alias
327 2803 468 2834 editiones,
497 2800 596 2837 nempe
609 2804 747 2837 quintam.
765 2809 868 2830 sextam
890 2807 916 2829 et
941 2804 1025 2837 septi-

246 2841 316 2860 mam
336 2837 439 2864 additas
464 2837 562 2868 fuisse;
589 2839 624 2864 ila
650 2843 678 2863 ιιι
699 2846 731 2863 ea
747 2838 806 2871 ejus
821 2837 909 2864 verbis
931 2837 1030 2864 inferri,

247 2876 326 2903 posse
340 2871 472 2905 videatur,
498 2873 640 2900 maximam
661 2871 838 2906 Ηιιςταῃιοιίιιη
859 2877 961 2906 partem
980 2873 1022 2900 ubi

1081 2278 1197 2305 videtur.
1211 2277 1240 2304 Si
1255 2277 1416 2311 respondeas
1430 2285 1478 2304 cur
1489 2284 1552 2310 ergo
1570 2276 1701 2310 Origenes
1716 2277 1743 2304 itt
1756 2277 1860 2311 quibus-

1079 2313 1141 2339 dam
1153 2313 1238 2344 libris,
1251 2320 1304 2340 non
1317 2313 1342 2339 itt
1354 2311 1492 2343 omnibus,
1509 2312 1569 2339 illas
1583 2312 1718 2347 edttiones
1734 2319 1860 2347 apposue-

1079 2348 1130 2380 rit;
1144 2355 1270 2381 reportant
1283 2355 1343 2382 ego,
1354 2355 1402 2374 cur
1418 2347 1443 2373 itt
1455 2347 1570 2374 Threuis
1580 2347 1637 2373 sive
1648 2346 1858 2374 Lantentaticni-

1078 2382 1128 2410 bus
1142 2382 1275 2414 Jerentiac,
1296 2381 1382 2410 solum
1402 2381 1592 2417 Symmachum
1606 2389 1667 2408 cum
1680 2382 1800 2409 editione
1813 2382 1859 2408 τῶν

1079 2417 1108 2444 0’
1119 2418 1227 2449 locavit,
1239 2425 1300 2445 cutn
1318 2422 1407 2443 tamen
1423 2416 1523 2451 ’Aquila
1534 2416 1724 2443 ctIlteotlotio
1744 2416 1822 2450 hujus
1833 2417 1859 2442 li-

1078 2452 1129 2485 bri,
1140 2453 1259 2486 periude,
1269 2458 1349 2485 atque
1359 2452 1470 2478 alioruttt
1482 2452 1734 2485 interpretationem
1751 2454 1858 2478 adorna-

1077 2489 1175 2517 verint.
1192 2488 1327 2514 utibidetu
1344 2487 1370 2514 itt
1387 2487 1486 2514 Monito
1500 2488 1654 2521 probamus.
1673 2486 1743 2515 Hinc
1757 2495 1821 2514 sane
1832 2487 1859 2513 li-

1077 2529 1141 2557 quet
1152 2531 1183 2550 ex
1193 2523 1371 2558 bacOrigenis
1383 2523 1529 2549 omissione
1539 2522 1662 2558 concludi
1672 2530 1725 2549 non
1738 2522 1859 2558 posse,“-

1079 2556 1118 2585 las
1125 2558 1256 2586 editiones
1269 2556 1320 2584 non
1332 2558 1458 2592 integras,
1469 2558 1515 2584 sed
1526 2557 1630 2591 aliquos
1638 2561 1744 2583 tantum
1753 2556 1858 2584 Hebrai-

1077 2602 1115 2620 cat:
1129 2594 1274 2627 Setipturae
1290 2592 1371 2621 libros
1384 2591 1538 2627 complexus
1551 2591 1643 2618 fuisse.
1660 2592 1795 2619 Caeterum
1811 2600 1857 2618 rem

1078 2635 1244 2662 uoupetntus
1253 2628 1417 2662 exploratam
1425 2628 1640 2661 lectorisjudicio
1651 2628 1855 2661 permittimus.»

1113 2664 1169 2699 (96)
1185 2663 1237 2690 Sed
1250 2664 1364 2699 septimu:
1377 2662 1510 2694 editionis,
1528 2671 1586 2698 qua:
1599 2664 1634 2699 ad
1655 2671 1741 2689 unum
1764 2662 1856 2699 Psaltef

1077 2702 1146 2724 rituu
1159 2697 1315 2732 pertinebat.
1332 2698 1450 2732 Septima
1465 2699 1548 2725 editio
1562 2697 1718 2732 pertinebat
1738 2699 1817 2724 etiam
1829 2697 1855 2723 ad

1077 2734 1217 2760 duodecim
1234 2734 1379 2767 prophetas
1393 2734 1522 2766 minores,
1549 2739 1578 2760 ut
1600 2740 1663 2759 mox
1696 2733 1855 2760 ostendimus

1077 2776 1109 2795 cx
1128 2769 1157 2795 Ο.
1177 2768 1204 2793 Β.
1221 2768 1254 2795 de
1273 2768 1456 2795 Montfaucon.

1112 2802 1168 2838 (97)
1188 2802 1308 2835 Tetrapla
1325 2807 1411 2830 autem
1425 2803 1552 2837 priuatum
1572 2802 1635 2838 fuit,
1650 2807 1705 2830 etc.
1724 2802 1790 2830 Vide
1803 2809 1856 2837 pati-

1078 2837 1189 2902 lréritlt‘llft-a
1214 2846 1275 2873 cap.
1291 2838 1318 2873 4,
1341 2846 1414 2866 num.
1431 2839 1458 2872 ‘3,
1477 2840 1519 2867 ubi
1539 2839 1596 2866 haec
1615 2837 1708 2866 Huetii
1735 2838 1858 2867 sententia

1078 2883 1089 2902 r
1119 2882 1132 2902 υ
1156 2879 1217 2901 Itur.

1078 2879 1217 2902 τειυιιιιυτ.
