1908 3071
216 112 286 139 1243

848 111 879 140 Ρ.
897 112 1056 140 DANlELlS
1075 111 1192 141 HUETII

1784 114 1840 141 ΞΗ

214 170 350 206 quintam,
376 175 480 198 sextam
494 174 521 197 et
536 169 691 204 septimam.
708 177 776 205 quas
798 170 925 198 dixerunt
940 171 998 199 edi-
1014 173 1036 200 Α
1050 170 1137 206 Epist.
1154 171 1187 198 ad
1209 170 1275 198 Sun.
1293 176 1320 199 et
1332 172 1459 204 Frctell.,
1472 181 1482 197 ι
1499 177 1525 199 et
1546 172 1572 198 in
1586 171 1744 199 Graecorum
1759 171 1841 198 bati-

215 217 302 244 tiones
318 225 326 244 :
341 224 456 251 quarum
470 223 552 242 unam
574 216 711 243 iuventam
736 224 796 244 esse
815 217 945 245 indicavit
971 218 997 244 iu

213 260 333 293 Iericho.
349 263 375 289 in
402 261 485 294 dolio,
505 266 626 296 tempore
655 262 784 291 Antonini
807 263 964 291 Caracallte.
985 273 994 289 ι

213 307 280 335 Nam
299 312 327 334 ut
341 307 375 334 de
389 307 544 342 Symmachi
557 307 784 342 interpretatione
798 308 904 341 sileam,
917 309 999 343 Aqui-

213 353 244 379 la:
256 357 283 380 et
294 353 485 380 Theodotionis
502 353 635 380 editiones
657 353 691 381 ab
712 353 829 389 Origene
855 354 939 383 fuisse
955 363 998 382 re-

212 402 301 431 pertas
315 397 424 431 probari
437 397 548 424 minime
561 401 673 431 potest;
689 405 737 424 nec
750 398 832 425 ullam
849 405 881 426 ex
900 398 934 426 iis
948 398 998 425 tri-

212 443 261 470 luts
272 434 394 477 Nicopoli
422 444 560 471 inventam
576 443 660 471 fuisse
679 452 772 472 verum
788 449 840 478 est.
860 445 906 472 sed
935 452 997 472 sex-

214 493 279 516 tam.
292 489 410 517 Omnino
426 497 492 517 vero
504 490 659 525 turpissime
671 491 774 518 erravit
788 491 881 518 Sixtus
894 491 996 518 Senen-

214 534 306 562 sislib.
321 543 348 562 IV
362 541 388 563 et
400 535 592 570 vaibliotli.,
605 537 650 571 qui
662 536 784 569 Tetrapla
793 544 853 564 cum
868 536 995 571 "emptis

211 580 351 608 confundit
368 586 396 609 et
422 582 590 616 permiscuit,
606 582 727 617 Hexapla
743 590 808 610 vero
827 582 861 610 ab
876 581 995 611 Octanlis

211 627 350 658 discrevit.
362 627 485 662 idemque
495 633 522 654 ut
531 628 633 656 faceret
647 629 704 655 viro
714 628 819 655 cuidam
828 635 925 660 magno
934 635 994 662 per-

211 673 319 707 suasit;
337 674 436 708 quique
459 674 603 709 septimam
626 674 772 701 editionem
794 681 843 701 uec
860 674 885 700 in
903 673 994 701 flexa-

207 719 270 754 plis,
285 727 334 747 nec
353 720 378 747 in
406 720 525 753 Octaplir
556 728 673 755 unquam
701 719 785 747 fuisse
804 720 969 747 asseveravit
985 729 993 753 ;

209 767 377 793 contrarium
395 767 508 794 disertis
522 767 614 794 verbis
626 766 782 794 aifirmaute
803 766 919 794 Eusebio
946 766 991 794 lib.

207 819 234 838 vr
248 811 330 844 ΙΙίει..
348 820 408 846 cap.
425 812 468 839 16.

244 857 297 885 νιι.
331 858 412 885 Aliud
442 864 571 893 praeterea
611 859 755 894 diligentia:
779 857 904 893 Origeuis
935 866 992 885 rno-

205 910 364 930 numentum
398 903 519 939 llempla
554 904 744 938 prmfcrebant.
770 904 917 932 Notaverat
947 903 992 931 ille

206 950 294 978 Senes
311 949 487 985 Septuaginta
506 958 585 978 voces
609 951 732 985 aliquas,
746 959 806 986 mue
821 951 847 978 in
878 951 992 978 llcbrteo

204 996 383 1028 haberentur.
396 997 598 1032 interpretando
614 997 776 1032 neglexisse.
790 997 930 1024 nonnullas
943 1005 992 1024 au-

203 1047 258 1069 tem
279 1043 311 1070 de
327 1051 377 1070 suo
391 1043 549 1075 inseruisse.
577 1044 705 1078 variaque
728 1044 848 1078 ipsorum
870 1043 990 1070 circum—

203 1089 274 1116 ferri
293 1089 458 1124 exemplaria
473 1089 542 1116 inter
557 1097 586 1117 se
597 1090 718 1122 diversa,
743 1094 771 1116 et
796 1088 854 1116 sive
864 1096 897 1116 cx
914 1089 990 1123 supi-

203 1135 289 1162 nitatc
318 1135 507 1167 librariorum.
537 1136 595 1164 sive
610 1143 642 1163 ex
661 1135 817 1164 criticorum
837 1136 989 1163 temeritate

204 1181 322 1209 vitiata:
351 1182 413 1209 hinc
438 1182 582 1210 calumniae
612 1191 705 1210 ansam
732 1183 854 1217 arripere
867 1182 988 1214 Judteos,

203 1225 334 1260 ejusmodi
347 1227 597 1260 interpretationem
612 1227 637 1254 in
655 1227 874 1254 Christianorum
899 1226 988 1254 eccle-

200 1272 252 1299 siis
265 1271 372 1306 prmlegi
389 1271 476 1299 solere
489 1277 644 1305 causantes,
656 1280 717 1307 qua:
728 1272 868 1300 llehraicte
882 1272 988 1299 veritati

206 1319 232 1345 in
247 1318 373 1345 omnibus
384 1326 437 1345 non
452 1319 630 1346 consentiret.
643 1319 829 1346 Consttlanlur
845 1319 930 1354 ipsius
947 1325 988 1347 to-

199 1371 262 1391 mus
273 1364 300 1390 in
317 1363 473 1391 Matt/neum
488 1365 611 1392 decimus
627 1365 749 1399 quintus.
767 1370 794 1392 et
815 1365 936 1399 Epistula
952 1366 988 1393 ad

199 1410 367 1444 Africanum,
384 1410 428 1436 ubi
443 1410 476 1436 de
486 1410 680 1445 exemplarium
687 1410 742 1437 τῶν
760 1410 787 1437 0’
801 1411 985 1446 corruptione.

199 1461 229 1482 et
242 1454 396 1482 .Iudzeorum
414 1455 558 1483 calumniis
572 1456 690 1483 disserit.
704 1455 752 1484 llis
767 1457 945 1484 incommodis
958 1462 987 1484 ut

197 1505 377 1534 occurreret,
406 1502 659 1536 interpretationem
683 1502 859 1539 Septuaginta
884 1503 986 1531 Senum

199 1545 355 1573 emendavit
372 1554 404 1573 ex
418 1547 582 1581 optimorum
599 1547 794 1582 exemplarium
811 1548 864 1576 fide
876 1570 883 1582 ,
904 1553 986 1584 atque
1001 1539 1022 1568 C

199 1591 258 1624 ejus
270 1591 418 1625 pnesertim
435 1592 506 1626 quod
531 1593 557 1618 in
573 1592 693 1627 Serapeo
704 1593 884 1625 servabatur,
899 1594 984 1628 quod-

197 1645 252 1672 que
264 1638 348 1671 ipsum
368 1636 423 1664 τῶν
440 1636 467 1664 0’
484 1638 658 1673 αὐτόγραφον
678 1638 762 1665 fuisse
779 1637 916 1666 affirmant
936 1647 984 1666 ve-

200 1689 273 1711 teres
291 1685 425 1712 nonnulli.
441 1685 594 1712 Asteriseos
610 1690 754 1720 przetcrea,
772 1686 815 1713 ubi
830 1686 894 1720 quid
906 1687 983 1714 dees-

199 1736 250 1762 set,
264 1739 324 1758 cum
341 1731 531 1765 praetermissis
556 1732 668 1758 vocibus
682 1731 814 1764 inseruit;
833 1739 892 1767 qua;
920 1740 985 1759 vero

199 1776 237 1804 illi
251 1782 349 1812 praeter
364 1777 558 1804 llcbraicorum
573 1776 652 1804 fidetn
673 1777 837 1811 adjecisseut
851 1798 859 1810 ,
875 1777 985 1812 prreﬁxo

197 1823 277 1852 obelo
288 1824 422 1859 signavit;
442 1833 451 1850 ι
474 1823 538 1857 Quae
558 1825 646 1860 signa,
663 1833 673 1850 ι
690 1824 780 1859 inquit
805 1824 985 1860 Hieronymus

1008 844 1028 872 li

234 1902 290 1938 [98)
308 1902 360 1930 Sed
375 1903 439 1929 mihi
457 1902 624 1929 verisimilior
636 1903 740 1929 videtur
753 1901 833 1930 Matii
845 1903 983 1931 sententia.

199 1938 257 1965 Non
275 1939 309 1965 ita
325 1939 429 1965 videtur
442 1938 472 1964 Ι).
492 1938 630 1965 Bernardo
646 1938 679 1965 de
696 1938 877 1968 Montfaucon,
898 1938 942 1972 qui
958 1938 983 1964 in

197 1973 428 2000 Preeliminaribus
442 1974 468 2000 in
483 1972 603 2006 "exopta
614 1972 738 2007 Origeuis
754 1981 812 2007 cap.
824 1973 852 2005 4,
868 1981 941 2000 ιιιιιη.
956 1974 982 2005 4,

195 2009 238 2036 sic
253 2017 328 2035 suam
346 2009 506 2035 sententiam
528 2007 635 2042 aperit:
655 2017 664 2034 ι
695 2008 837 2040 Existimo,
852 2009 982 2041 quemad-

198 2043 306 2070 modum
324 2044 469 2071 asteriscus
491 2043 523 2070 ad
544 2043 655 2074 omissa,
683 2051 742 2077 quae
768 2044 956 2071 inserebantur
971 2063 979 2074 ,

198 2079 361 2110 adnotanda.
374 2084 400 2105 et
415 2079 507 2105 obclus
521 2079 554 2105 ad
572 2086 612 2107 ea.
635 2086 696 2112 qua:
726 2079 922 2109 redundabant,
935 2078 979 2109 ju-

196 2114 323 2148 gulauda,
337 2118 365 2140 ut
384 2114 422 2140 ait
439 2113 628 2148 Hieronymus,
644 2113 757 2148 appositi
780 2119 842 2140 sttut
854 2122 862 2144 ς
876 2113 912 2148 ita
927 2113 979 2140 Le-

198 2147 330 2176 inuiscum
353 2149 501 2176 adhibitum
525 2147 619 2179 fuisse.
635 2147 685 2175 ubi
703 2148 877 2183 Septuaginta
895 2147 981 2174 luter-

197 2189 287 2218 pretes
299 2184 438 2211 lectionem
457 2183 566 2218 quidem
581 2183 741 2210 chraicam
767 2183 956 2218 exprimebant
971 2203 978 2215 .

198 2219 244 2245 scd
262 2226 313 2245 non
330 2219 367 2246 ita
385 2223 511 2246 accurate
544 2223 624 2253 atque
654 2218 800 2246 distincte:
819 2226 878 2252 qua:
898 2225 978 2245 causa
999 2224 1020 2251 Ῑ)

197 2259 258 2281 erat
273 2259 301 2280 ut
313 2254 358 2280 illa
374 2254 400 2280 in
417 2258 489 2280 textu
507 2253 609 2286 relicta,
626 2253 710 2281 altera
727 2261 786 2288 quze
803 2253 897 2280 melior
910 2254 983 2281 vide-

198 2288 289 2320 batur.
303 2297 340 2324 ex
357 2289 417 2315 aliis
429 2288 623 2324 interpretibus
640 2289 814 2324 petitathuic
836 2288 983 2324 subjunge—

198 2329 283 2350 retur.
303 2323 395 2358 Neque
406 2323 479 2350 enim
495 2324 641 2358 putamlum
663 2329 716 2355 est.
735 2323 879 2358 Origenem
896 2323 982 2350 virum

196 2359 341 2386 admodum
362 2364 528 2394 acctriratum,
543 2359 589 2393 qui
617 2364 670 2386 tam
696 2359 836 2394 diligenter
849 2358 889 2386 vel
905 2358 983 2386 levis-

196 2394 262 2428 sima
275 2401 334 2428 quae
346 2393 515 2420 addebantur
525 2394 667 2424 asterisco.
676 2399 703 2421 et
714 2402 772 2428 qum
781 2394 910 2421 demenda
925 2398 983 2420 erat

195 2428 531 2466 obolo_uot:ibat,_tntllarn_
544 2430 705 2466 apposuisse
718 2435 818 2466 notam
828 2429 862 2456 iis
875 2430 900 2455 iu
917 2429 983 2456 locis

194 2472 262 2491 sane
278 2463 476 2497 frequentibus,
489 2464 533 2490 ubi
549 2465 643 2491 relicta
660 2464 742 2499 priori
759 2465 874 2492 lectione
886 2472 982 2491 novam

197 2504 285 2526 tamen
301 2499 416 2526 addebat
435 2506 467 2525 ex
482 2498 572 2532 aliquo
586 2498 763 2534 interpretum
781 2500 979 2534 desumptanm

197 2535 296 2561 Deinde
309 2553 317 2564 ,
349 2534 430 2561 allato
454 2535 569 2567 quodam
586 2536 709 2568 exemplo
736 2535 805 2561 unde
820 2535 982 2562 sententiam

195 2577 272 2596 suam
290 2569 442 2601 confirmat,
453 2570 492 2596 sic
507 2570 813 2603 prosequitureruditus
823 2570 864 2596 vir
878 2579 884 2596 :
903 2571 983 2597 «Cre-

196 2604 288 2640 derem
303 2605 536 2640 hypolemniscum
559 2609 621 2631 tunc
642 2606 794 2640 appositum
811 2605 902 2635 fuisse.
921 2613 982 2631 cum

196 2638 276 2666 lectio
303 2638 346 2666 illa
376 2645 467 2667 notata
481 2660 488 2671 ,
508 2638 686 2674 Septuaginta
706 2641 883 2674 lnterpretum
896 2640 981 2667 solum

196 2679 266 2710 erat.
284 2676 352 2709 quod
371 2683 423 2702 ttno
446 2676 540 2702 subtus
559 2676 655 2702 lineam
667 2675 754 2710 posito
770 2680 870 2710 puncto
882 2675 984 2701 indica-

196 2709 310 2745 batur:
338 2710 496 2737 lemniscum
533 2717 596 2745 vero
631 2709 692 2737 cuiu
721 2710 828 2738 duobus
857 2711 982 2745 punctis.

198 2744 567 2782 quaudg‘uonrseptnagiuta
584 2744 766 2780 luterpretum
792 2744 907 2778 tantum,
936 2745 983 2773 sed

197 2778 247 2804 etis
255 2785 279 2803 m
291 2778 483 2807 Theodotiouis
497 2778 570 2807 venit.
583 2789 592 2806 ι

235 2811 290 2845 (99)
308 2812 471 2850 Multumque
485 2814 606 2848 fallitur,
622 2823 681 2841 cum
706 2815 858 2842 uocabulum
884 2814 982 2850 λημνί-

199 2853 274 2878 οιος,
289 2852 341 2873 etc.
361 2857 369 2874 ι
390 2849 427 2875 De
442 2849 519 2884 hujus
532 2850 649 2878 notoinis
661 2855 764 2884 etymo,
789 2851 874 2885 inquit
899 2850 929 2876 υ.
951 2852 982 2878 de

1051 223 1203 250 not-umque
1218 217 1388 250 poematibus
1410 216 1629 248 inveniuntur,»
1648 215 1723 242 unde
1746 219 1774 242 et
1805 216 1840 242 ab

1049 260 1164 296 Origene
1180 261 1312 288 translata
1329 265 1402 290 sunt.
1418 261 1486 294 Quae
1507 261 1541 288 de
1568 259 1702 288 lemuiseo
1725 259 1842 294 subjici:

1047 305 1214 342 Epiphanius
1226 308 1272 335 lib.
1289 307 1326 334 De
1342 307 1452 342 ponder.
1464 313 1488 334 et
1503 315 1585 334 mam.
1596 328 1604 340 ,
1618 313 1680 340 cap.
1695 305 1741 338 l7,
1760 305 1842 332 valde

1051 359 1179 388 corrupta
1197 359 1224 382 et
1238 353 1348 381 confusa
1360 357 1424 380 sunt
1437 361 1444 385 ;
1458 353 1528 380 unde
1542 353 1586 379 vix
1598 352 1666 379 certi
1685 352 1841 386 quidquam

1047 400 1135 433 possis
1143 399 1301 427 extundere.
1312 398 1339 426 lil
1357 399 1408 426 sibi
1424 403 1512 425 tamen
1523 398 1630 425 videtur
1640 397 1719 429 velle.
1735 397 1838 424 lemni-

1046 452 1108 472 scos
1127 446 1286 480 ascripsisse
1307 444 1459 479 Origeuem,
1472 445 1685 478 quotiescunque
1699 443 1755 469 duo
1775 443 1838 477 plu~

1046 498 1111 518 rave
1130 491 1204 524 paria
1226 491 1399 524 interpretum
1424 490 1485 525 (hos
1511 490 1584 517 enim
1611 489 1637 516 in
1654 489 1767 524 triginta
1783 496 1834 516 sex

1046 537 1121 570 paria
1137 536 1220 563 fuisse
1242 536 1384 567 discretos.
1401 540 1428 562 ct
1442 536 1468 562 in
1483 535 1607 562 omnibus
1632 534 1688 561 fere
1711 541 1835 561 consen-

1045 580 1114 608 sisse
1133 584 1265 611 autumat.
1281 589 1342 607 cum
1359 580 1526 615 Scripturam
1540 587 1646 606 sacram
1671 579 1697 605 in
1713 578 1836 614 [Egypto

1046 626 1304 661 interpretarentur)
1320 634 1412 654 vocem
1440 626 1558 660 aliquant
1585 630 1776 660 usurpassent,
1801 625 1836 650 ab

1047 680 1077 700 ea
1092 672 1228 699 diversam
1242 672 1373 706 (ejusdem
1387 671 1448 698 licet
1463 670 1683 706 significationis)
1711 678 1765 704 qua
1794 670 1836 696 usi

1047 717 1163 744 fuissent
1179 717 1275 752 reliqui
1310 717 1473 751 interpretes
1492 716 1572 752 (quod
1595 716 1686 750 ipsum
1711 716 1769 743 fere
1788 716 1835 742 ha-

1044 763 1110 792 bent
1122 763 1270 799 Hesychius
1281 764 1307 790 in
1319 763 1449 796 psalmum
1467 771 1517 794 xu,
1532 763 1559 794 4,
1573 762 1744 790 εινῐείιιομιιε
1765 761 1830 789 Ori-

1043 810 1097 845 gin.
1116 809 1161 836 lib.
1177 817 1195 841 I.
1211 816 1270 843 cap.
1285 808 1348 843 20);
1361 808 1576 844 hypolemuiscos
1590 815 1653 835 vero
1667 808 1832 839 adnotasse,

1042 856 1064 882 si
1080 855 1187 890 quando
1202 862 1294 881 vocem
1309 854 1461 889 hujusmodi
1478 862 1527 888 par
1548 856 1659 880 unicttm
1687 854 1834 881 adhibuis-

1043 906 1094 929 set.
1109 901 1213 934 Quibus
1239 901 1412 936 signilicatur
1435 900 1579 935 Origenem
1596 900 1631 928 56
1649 901 1833 935 interpretum

1042 945 1210 980 exemplaria
1230 945 1309 972 simul
1325 945 1484 973 contulisse.
1505 945 1547 972 Ab
1562 945 1715 980 Epiphanio
1730 946 1835 972 dissen-

1043 992 1074 1019 tit
1087 992 1208 1019 Andreas
1223 990 1321 1018 Masius
1337 990 1445 1018 Praefat.
1461 991 1487 1018 in
1501 991 1590 1019 Graec.
1606 991 1672 1019 edit.
1686 991 1784 1023 Josue.
1806 996 1834 1018 et

1041 1038 1134 1065 adnot.
1159 1038 1227 1069 suis.
1246 1042 1273 1064 et
1290 1038 1365 1072 paria
1379 1037 1422 1064 illa
1442 1037 1631 1072 interpretum.
1647 1037 1723 1065 velut
1744 1037 1833 1065 aniles

1041 1084 1147 1112 fabulas
1162 1085 1274 1118 respuit,
1287 1089 1398 1119 tumque
1414 1085 1550 1118 appositos
1573 1089 1648 1119 putat
1665 1085 1830 1112 lemniscum

1040 1135 1067 1157 et
1079 1129 1323 1166 hypoleumiscum,
1335 1137 1395 1156 cum
1406 1131 1495 1158 varias
1507 1130 1613 1165 aliquas
1626 1130 1759 1158 lectiones
1771 1131 1831 1165 plu-

1041 1183 1084 1203 res
1099 1176 1274 1211 paucioresve
1285 1177 1392 1204 codices
1408 1181 1571 1205 assererem.
1590 1177 1678 1204 Alium
1694 1183 1827 1204 notarum

1040 1222 1147 1250 illarum
1167 1230 1244 1250 usum
1260 1222 1363 1257 profert
1373 1222 1491 1250 Joannes
1504 1222 1646 1250 Curterius
1662 1223 1775 1250 Prmfat.
1795 1224 1828 1250 ad

1040 1268 1156 1303 Procop.
1171 1268 1323 1296 Coutment.
1337 1269 1364 1295 in
1380 1268 1492 1301 Isaiam,
1507 1276 1557 1296 nec
1578 1269 1652 1296 aliud
1667 1269 1827 1304 significare

1039 1315 1202 1344 lemniscum
1220 1322 1296 1351 putat
1312 1325 1393 1352 quam
1415 1317 1504 1345 verbis
1519 1317 1676 1345 consentire
1690 1318 1828 1352 interpre-

1040 1367 1080 1390 tes
1097 1363 1376 1398 aliquos,discrepare
1391 1371 1473 1391 sensu
1484 1373 1491 1395 ;
1501 1363 1734 1399 hypolemniscum
1749 1371 1826 1395 vero,

1037 1415 1118 1444 quam
1133 1415 1212 1436 sensu
1230 1416 1277 1436 eos
1293 1413 1321 1436 et
1342 1409 1432 1436 verbis
1447 1409 1597 1436 dissonare.
1618 1409 1674 1444 (98)
1689 1409 1744 1437 Sed
1760 1409 1829 1437 tulbi

1039 1454 1210 1482 verisimilior
1222 1455 1327 1482 videtur
1352 1455 1428 1483 Masii
1453 1456 1596 1483 sententia.
1624 1456 1826 1483 Asteriscorum

1038 1501 1163 1533 illorum,
1175 1501 1326 1533 obelorum.
1341 1501 1532 1528 lemniscorutu
1554 1505 1582 1529 et
1605 1501 1827 1537 hypolemnisco-

1042 1555 1100 1574 rum
1116 1547 1219 1575 formas
1234 1552 1310 1576 notat
1325 1547 1502 1582 Epiphanius,
1517 1552 1545 1574 et
1567 1548 1707 1574 nominum
1721 1547 1827 1583 signifi-

1039 1594 1178 1628 cationes;
1195 1593 1249 1629 (99)
1263 1594 1431 1628 multumque
1449 1593 1566 1626 fallitur,
1579 1602 1640 1621 cum
1655 1594 1827 1626 vocabulum.

1040 1641 1187 1676 λημνίαχος
1199 1640 1303 1668 derivat
1318 1648 1332 1667 a
1349 1640 1443 1668 Graeco
1460 1640 1616 1676 λιμνάζειν
1630 1647 1691 1667 nam
1707 1640 1826 1675 Syracu-

1039 1687 1107 1714 slam
1120 1694 1180 1714 esse
1197 1694 1289 1714 vocem
1303 1691 1418 1714 constat.
1434 1686 1546 1721 Reliqua
1573 1686 1633 1713 fuse
1654 1687 1828 1722 persequitur

1040 1733 1209 1768 Epiphanius
1224 1733 1250 1759 in
1262 1733 1356 1760 eodem
1369 1732 1438 1760 libro
1452 1741 1460 1759 :
1476 1740 1526 1760 nec
1537 1733 1616 1760 docet
1630 1738 1721 1760 tatnen
1734 1737 1827 1759 utrum

1039 1787 1098 1814 qua:
1115 1779 1242 1814 Hexaplis
1260 1779 1362 1806 intexta
1378 1783 1418 1807 est
1429 1779 1616 1814 interpretatio
1640 1779 1695 1806 τῶν
1715 1778 1828 1813 O'ejus-

1039 1825 1111 1854 modi
1124 1825 1198 1854 uotis
1211 1825 1293 1853 fuerit
1306 1825 1442 1861 insignis:
1470 1825 1517 1854 sed
1534 1825 1560 1853 id
1586 1825 1760 1861 perspicuum
1784 1831 1828 1853 est

1037 1902 1210 1930 Montfaucon
1225 1902 1325 1930 ibidem
1337 1910 1390 1937 quo
1407 1909 1499 1937 supra,
1515 1902 1579 1936 quid
1591 1902 1693 1929 sentiat
1711 1903 1752 1928 vir
1761 1910 1827 1930 em-

1038 1939 1188 1965 ditissimus
1202 1937 1231 1964 Β.
1252 1938 1355 1964 Moneta
1377 1939 1483 1972 paucis.
1506 1943 1534 1964 ut
1548 1939 1581 1964 ab
1599 1945 1632 1965 eo
1649 1937 1753 1971 accepi.
1779 1945 1826 1965 ex-

1041 1980 1174 2007 promam.
1189 1973 1334 2008 Atheumus
1351 1980 1410 2007 pag.
1425 1972 1478 1999 200
1504 1972 1631 2000 editionis
1659 1972 1826 2008 Lugdunen-

1037 2008 1076 2035 sis
1097 2009 1123 2043 in
1143 2008 1247 2042 prolixo
1259 2007 1390 2035 Calliuni
1418 2008 1513 2035 Rhodii
1531 2008 1601 2039 loco,
1634 2007 1728 2034 vocein
1743 2007 1826 2043 λημί-

1036 2042 1206 2075 σκοιςιιιώοι,
1216 2051 1276 2078 quae
1286 2043 1311 2069 in
1320 2043 1440 2078 margine
1450 2043 1488 2069 sic
1499 2045 1668 2073 emendatur.
1680 2042 1824 2075 λινίσκόις,

1034 2084 1117 2112 atque
1133 2079 1169 2105 ita
1200 2078 1264 2139 lelgit
1294 2078 1449 2105 Eustathius
1476 2078 1502 2105 in
1533 2086 1640 2105 versum
1655 2078 1709 2105 570
1726 2079 1824 2106 decimi

1034 2114 1122 2139 octavi
1142 2113 1200 2139 libri
1234 2113 1330 2139 findor.
1342 2113 1385 2139 ubi
1407 2113 1478 2139 hunc
1491 2113 1578 2139 insutu
1590 2114 1624 2139 ab
1637 2113 1772 2139 Athenaeo
1787 2114 1824 2139 al-

1033 2114 1122 2140 octavi
1142 2113 1200 2140 libri
1217 2113 1330 2145 Iliados,
1342 2113 1385 2140 ubi
1407 2113 1478 2140 ltuuc
1491 2113 1578 2148 ipsutn
1590 2114 1624 2140 ab
1637 2113 1772 2141 Athenaeo
1787 2114 1826 2141 al-

1035 2148 1117 2175 latum
1145 2148 1232 2175 locant
1260 2148 1354 2176 refert.
1379 2148 1486 2175 lsaacus
1504 2156 1568 2176 vero
1589 2148 1772 2176 Casauhouus
1797 2150 1822 2176 in

1034 2183 1109 2210 Natis
1133 2188 1179 2210 aut
1195 2183 1367 2218 λεμνὶσκοις,
1383 2188 1430 2210 aut
1451 2182 1582 2215 λινίσκοις
1600 2184 1743 2245 legendum
1764 2192 1825 2211 esse

1037 2219 1110 2245 dicit.
1124 2219 1170 2245 sed
1183 2225 1307 2245 neutram
1320 2219 1398 2245 alteri
1411 2218 1553 2245 lectionem
1571 2226 1625 2245 orae
1638 2226 1701 2245 erre
1727 2219 1820 2245 audet.

1037 2219 1110 2251 dicit,
1124 2219 1170 2245 sed
1183 2225 1307 2245 neutram
1320 2219 1398 2245 alteri
1411 2218 1553 2245 lectionem
1571 2218 1701 2253 praeferre
1727 2219 1820 2247 audet.

1034 2253 1143 2280 Certum
1158 2259 1199 2280 est
1215 2259 1315 2285 autem.
1337 2261 1429 2281 vocem
1446 2253 1607 2289 λημνίσκος,
1627 2261 1687 2315 (pta:
1697 2256 1824 2288 primitus

1034 2295 1175 2315 anzustam
1193 2288 1305 2315 fasciam
1329 2289 1510 2315 sitruiflcabat.
1520 2297 1552 2315 ex
1565 2296 1630 2315 voce
1652 2289 1729 2315 ᾖνος.
1748 2290 1822 2315 lauu.

1034 2295 1175 2322 angustam
1193 2288 1305 2316 fasciam
1329 2288 1510 2324 significabat,
1520 2297 1552 2316 ex
1565 2288 1729 2324 νυοελῆνος,
1748 2290 1822 2322 lana,

1035 2324 1184 2350 derivatum
1195 2331 1267 2357 esse,
1285 2324 1347 2358 quia
1369 2324 1402 2351 ab
1416 2324 1474 2359 ipsa
1489 2325 1592 2358 origine
1619 2324 1714 2351 fascize
1730 2326 1824 2359 hujus-

1035 2359 1105 2395 niodi
1121 2359 1204 2386 lanea:
1221 2365 1309 2386 erant.
1329 2359 1397 2395 Hinc
1410 2366 1474 2386 vero
1493 2359 1658 2395 Syracusani
1688 2361 1822 2393 singulari

1034 2393 1206 2425 formatione.
1223 2395 1282 2421 loco
1295 2394 1343 2421 τοῦ
1355 2394 1485 2430 ληνίσκος
1501 2393 1604 2421 inserto
1625 2403 1654 2430 μ,
1671 2395 1824 2430 λημνίσκσς

1034 2430 1156 2466 fecerunt
1173 2437 1180 2456 :
1198 2437 1259 2464 qua:
1273 2437 1354 2466 causa
1376 2430 1426 2466 fuit
1450 2435 1478 2466 ut
1495 2430 1553 2466 haec
1569 2438 1619 2457 vox
1638 2438 1686 2464 pro
1704 2433 1823 2466 διηρε-

1034 2471 1099 2500 sana
1115 2464 1270 2493 haberetur.
1284 2464 1445 2500 Hesychius,
1461 2465 1629 2500 λημνίσκους
1651 2466 1702 2497 τὰς
1725 2464 1822 2497 atavi;

1034 2499 1213 2535 Συρακούσιοι
1227 2499 1345 2532 tati/fac;
1361 2499 1533 2535 subintelltge
1545 2500 1667 2534 λέγουσι.
1689 2501 1760 2528 Hinc
1789 2503 1822 2527 ad

1034 2535 1086 2561 alia
1103 2535 1278 2569 significanda
1295 2540 1423 2570 usurpata
1441 2543 1492 2562 vox
1510 2537 1580 2569 fuit;
1600 2544 1696 2571 nempe
1714 2544 1764 2571 pro
1781 2536 1821 2562 fa-

1034 2570 1108 2602 sciis,
1124 2571 1222 2604 quibus
1239 2578 1348 2598 corona:
1361 2570 1722 2605 circumplicabantur{pro
1737 2572 1822 2598 linea-

1035 2611 1125 2632 meuto
1140 2606 1285 2642 convoluto
1296 2606 1452 2642 vulneribus
1469 2607 1632 2642 inserendo;
1659 2608 1821 2642 demnmque

1034 2647 1083 2674 pro
1096 2645 1157 2667 uota
1169 2641 1310 2673 librorum,
1328 2642 1360 2668 de
1375 2648 1428 2675 qua
1443 2641 1559 2668 Isidorus
1572 2650 1579 2668 :
1596 2640 1749 2668 Liumiuus
1761 2662 1768 2672 .
1779 2640 1786 2642 ⁷
1796 2642 1820 2667 id

1033 2680 1081 2707 est,
1095 2676 1196 2710 virgula
1208 2676 1277 2702 iulrr
1286 2676 1409 2711 geminos_
1423 2682 1532 2709 puncto:
1542 2676 1636 2711 jncens
1650 2697 1657 2708 ,
1678 2678 1821 2710 apponitur

1033 2710 1061 2736 iu
1075 2711 1108 2737 iis
1124 2709 1197 2743 locis,
1214 2719 1272 2745 qum
1282 2709 1366 2737 sacris
1391 2709 1549 2744 Scriptura!
1560 2709 1714 2745 interpretes
1733 2712 1819 2738 eodem

1033 2753 1120 2775 sensu.
1138 2746 1183 2772 sed
1209 2746 1321 2773 diuersis
1337 2745 1502 2773 sermonibus
1532 2746 1740 2773 transtulerunt.
1767 2747 1819 2773 "ac

1036 2781 1132 2814 triplici
1149 2781 1347 2814 significatione
1362 2788 1411 2807 vox
1425 2780 1574 2816 λημνίσκος
1591 2787 1723 2814 usurpata
1751 2781 1799 2808 fuit
1810 2800 1818 2813 .

1014 2842 1015 2845 η
1034 2823 1130 2849 nempe
1144 2818 1176 2841 ad
1197 2823 1241 2842 res
1252 2816 1445 2851 signiticandas
1461 2817 1582 2851 angustis
1599 2816 1693 2843 fasciis
1707 2817 1817 2847 similes.

1035 2857 1102 2885 quas
1120 2851 1280 2886 Syracusani
1296 2850 1459 2886 λεμνίσκους
1473 2850 1614 2879 vocabant.
1629 2851 1693 2879 lude
1712 2857 1819 2879 vocatus
