1908 3071
58 105 158 143 ’1245

510 115 793 145 ORIGENIANORUM
814 118 877 146 LIB.
899 119 943 153 ill,
963 121 1040 148 CAP.
1061 121 1094 152 ll,
1113 121 1211 148 SECT.
1232 121 1277 150 IV.

1640 124 1708 151 12115

67 178 116 197 ex
133 170 261 198 Romanis
277 170 393 198 Scholiis
407 171 459 198 τῶν
482 171 509 198 0'
529 173 555 199 in
581 172 589 198 l
606 173 672 208 Reg.
686 182 741 206 xiv,
753 175 781 207 4,
799 175 866 209 μᾶλ-

916 178 1031 212 γράφοις
1043 178 1092 213 τῆς
1103 178 1222 210 Παλαιᾶς
1233 178 1369 213 Διαῦήκης
1382 178 1534 213 διαφανίαν,
1543 179 1610 206 Θεοῦ
1626 180 1708 207 διδόν-

67 217 131 244 λον
144 217 230 244 ταῦτα
242 218 271 243 ὲν
279 217 318 252 τῷ
339 217 462 253 Ἐξαπλῷ
477 218 644 254 ὴστέρισται,
656 219 694 252 ὡς
719 221 751 247 ὲκ
775 221 867 247 Θεοδο-

68 265 183 297 τξωνος
202 265 396 301 προστεθέντα.
410 275 419 291 ι
435 265 490 293 lmo
503 267 561 294 haec
577 267 601 293 in
611 267 866 300 Hexaploasterisco

70 316 178 338 notata
193 316 266 343 sunt,
297 315 389 346 utpote
415 319 474 346 qua:
498 319 531 339 ex
553 312 737 341 Theodotione
761 314 865 349 adjecta

70 356 161 384 sint:
184 366 194 383 ›
210 361 236 383 et
250 364 283 385 ex
305 357 363 384 istis
383 357 551 393 Hieronymi,
564 367 624 394 quae
641 360 737 394 repetit
751 360 865 388 Ruﬁnus

71 401 185 430 luem.
201 411 220 430 ιι
238 412 245 430 :
262 412 271 429 ι
295 402 347 430 Sed
370 409 396 430 et
410 403 539 439 Origenes
566 405 709 432 asteriscos
729 405 802 438 fecit,
832 414 865 434 ex

72 449 262 476 translatione
279 449 471 478 Theodotionis
500 458 650 484 assumens,
674 457 702 479 ut
722 460 866 488 compone-

71 499 129 521 ret
142 495 278 523 volumina
291 503 350 530 quae
362 496 531 531 appellantur
543 497 676 532 Hexapla.
694 508 704 525 ›
718 499 787 525 Tum
803 500 867 527 sub.

68 538 194 575 jungit:
215 549 225 566 ι
240 541 307 574 Quia
322 541 489 577 frequenter,
506 543 528 571 si
547 544 692 578 disputatio
702 545 844 573 accidisset
855 566 864 578 .

70 586 126 613 vel
138 587 278 614 immutata
296 595 355 615 esse
367 588 514 623 aliquanta,
530 590 570 617 vel
587 590 691 622 deesse,
718 592 761 618 vel
784 592 866 618 abun-

72 633 150 660 dare
166 633 192 660 in
206 633 306 661 nostris
320 634 468 669 Scripturis
482 636 694 669 mentiebantur,
709 637 791 664 voluit
804 637 865 664 Ori—

71 686 167 713 genes
185 680 284 706 nostris
306 681 460 713 ostendere,
475 681 563 715 qualis
578 682 647 716 apud
668 682 775 710 Iudaeos
795 683 865 711 Seri-

71 728 224 758 ptnrarum
240 725 319 752 lectio
332 730 482 758 teneretur,
497 731 523 754 et
535 727 560 753 in
575 728 690 762 propriis
706 729 809 763 paginis
823 729 864 755 vel

71 770 235 797 columellis
251 771 384 799 editiones
407 779 501 800 eorum
527 773 648 808 singulas
673 781 795 808 quasque
816 775 849 801 de

71 816 208 850 scripsit;
224 821 251 844 et
267 824 297 844 ea
314 824 374 851 qua»
389 819 458 852 apud
475 818 535 846 illos
554 823 617 846 sunt
636 819 725 846 addita
752 819 793 846 vel
815 820 863 847 de-

71 867 188 896 cerpta,
202 863 285 891 certis
300 864 453 898 quibusque
467 865 553 899 signis
567 865 666 893 additis
685 866 717 893 ad
743 866 863 894 versicu-

70 907 169 936 lorum
189 910 275 944 capita
289 910 439 945 designavit
449 919 456 943 ;
466 915 493 937 et
505 911 530 937 in
541 911 640 943 alieno,
656 919 707 938 non
721 919 769 939 suo
782 919 863 946 opere

70 962 145 981 snas
161 956 347 984 tantummodo
363 961 441 984 notas
456 957 531 989 ﬁxit;
546 962 574 983 ut
588 956 719 984 sciremus
734 964 785 984 non
798 958 862 991 quid

71 1001 180 1034 nobis,
211 1002 257 1029 sed
287 1003 354 1036 quid
382 1002 481 1030 ludatis
510 1003 653 1030 adversum
679 1011 727 1030 nos
751 1008 859 1030 certan-

72 1046 155 1074 tibus
170 1052 215 1073 aut
228 1048 322 1075 deesse
337 1053 381 1075 aut
394 1049 531 1076 abundare
546 1049 695 1076 videretur:
709 1053 749 1075 vel
763 1049 858 1076 iterum

69 1100 108 1120 ex
119 1093 180 1120 istis
190 1093 342 1129 Hieronymi
352 1095 377 1121 in
386 1095 491 1121 Przefat.
503 1094 618 1129 Paralip.
627 1095 660 1121 ad
670 1094 861 1122 Chromatium:

73 1147 85 1163 ι
110 1138 146 1166 Et
162 1145 234 1166 certe
247 1139 379 1175 Origenes
391 1148 443 1168 non
456 1140 541 1168 solum
566 1140 687 1173 Hexapla
711 1140 862 1174 composuit

69 1187 196 1216 quatuor
210 1185 368 1217 editionum,
391 1193 406 1212 e
426 1186 535 1220 regione
547 1186 649 1219 singula
664 1185 743 1212 verba
758 1184 861 1211 descri-

71 1228 155 1261 bens,
167 1234 195 1256 ut
206 1237 275 1257 unus
284 1231 447 1258 dissentiens
461 1231 553 1258 statim
565 1231 672 1258 cmteris
683 1230 754 1257 inter
764 1237 792 1257 se
801 1237 862 1256 etm-

70 1274 259 1303 sentientibus
275 1281 404 1310 arguatur
420 1286 427 1303 :
456 1276 503 1303 sed
528 1277 598 1311 quod
617 1276 726 1310 majoris
744 1275 861 1302 audacia:

70 1324 131 1352 est,
146 1320 172 1346 in
189 1320 307 1348 editione
322 1320 496 1356 Septuaginta
513 1321 702 1349 Theodolionis
716 1321 860 1348 editionem

72 1363 198 1397 miscuit,
216 1365 355 1393 asteriscis
368 1366 512 1400 designans
532 1373 590 1400 qua:
605 1367 693 1393 minus
707 1367 821 1397 fuerant,
835 1370 862 1392 et

69 1409 190 1443 virgulis
202 1418 262 1445 quze
272 1419 303 1438 ex
317 1411 451 1446 superﬂuo
462 1412 620 1439 videbantur
633 1411 763 1446 apposita.
780 1420 789 1437 ι
808 1410 860 1437 Sed

71 1454 222 1490 Origeuem
239 1457 325 1492 ipsum
347 1458 439 1485 audire
454 1465 543 1492 operte
556 1458 670 1492 pretium
685 1462 725 1484 est
744 1464 751 1482 :
764 1456 802 1483 sic
817 1455 862 1482 ille

72 1508 146 1531 ιοιιι.
162 1512 194 1530 xv
210 1505 236 1531 in
248 1503 356 1538 Matt/1.,
374 1512 448 1531 num.
466 1504 506 1535 14,
519 1512 579 1539 pag.
595 1503 643 1530 671
661 1513 667 1530 ;
688 1503 754 1530 Νυνὶ
769 1502 797 1529 δὲ
815 1502 862 1548 δη-
876 1518 898 1548 C

71 1550 164 1576 λονότι
176 1549 259 1585 πολλὴ
273 1549 382 1584 γέγονεν
393 1551 409 1585 ἡ
423 1549 476 1576 τῶν
487 1549 657 1585 ἀντιγράφων
666 1548 789 1585 διαφορὰ,
806 1547 860 1574 εἴτε

72 1596 132 1624 ὁ.πό
150 1597 284 1632 ῥᾳθυμίας
297 1596 376 1623 τινῶν
387 1597 524 1632 γραφέων,
541 1597 595 1623 εἴτε
604 1597 657 1624 ἀπὸ
666 1596 767 1631 τόλμης
781 1595 860 1622 τινῶν

74 1643 219 1679 μοχθηρᾶς
232 1644 281 1678 τῆς
298 1643 464 1679 διορθώσεως
481 1644 534 1670 τῶν
548 1642 735 1684 γραφομένων,
749 1634 803 1668 εἴτε
815 1640 862 1667 καὶ

73 1689 133 1717 ἀπὸ
142 1689 194 1716 τῶν
202 1689 236 1717 τὰ
249 1690 353 1721 ἑαυτοῖς
373 1690 501 1716 δοκοῦντα
516 1690 544 1716 ἐν
555 1691 588 1725 τῇ
601 1688 740 1725 διορθώσει
752 1695 862 1722 προστι-

73 1736 178 1763 θέντων
199 1736 215 1771 ἢ
239 1735 440 1771 ἀφαιρούντων
466 1736 515 1772 τὴν
534 1736 583 1771 μὲν
600 1733 644 1762 οὖν
660 1735 687 1761 ὲν
708 1734 764 1765 τοῖς
788 1733 862 1759 ἀντι-

116 1794 137 1809 ⁰²
153 1793 247 1828 Epiph.
261 1793 307 1821 lib.
325 1793 361 1820 De
375 1794 469 1829 pand.,
484 1801 543 1829 cap.
558 1793 587 1820 2.
609 1806 614 1810 -

74 1842 234 1873 lemniscus,
254 1842 310 1868 sive
326 1842 394 1869 linea
420 1842 491 1869 vitta:
514 1849 589 1869 more
612 1842 713 1875 depicta
725 1848 784 1868 cum
800 1840 864 1866 duo~

75 1878 129 1904 lius
144 1877 258 1910 punctis.
275 1877 358 1904 altero
384 1884 509 1911 superne,
536 1877 621 1904 altero
642 1876 744 1904 inferne
771 1875 866 1910 positis

75 1913 163 1940 δῖε-ι-
181 1911 395 1946 hypolemniscus
417 1920 480 1939 vero
495 1916 558 1939 tunc
585 1917 696 1939 vocatur
718 1919 778 1938 cum
813 1917 866 1937 uno

75 1947 166 1974 solum
198 1952 296 1980 puncto
330 1947 398 1974 linea
422 1947 543 1982 signatur
561 1947 600 1974 sic
617 1954 648 1974 +
662 1946 800 1982 obelorum
818 1952 867 1982 au-

76 1987 134 2023 t_em
151 1986 177 2022 et
194 1982 385 2023 asteriscorum
400 1980 457 2009 hare
470 1987 515 2018 est
532 1982 635 2023 ﬁgura;
651 1981 787 2023 obelornrn
807 1980 867 2023 qui-

76 2017 140 2044 dem
153 2017 192 2044 sic
207 2023 236 2044 +
253 2017 443 2044 asteriscornm
460 2024 524 2044 vero
536 2017 574 2044 sic
588 2018 620 2051 χ(
634 2024 693 2051 qua!
717 2020 777 2051 post
796 2020 867 2041 aste-

76 2053 179 2087 riscum
207 2052 393 2086 ponebantur,
419 2052 508 2087 inquit
530 2060 588 2087 cap.
615 2053 643 2083 4,
658 2051 775 2087 nun-.3),
794 2051 864 2077 idem

77 2087 112 2114 D.
128 2086 280 2114 Bernartius
292 2087 324 2114 de
340 2085 508 2114 Montl'aucon
521 2107 529 2119 ,
554 2085 587 2114 ex
603 2088 720 2115 editione
742 2085 865 2112 Theodo-

79 2122 161 2156 Iionjs
177 2127 206 2148 ut
221 2121 365 2156 plurimum
381 2128 508 2156 excerpta
524 2127 613 2153 erant,
635 2129 686 2149 non
707 2120 864 2156 infrequen-

79 2162 122 2184 ler
134 2153 166 2183 ὲκ
181 2153 294 2191 Aquila;
323 2153 471 2188 interdum.-
489 2158 536 2184 sed
562 2157 659 2189 rarius,
677 2163 709 2183 ex
739 2153 864 2191 Symma-

78 2190 149 2221 cho;
164 2189 353 2225 nonnunquam
371 2200 404 2218 ex
430 2191 532 2218 duobus
547 2192 586 2218 vel
615 2200 647 2219 ex
664 2191 749 2218 tribus
761 2189 864 2216 ’simnl.
882 2189 903 2217 D

78 2227 202 2261 Exempli
230 2224 310 2253 causa
330 2226 413 2257 :Job.
433 2234 520 2257 xxxn.
545 2227 592 2261 52.
615 2226 692 2261 3(8.
718 2226 765 2252 καὶ
787 2224 867 2260 μέχρι

78 2261 157 2297 ὑμῶν
169 2260 174 2261 ⁷
187 2262 375 2298 συνήσωῂκαὶ
399 2261 455 2298 ίδοὺν
471 2262 521 2288 οὐκ
542 2260 575 2298 ἦν
587 2261 719 2298 ντᾷξγᾚρὸᾼ
739 2260 865 2298 ἐλέγχων,

79 2295 195 2339 ἀντανχ
213 2295 405 2339 ποκρινόμενος
427 2295 645 2339 {signiﬁed-cor";
667 2295 701 2339 ἐς
710 2296 802 2339 ρμμῶνο
824 2295 866 2339 ἵνα

80 2332 119 2367 μὴ
137 2332 244 2367 εἴπητε,
254 2331 378 2368 εὕρωμεν
387 2331 532 2368 σοφίαντοῦ
539 2331 607 2368 Θεοῦ
618 2331 804 2368 τεροσθεμενοι·
821 2331 864 2368 ubi

81 2365 294 2399 animadvertas;
321 2365 381 2394 cum
397 2367 496 2401 aliquid
514 2367 555 2393 vel
573 2374 604 2393 ex
625 2365 809 2393 Theodotione
825 2365 866 2392 vel

80 2409 112 2428 ex
131 2402 191 2429 aliis
202 2402 404 2435 adjiceretur.si
421 2400 484 2429 idin
501 2401 587 2433 initio,
600 2401 657 2428 sive
671 2401 697 2427 in
715 2401 811 2432 medio,
829 2400 865 2426 si-

81 2445 115 2464 ve
126 2437 156 2463 in
173 2437 226 2463 line
250 2437 440 2471 lim-aejacrret
462 2437 598 2471 pra-misso
613 2443 719 2470 semper
735 2436 865 2471 asterisco

83 2471 203 2499 additum
215 2472 308 2504 fuisse,
325 2470 454 2507 appositis
462 2470 524 2506 post
538 2472 750 2507 additamentum
762 2470 865 2507 duobus

82 2507 199 2541 punctis.
214 2506 242 2534 Si
260 2515 322 2534 vero
336 2506 546 2535 additamentum
573 2506 636 2533 illud
663 2506 696 2532 ad
717 2506 807 2539 plures
832 2506 864 2532 li-

82 2549 150 2569 neas
164 2542 364 2575 extraheretur,
379 2543 455 2570 initio
470 2542 613 2575 cujuslibet
624 2541 700 2567 lineae
715 2541 863 2567 asteriscns

83 2577 278 2612 appingebatur
304 2578 391 2605 donec
419 2582 504 2605 totum
531 2577 678 2607 desineret,
697 2575 786 2608 ibique
811 2575 863 2602 duo

84 2617 182 2646 puncta
195 2612 328 2638 crassiora
348 2613 380 2639 de
394 2620 467 2639 more
482 2611 662 2646 pingebautur
679 2618 685 2636 :
702 2617 761 2644 quae
773 2615 861 2646 tamen

83 2645 242 2681 plerumque
259 2647 428 2682 negliguntur
448 2645 689 2682 inmanuscriplis.
714 2645 861 2682 presertirn

84 2680 193 2714 quando
220 2680 402 2708 additamenta
421 2681 571 2714 hujusmodi
602 2680 764 2714 longiuscula
789 2686 861 2706 sunt.

84 2716 113 2743 in
127 2716 320 2743 vetustissimis
337 2717 476 2743 codicibus
492 2716 666 2746 Coisliniano.
676 2715 862 2742 Claromontm

86 2759 132 2783 nu,
157 2751 215 2778 sive
247 2750 303 2777 liR.
335 2751 384 2778 PP.
409 2750 572 2777 Jesuitarum
602 2751 711 2784 Collegii
734 2748 861 2777 Ludovici

85 2786 171 2821 Magni
184 2790 209 2813 et
222 2785 291 2817 aliis,
305 2791 365 2820 post
380 2785 522 2812 asteriscos
537 2786 833 2821 nominainterpretum
845 2792 859 2810 a

86 2820 180 2856 primis
204 2821 299 2848 litteria
322 2821 519 2852 describuntur,
536 2820 571 2848 ita
597 2825 626 2848 ut
646 2820 861 2855 frequentissime

917 231 972 254 τος,
990 223 1106 258 εὕρομεν
1136 223 1272 255 ἰάσασθαι,
1300 223 1433 258 κριτηρίῳ
1457 224 1623 258 χρησάμενοι
1647 226 1708 257 ταῖς

917 267 1021 300 λοιπαῖς
1042 268 1194 295 ἐκδόσεσιν·
1214 268 1266 294 τῶν
1290 268 1345 304 γὰρ
1364 268 1605 304 ἀμφιὸαλλομένων
1632 269 1709 304 παρὰ

916 315 972 345 τοῖς
993 314 1192 349 Ἐὁδομήκοντα
1215 313 1259 340 διὰ
1274 314 1323 349 τὴν
1343 314 1397 341 τῶν
1418 314 1591 350 ἀντιγράφων
1607 315 1708 349 διαφω-

916 359 985 391 νίαν,
1002 358 1051 394 τὴν
1069 359 1158 394 κρίσιν
1173 359 1349 394 ποιησάμενοι
1368 359 1422 386 ἀπὸ
1443 360 1498 386 τῶν
1514 360 1616 386 λοιπῶν
1632 361 1706 387 ἐκδό-

917 413 994 435 σεων,
1009 404 1039 430 τὸ
1053 404 1163 440 συνᾷδον
1185 404 1303 435 ἐκείναις
1315 404 1487 440 ὲφυλάξαμεν
1497 425 1504 436 ,
1522 405 1568 431 καὶ
1583 405 1644 431 τινὰ
1657 405 1706 440 μὲν

916 450 1082 484 ὠῦελίσαμεν
1097 451 1125 476 ὲν
1139 450 1177 485 τῷ
1195 450 1330 486 Ἑϐραῑκῴ
1343 451 1467 486 κείμενα,
1482 451 1512 477 οὐ
1522 452 1706 487 τολμήσαντες

915 495 984 522 αὐτὰ
992 496 1078 532 πάντη
1094 497 1227 532 περιελεῖν
1238 505 1245 512 ·
1259 497 1319 524 τινὰ
1332 498 1361 523 δὲ
1373 499 1430 533 μετ’
1440 499 1608 533 ἀστερίσκων
1620 507 1706 533 προσ-

916 541 1061 577 εθήκαμεν,
1080 542 1123 569 ἵνα
1146 542 1225 577 δῆλον
1290 543 1331 569 ὅτι
1354 543 1390 578 μὴ
1417 544 1529 579 κείμενα
1551 544 1626 580 παρὰ
1650 545 1706 577 τοῖς

921 587 1129 622 Ἐὃδομήκοντα,
1140 588 1173 614 ὲκ
1185 588 1238 615 τῶν
1246 588 1345 614 λοιπῶν
1361 589 1491 615 ὲκδόσεων
1505 590 1653 624 συμφώνως
1666 589 1705 626 τῷ

921 632 1056 669 Ἑϐραῖκῷ
1067 633 1284 669 προσεθήκαμεν.
1300 634 1337 661 Ex
1353 635 1404 661 hoc
1417 635 1475 662 loco
1486 635 1615 669 suspicari
1631 636 1702 667 licet,

916 688 967 706 non
993 688 1025 706 ex
1040 679 1226 706 Theodotione
1243 679 1341 712 salum,
1367 682 1412 707 sed
1424 687 1451 708 et
1467 681 1526 708 aliis
1541 681 1703 709 editionibus

914 727 1039 753 norinulla
1059 727 1142 753 fuisse
1155 727 1285 761 inspersa.
1307 727 1477 761 Quapropter
1493 727 1657 763 Epiphanius
1668 729 1701 761 “,

915 781 929 799 ει
946 780 998 810 quo
1014 780 1102 799 rerum
1119 773 1225 799 illarum
1252 778 1380 800 accurate
1405 773 1504 800 tradita
1525 774 1635 800 historia
1649 779 1700 807 est,

918 817 1061 844 desiderari
1079 817 1117 844 ait
1141 825 1155 843 a
1182 817 1305 851 plurimis
1319 818 1389 852 apud
1407 817 1568 851 lnterpretes
1589 818 1702 853 Septua-

883 848 904 875 Β
917 862 990 896 ginta
1007 870 1066 897 quae
1090 870 1122 889 ex
1139 848 1256 889 Hebraeis
1270 848 1371 889 referire
1388 848 1701 898 praetermiserunt-ipsi,

915 907 1011 942 Aquila
1026 915 1098 941 vero,
1126 913 1153 935 et
1167 907 1355 943 Symmachus,
1375 915 1407 934 ac
1424 908 1517 942 reliqui
1542 909 1702 942 interpretes

916 958 1145 988 repraesentarunt
1160 962 1167 981 :
1182 961 1214 980 ex
1233 961 1288 980 uno
1302 958 1392 980 autem
1404 953 1588 981 Theodmioue
1611 955 1701 982 addita

914 1004 974 1025 esse
986 1007 1037 1025 non
1052 999 1185 1033 apposuit.
1202 999 1358 1026 Emeudatio
1373 1000 1430 1026 hac
1442 999 1495 1025 τῶν
1508 1000 1535 1025 Ο¹
1548 1008 1595 1034 per
1608 1000 1702 1028 obolos

913 1049 940 1071 et
953 1045 1107 1078 asteriscos,
1120 1053 1208 1072 causa:
1224 1045 1273 1071 luit
1285 1045 1448 1080 Hieronymo
1460 1053 1508 1072 cur
1523 1046 1559 1072 ita
1573 1046 1701 1081 Augusti-

914 1099 977 1118 num
994 1090 1174 1126 alloqueretnr
1190 1091 1267 1125 epist.
1286 1091 1330 1123 89,
1344 1098 1402 1125 cap.
1413 1091 1429 1117 6
1442 1100 1448 1117 :
1467 1100 1476 1116 ι
1489 1091 1572 1118 Miror
1586 1099 1700 1125 quomo-

914 1137 945 1164 da
957 1137 1133 1172 Septuaginta
1146 1137 1323 1172 interpretum
1338 1137 1422 1164 libros
1433 1137 1517 1170 legas,
1531 1145 1582 1164 non
1601 1145 1693 1172 puros,

913 1188 942 1210 ut
955 1183 990 1209 ab
1001 1184 1039 1210 eis
1054 1183 1118 1210 editi
1136 1188 1208 1215 sunt,
1226 1183 1272 1210 sed
1289 1185 1322 1210 ab
1334 1183 1449 1218 Origene
1462 1183 1627 1216 emendatos,
1642 1184 1699 1212 sive

913 1235 1055 1263 corruptos
1070 1237 1118 1264 per
1131 1230 1224 1259 ebelos
1239 1234 1266 1256 et
1281 1231 1434 1261 asteriscos,
1450 1235 1478 1257 et
1490 1230 1635 1258 Christiani
1654 1231 1700 1259 ho-

913 1275 993 1302 minis
1007 1275 1302 1308 iuterpretatiuncnlam
1324 1283 1377 1302 non
1395 1276 1532 1309 sequaris:
1550 1278 1697 1310 praesertim

913 1329 974 1348 cum
1003 1328 1034 1348 ea
1059 1328 1118 1355 qua:
1133 1320 1222 1347 addita
1247 1325 1320 1353 sunt,
1341 1328 1373 1348 ex
1389 1321 1505 1348 hominis
1521 1321 1604 1349 Judaei
1618 1327 1699 1356 atque

913 1366 1073 1401 blasphemi,
1085 1371 1147 1401 post
1171 1367 1323 1400 passionem
1341 1367 1452 1395 Christi.
1469 1367 1587 1394 editione
1608 1373 1698 1395 trans-

915 1413 1013 1440 tulerit.
1029 1422 1039 1439 ι
1074 1412 1220 1447 Corruptos
1246 1412 1311 1439 dicit
1341 1412 1424 1440 libros
1446 1413 1619 1449 Septuaginta
1652 1413 1698 1441 ln-

915 1463 1074 1494 terpretum,
1105 1463 1216 1493 propter
1243 1458 1423 1486 additamenta
1459 1466 1474 1486 e
1503 1459 1697 1493 Theodotione.

913 1512 974 1531 cum
1000 1505 1108 1539 iu~cap.
1137 1510 1201 1531 LVIII
1235 1503 1308 1530 Isaiae
1331 1505 1471 1531 emendata
1501 1513 1534 1532 ac
1558 1513 1621 1532 vera
1648 1513 1696 1540 ap-

915 1550 992 1585 pellet
1007 1550 1184 1583 Hexaplorum
1209 1550 1383 1584 exemplaria,
1404 1558 1464 1584 qute
1488 1551 1581 1578 eadem
1593 1551 1697 1578 addita-

915 1601 1004 1624 menta
1026 1596 1220 1631 praeierebant;
1246 1604 1307 1623 nam
1339 1597 1467 1632 neglectis
1496 1598 1633 1625 asteriscis
1651 1599 1697 1632 qui

914 1643 956 1670 vel
983 1643 1008 1669 in
1031 1641 1151 1676 legendo,
1183 1641 1224 1667 Vcl
1252 1642 1277 1668 in
1310 1642 1486 1669 describendo
1512 1643 1607 1678 negligi
1621 1648 1697 1678 pote-

915 1692 986 1719 rant,
1010 1687 1126 1714 maxima
1156 1687 1303 1714 exsistebat
1317 1687 1508 1716 Theodotiouis
1525 1697 1585 1716 cum
1600 1690 1656 1720 τοῖς
1667 1689 1697 1716 0'

914 1732 1037 1761 confusio
1054 1742 1060 1760 :
1080 1737 1107 1760 at
1132 1733 1274 1760 observata
1301 1733 1491 1760 asteriscorum
1521 1734 1696 1763 distinctione

916 1847 1063 1875 asteriscus
1090 1851 1186 1871 nomen
1203 1843 1335 1878 prtecedat
1347 1864 1354 1876 ,
1385 1843 1472 1870 rarius
1488 1849 1576 1870 autem
1597 1850 1693 1871 nomen

915 1882 1086 1909 asteriscum.
1104 1879 1198 1906 Utrum
1215 1886 1277 1905 vero
1288 1879 1344 1912 ipse
1356 1879 1485 1912 Origenes
1505 1879 1613 1905 nomina
1630 1886 1693 1905 cum

915 1916 1053 1944 asteriscis
1072 1916 1098 1941 in
1115 1918 1187 1940 textu
1203 1921 1258 1941 sum
1276 1914 1403 1940 editionis
1416 1914 1541 1947 posuerit.
1563 1921 1596 1940 an
1621 1912 1646 1941 id
1665 1913 1693 1941 in

915 1949 1089 1985 subsequenti
1106 1957 1162 1985 aevo
1177 1948 1213 1985 ab
1225 1949 1258 1985 iis
1268 1949 1311 1985 qui
1330 1948 1508 1985 Hexaplorum
1521 1948 1693 1985 collectiones

916 1983 1097 2021 collegerunt,
1106 1989 1133 2011 et
1154 1984 1180 2010 in
1191 1983 1290 2021 Δβίωἱίε
1304 1988 1466 2021 posuerunt,
1484 1983 1691 2021 [σοφίῃ-[ηεξῇ

918 2029 970 2048 non
985 2017 1021 2048 ita
1039 2019 1116 2047 facile
1126 2023 1166 2045 est
1181 2017 1312 2045 divinare.
1326 2018 1404 2045 Certe
1418 2019 1500 2044 codex
1516 2018 1559 2044 ille
1571 2018 1626 2044 illi.
1639 2017 1691 2046 PP.

917 2056 1078 2083 .Iesnitarum
1094 2054 1121 2080 in
1134 2053 1249 2080 Jeremia
1271 2059 1293 2080 et
1313 2053 1340 2079 in
1355 2052 1489 2080 Ezechiele
1512 2061 1582 2086 sa-pe
1597 2053 1693 2088 aste_ri-

926 2098 988 2119 St'os
1001 2091 1026 2117 in
1042 2091 1099 2124 ipso
1117 2093 1188 2115 textu
1199 2089 1284 2122 ponit.
1297 2088 1436 2122 subjunclo
1451 2088 1627 2124 plerumquea
1638 2088 1692 2122 pri-

920 2134 961 2153 ma
978 2122 1062 2153 solum
1088 2125 1174 2151 littera
1200 2123 1308 2150 nomine
1333 2123 1486 2156 interpretis
1502 2130 1534 2150 ex
1548 2131 1601 2156 quo
1612 2122 1691 2149 lectio

919 2161 963 2188 illa
986 2159 1121 2195 adjectitia
1151 2158 1296 2195 desumpta
1308 2158 1365 2190 fuit,
1382 2158 1421 2195 sic
1436 2158 1470 2191 Χ
1485 2158 1517 2184 Α.
1534 2157 1639 2195 quando
1657 2165 1690 2184 ex

918 2195 1011 2231 Aquila
1019 2192 1031 2227 ξ
1051 2195 1138 2231 vel}
1148 2192 1180 2219 Θ.
1194 2193 1215 2231 si
1225 2201 1256 2231 ex
1267 2193 1467 2231 Theodotione;
1479 2197 1526 2231 aint
1538 2192 1613 2231 XUE.
1629 2199 1690 2231 cum

917 2227 956 2258 ρι’
967 2227 1128 2265 Symmacho
1142 2238 1156 2265 ;A
1164 2227 1207 2255 vel
1214 2227 1335 2265 denique
1347 2229 1380 2262 x
1389 2228 1413 2254 oi
1426 2228 1456 2260 Γ,
1464 2227 1485 2254 si
1499 2234 1530 2265 ex
1541 2228 1625 2265 tri_bus
1640 2227 1691 2254 illis

916 2261 996 2292 simni
1009 2263 1200 2299 interpretibus
1213 2261 1351 2299 lectio’illa
1361 2267 1492 2299 excerpta
1510 2261 1554 2299 sit.
1565 2261 1692 2289 Fortasse

917 2308 981 2328 vero
997 2300 1059 2334 quia
1075 2297 1105 2326 ut
1118 2297 1471 2334 plnrimluuTheudoyouis
1485 2297 1613 2334 lectiones
1629 2304 1690 2324 cum

916 2331 1056 2362 asteriscis
1070 2331 1201 2361 all‘erehat
1224 2331 1363 2367 Origenes,
1381 2332 1572 2360 Tlteodotionis
1594 2339 1690 2359 nomen

916 2378 968 2396 non
981 2369 1085 2397 solebat
1095 2369 1262 2403 exprimere;
1272 2367 1384 2403 Aquila:
1398 2375 1461 2394 vero
1476 2367 1539 2401 quia
1554 2367 1650 2397 rarius,
1662 2370 1690 2393 et

917 2404 1072 2439 Symtnachi
1099 2402 1160 2439 quia
1187 2402 1342 2439 rarissime,
1375 2403 1609 2439 interpretationes
1627 2408 1688 2439 cum

915 2436 1052 2466 asteriscis
1067 2436 1212 2469 inserebat,
1229 2437 1335 2463 nomina
1354 2445 1368 2463 a
1389 2438 1472 2471 prima
1489 2436 1576 2463 littera
1594 2436 1689 2468 depin-

915 2475 1004 2508 gebat.
1022 2478 1052 2500 ut
1067 2474 1197 2500 indicaret
1216 2480 1274 2508 non
1292 2479 1323 2498 ex
1341 2470 1525 2508 Theodotione
1540 2478 1588 2504 pro
1610 2470 1690 2508 solito

914 2505 995 2536 verba
1011 2508 1131 2543 decerpi.
1149 2508 1201 2534 Sed
1216 2507 1265 2534 hoc
1280 2514 1312 2533 ex
1330 2507 1606 2543 conjecttrra_t_atit_t_rm
1624 2505 1690 2531 dici-

915 2549 968 2570 tur.
986 2540 1131 2574 Caeteruin,
1144 2542 1231 2576 inquit
1247 2549 1320 2568 num.
1334 2542 1360 2571 4,
1383 2549 1417 2568 ex
1430 2540 1613 2576 similitudine
1628 2547 1688 2573 quae

915 2578 1100 2605 intercedebat
1116 2574 1209 2605 obelos
1232 2577 1303 2603 inter
1318 2582 1344 2603 et
1356 2575 1497 2603 leruniscos
1509 2579 1589 2608 atque
1605 2574 1690 2609 hypo-

915 2613 1071 2644 lemniscos,
1098 2620 1150 2639 non
1175 2612 1261 2649 solum
1286 2617 1414 2649 quantum
1441 2610 1473 2637 ad
1494 2608 1688 2649 [ortinam,;sed

914 2649 995 2675 etiam
1011 2651 1139 2683 quantum
1153 2648 1184 2673 ad
1199 2644 1404 2683 nsunrffactnm
1418 2650 1459 2672 est
1471 2650 1512 2683 ut__
1512 2644 1631 2683 lemnisci
1641 2650 1688 2677 pro

912 2683 996 2720 obelis
1017 2678 1072 2709 sint
1084 2682 1190 2720 _habi_ti.
1205 2681 1270 2708 Nam
1292 2689 1345 2708 uno
1365 2686 1479 2720 excepto
1493 2679 1599 2714 Esycliii
1618 2678 1687 2720 lgor),

912 2718 1011 2754 nullam
1029 2717 1271 2754 meietnniscurutn
1289 2713 1451 2754 rnenlionetn
1462 2723 1476 2742 a
1493 2719 1610 2754 tempore
1622 2713 1686 2753 Epi-

913 2752 1004 2786 phanii
1017 2757 1043 2779 et
1062 2752 1218 2786 Hieronymi
1241 2751 1345 2784 uspiam
1364 2751 1482 2785 reperire
1502 2751 1632 2786 metu_iui__;
1659 2751 1687 2775 in

912 2784 1004 2814 Bibliis
1018 2787 1122 2814 scilicet
1141 2784 1341 2820 ntanuscriptis,
1368 2784 1399 2813 in
1408 2786 1517 2814 Catenis
1529 2789 1556 2812 et
1570 2784 1596 2808 in
1607 2784 1689 2811 Omn-

912 2827 1058 2850 mcnlarns.
1075 2832 1084 2848 ι
