1908 3071
213 114 280 141 l2“

847 104 887 141 ._P.
909 101 1073 131 DANIELIS
1087 99 1204 128 HUETII

1772 95 1840 122 ηδε

214 173 331 207 legitima
346 171 399 198 τῶν
416 170 444 196 0'
461 169 542 195 verba
557 174 572 194 a
596 166 782 194 'l‘heodotione
796 169 924 192 accurate
951 170 995 191 se—
1011 163 1033 192 Δ
1048 168 1113 195 ergo
1127 160 1211 195 magis
1235 158 1372 193 magisque
1395 157 1445 184 hac
1464 156 1593 190 editione,
1613 156 1762 183 restituere
1779 164 1839 183 eam

212 217 405 246 cernebantur.
437 214 528 248 Itaque
549 220 596 247 pro
611 212 723 247 legentis
736 211 883 238 attentione
898 214 924 237 et
939 209 998 236 (ΙὶΙί-

214 264 302 298 gentia
331 265 456 295 corrupta
471 264 560 291 erant,
576 259 617 285 vel
644 258 798 285 emendata.
823 256 955 290 Quocirca
972 256 998 282 itt

214 311 306 337 eadem
322 308 356 334 ad
381 306 558 340 Augustinum
580 303 691 339 epistola
708 303 745 330 ita
762 303 849 338 pergit
869 302 1000 337 Hierony-

215 361 274 380 mus
298 361 305 378 τ
325 361 334 377 ι
346 352 394 379 Vis
411 356 516 378 amator
533 357 595 377 esse
616 355 696 375 verus
714 348 889 382 Septuaginta
914 347 999 374 Inter-

213 397 338 432 pretmn?
356 396 412 423 Νοιι
425 395 497 430 legas
509 402 540 422 ea
557 401 617 428 qua
631 392 682 421 sub
693 392 830 420 asteriscis
843 396 905 420 sunt
917 400 924 425 ;
945 391 999 419 ituo

215 444 278 471 rade
292 443 326 470 de
339 442 530 470 voluminibus.
543 451 553 467 ι

251 487 368 515 Editioni
387 486 441 513 τῶν
454 485 492 519 0',
509 493 568 520 quae
583 490 642 512 erat
655 485 681 512 in
695 483 836 518 Tetraplis,
848 483 950 511 scholia
965 483 998 511 ad

214 534 326 561 limbutn
343 534 432 568 aliqua
456 532 588 567 adjecisse
602 531 743 566 Origenem
758 530 887 557 discimus
896 538 929 557 ex
944 537 1000 557 me-

214 585 319 607 morato
335 580 426 606 codice
445 577 584 609 Marchali,
611 585 692 612 quem
719 577 820 604 habent
839 576 999 603 Claromon-

214 626 269 653 tani
290 625 383 652 Patres
406 624 549 651 Societatis
569 622 631 650 Jesu
660 623 839 650 :adnotatnm
859 622 930 649 enim
957 627 1000 648 est

213 676 277 698 ante
293 670 474 701 Ezeclticlem,
494 670 592 696 lihrutn
615 669 687 695 hunc
710 676 742 695 ex
755 667 882 701 llexaplis
896 667 999 695 descri-

214 723 289 753 ptum
303 724 377 747 esse;
390 722 542 743 correcttun
569 722 633 742 vero
647 715 680 742 ad
697 714 880 748 Tetruplomm
895 715 973 740 [idem
991 724 998 741 :

215 762 383 798 postmodum
407 761 519 788 subest:
539 761 635 787 ’Ἃτινα
654 760 700 786 καὶ
720 760 802 787 αὑτοῦ
818 759 999 795 (Ὠριγένους)

214 809 285 845 χειρὶ
297 807 444 843 διὼρϐωτο,
460 806 507 833 καὶ
523 805 755 841 ὲσχολιογράφητο
765 813 772 821 ·
792 805 852 832 ὅθεν
871 805 1000 837 Εὐσέϐιος

215 855 270 890 ἐγὼ
294 854 328 881 τὰ
349 854 442 889 σχόλια
463 853 617 888 παρέθηκα·
634 852 775 888 Πάμφιλος
797 852 844 878 καὶ
867 851 1003 883 Ἐυσέὸιος

214 900 415 936 διωρθώσαντο.
440 908 448 924 ι
462 899 526 931 Quae
538 897 683 932 (Tetrapla)
695 897 776 932 ipsius
788 896 932 931 (Origenis)
946 903 1003 922 ma-

214 955 250 974 nu
265 946 418 976 emendata.
434 949 460 972 et
474 943 583 970 scholiis
595 943 731 970 succincta
746 947 824 969 erant
836 951 843 969 τ
854 942 922 975 (99‘)
933 941 1002 968 unde

214 1000 264 1027 ego
284 991 413 1019 Eusebius
435 989 535 1017 scholia
552 989 661 1023 apposui
681 997 688 1016 :
705 987 859 1022 Pamphilus
875 993 904 1015 et.
918 987 1003 1014 Euse-

216 1039 276 1066 bius
289 1037 476 1064 emendarunt.
488 1045 497 1061 ι

251 1083 318 1112 Vlll.
335 1083 409 1117 Apud
435 1083 533 1110 multos
557 1083 627 1109 hanc
641 1081 794 1116 opinionem
816 1080 1004 1115 percrebuisse

215 1130 306 1162 video,
320 1129 463 1163 Origenem
479 1135 532 1162 quo
550 1127 697 1161 parabilior
710 1131 781 1153 esset
792 1128 933 1153 emendata
946 1133 960 1151 a
974 1133 1004 1153 se

215 1175 297 1203 editio
312 1175 454 1201 Seniorum
467 1173 655 1208 Septuaginta,
669 1173 785 1200 edidisse
797 1179 858 1199 eam
868 1179 1002 1203 seorsum,

216 1227 244 1248 et
263 1229 295 1248 ex
316 1220 417 1256 ingenti
434 1219 615 1254 Hexaplorum
635 1218 705 1246 mole
719 1218 870 1249 exemisse;
895 1218 962 1245 adeo
975 1221 1004 1244 ut

216 1267 336 1294 solitaria
362 1266 416 1296 illa,
433 1266 545 1293 alterius
569 1273 630 1300 qua;
646 1264 799 1292 habebatur
824 1265 851 1291 in
876 1263 1004 1298 Hexaplis

215 1313 288 1340 unde
298 1317 357 1339 erat
370 1311 499 1346 profecta,
514 1318 641 1346 germana
654 1314 736 1341 esset,
753 1315 780 1337 et
794 1310 868 1336 omni
883 1317 916 1336 ex
929 1314 1004 1344 parte

216 1358 322 1386 similis.
339 1357 418 1384 Ratio
443 1357 520 1384 istius
535 1357 669 1390 opinionis
681 1356 769 1383 valida
787 1355 857 1382 nulla
881 1355 1002 1382 atl‘ertur.

217 1402 387 1430 Probabilior
403 1402 467 1428 mihi
487 1401 594 1428 videtur
621 1400 754 1427 sententia
777 1399 889 1427 Joannis
912 1399 1003 1434 Bapti-

217 1455 266 1476 stte
287 1448 382 1475 Morini
393 1448 426 1480 ⁸³,
444 1448 494 1474 viri
514 1447 673 1479 doctissimi,
691 1447 837 1474 editionem
851 1447 931 1478 .illam
949 1446 1004 1473 τῶν

216 1493 244 1521 O'
262 1503 294 1521 ex
310 1493 480 1528 Origenianis
496 1492 624 1526 Ilezaplis
647 1493 810 1526 descriptam
838 1491 871 1519 ab
889 1493 1004 1520 Eusebio

216 1545 244 1568 et
269 1540 424 1574 Pamphilo,
453 1544 482 1566 et
506 1539 620 1573 pritnttnt
646 1539 796 1572 evnlgatatn
821 1538 1000 1571 arbitrantis;

214 1587 292 1621 juxta
316 1585 380 1612 illud
407 1585 562 1619 Hieronymi
587 1585 612 1610 in
637 1583 745 1611 Prtel'at.
771 1584 803 1610 ad
831 1583 948 1618 Paralip.
968 1585 1002 1610 ad

217 1632 396 1660 Chromatium
413 1638 422 1656 .'
447 1640 455 1656 ι
467 1630 628 1658 Alexandria
645 1635 671 1657 et
685 1629 817 1664 Egyptus
837 1630 863 1656 in
887 1630 1002 1664 Septua-

217 1679 290 1713 ginta
305 1678 362 1705 suis
375 1677 536 1712 llesycbium
546 1676 636 1703 laudat
651 1680 798 1703 auctorem.
813 1676 1003 1703 Constantino-

217 1725 286 1759 polis
306 1730 390 1757 usque
413 1722 582 1749 Antiochiam
599 1720 710 1748 Luciani
730 1722 855 1756 martyris
867 1722 1001 1757 exempla-

218 1771 256 1798 ria
274 1770 380 1805 probat.
408 1768 500 1795 Mediae
519 1769 588 1795 inter
606 1767 654 1794 has
675 1768 821 1802 provinciae
847 1768 1003 1796 Palaestinos

218 1816 324 1844 codices
338 1816 449 1850 legunt;
477 1822 544 1848 quos
561 1814 594 1841 ab
618 1813 733 1848 Origene
757 1814 908 1841 elaboratos
920 1815 1003 1842 Euse-

218 1863 278 1890 bius
293 1867 320 1888 et
333 1861 488 1895 Pamphilus
499 1861 683 1894 vulgaverunt.
698 1869 706 1885 ι
724 1859 790 1887 Nam
804 1868 863 1887 cum
881 1860 1004 1896 frequen-

219 1913 260 1935 ter
275 1907 495 1934 exscriberentnr
507 1905 627 1940 liexapla
648 1906 673 1932 in
695 1905 885 1938 Ecclesiarum,
908 1908 1002 1935 docto-

219 1960 333 1988 rumque
351 1953 488 1979 hominum
507 1959 596 1984 usum,
613 1952 689 1979 novis
701 1952 726 1979 in
746 1952 803 1980 dies
815 1952 1001 1980 deformabun-

220 2006 263 2027 tnr
277 2001 395 2028 sordium
414 2000 642 2034 inquinamentis;
668 2007 728 2027 cum
743 2001 890 2034 praesertim
907 2002 1001 2029 asteri-

218 2055 327 2074 scorutn
340 2052 366 2073 et
383 2047 523 2073 obelorum
539 2046 739 2073 adnotationem
749 2047 790 2073 vel
804 2047 912 2081 insuper
919 2048 1000 2075 habe~

219 2096 280 2118 rent
303 2091 416 2121 librarli,
441 2090 481 2117 vel
502 2097 554 2117 non
574 2091 641 2117 satis
660 2091 802 2125 diligenter
828 2092 1002 2119 administra-

218 2142 277 2164 rent
291 2145 297 2163 :
311 2137 380 2163 unde
395 2136 488 2169 ingens
500 2136 634 2163 incidebat
645 2143 733 2162 rerum
746 2137 921 2170 perturbatio,
939 2145 1003 2164 con-

217 2183 284 2210 fusis
297 2187 323 2209 et
336 2182 472 2216 permistis
487 2189 547 2208 ctttn
563 2181 738 2216 Septuaginta
753 2182 854 2209 Senum
868 2182 997 2215 interpre-

219 2229 320 2256 latione
331 2228 523 2255 Thcodotionis
547 2228 737 2255 additamentis
759 2237 766 2255 :
793 2237 802 2253 ί
819 2227 1000 2254 Misericordia

217 2280 241 2302 et
265 2275 372 2305 ueritas,
388 2275 475 2308 inquit
497 2274 676 2309 Hieronymus
694 2275 720 2301 itt
738 2274 824 2309 Epist.
842 2275 875 2301 ad
891 2275 957 2303 Sun.
974 2280 1001 2303 et

219 2319 339 2351 Fretell.,
349 2320 514 2346 obuiaverunt
524 2320 573 2346 sibi
586 2320 608 2335 ⁸⁸
619 2329 626 2347 :
637 2324 664 2346 et
674 2320 764 2347 dicitis
775 2320 845 2354 quod
859 2320 884 2347 in
895 2321 999 2352 Graeco,

217 2365 279 2398 sibi,
308 2372 359 2391 non
385 2365 516 2392 habeatur
537 2374 544 2392 :
567 2365 639 2397 ἕλεος
666 2366 712 2392 καὶ
732 2365 844 2401 ἀλήθεια
869 2367 1000 2402 συνήντη-

218 2419 283 2438 mw
311 2410 336 2436 id
350 2416 402 2442 est,
424 2409 603 2438 Misericordia
625 2415 648 2438 et
674 2411 768 2438 ueritus
796 2419 1002 2445 concurrerunt;

217 2457 257 2483 sic
273 2458 298 2483 in
318 2456 431 2484 Hebraeo
448 2457 573 2490 habetur,
592 2462 620 2484 et
643 2457 713 2490 apud
730 2457 904 2492 Septuaginta
925 2458 1003 2485 ohelo

217 2506 394 2536 prmnotatum
412 2506 478 2528 est:
503 2509 561 2535 qua:
579 2502 653 2535 signa
680 2501 742 2527 dum
768 2509 815 2535 per
840 2502 1002 2536 scriptorum

219 2548 411 2583 negligentiam
427 2556 441 2574 a
465 2548 600 2582 plerisque
614 2546 690 2581 quasi
702 2546 834 2580 superﬂua
848 2547 1004 2582 relinquun-

222 2598 277 2624 tur,
301 2601 414 2626 niagnus
432 2593 457 2620 in
479 2593 590 2626 legendo
607 2599 683 2618 error
705 2591 836 2618 oboritur.
849 2601 857 2617 ι
872 2592 1004 2624 [ιοιμιὶιιιτ

219 2638 251 2664 de
264 2639 380 2666 editione
392 2638 445 2665 τῶν
457 2639 483 2665 O'
497 2646 555 2673 qua!
571 2637 698 2673 [Ineptis
711 2638 806 2664 ittcrat.
820 2638 1003 2673 Degenerantc

255 2718 277 2733 ⁶³
286 2717 362 2745 Juan.
375 2718 404 2746 Β.
421 2718 515 2746 Morin.
531 2719 556 2745 in
572 2718 652 2746 Pczel'.
670 2719 702 2745 ad
721 2718 804 2745 LXX.

256 2765 320 2798 (θεν)
337 2764 410 2792 Umle
427 2775 472 2800 ego
490 2765 617 2793 Etuebitts
634 2766 732 2792 scholia
753 2767 871 2800 appositi,
889 2772 941 2793 etc.
963 2767 1001 2795 Ex

222 2799 264 2837 his
279 2805 350 2837 patet
367 2799 495 2837 Tetru’plis
515 2809 581 2837 nova
592 2801 738 2837 Eusebium
750 2801 885 2837 ratljccisse
899 2802 1000 2829 scholia

224 2835 250 2859 in
262 2835 418 2866 quibusdam
432 2835 525 2862 saltent
539 2835 684 2869 SCripturte
696 2835 770 2863 libris
789 2835 792 2836 ⁷
804 2835 883 2870 idque
897 2837 923 2863 itt
937 2836 1004 2871 alio,

1050 207 1138 234 conati
1163 211 1226 234 sunt
1243 205 1372 232 Eusebius
1387 209 1414 231 et
1434 203 1601 236 Pamphilus,
1619 210 1653 230 ex
1677 203 1739 237 ipso
1761 203 1841 229 αὺτο-

1050 254 1160 289 γρὰφῳ,
1174 254 1245 287 quod
1259 256 1318 278 erat
1332 251 1358 277 in
1377 248 1535 277 Caesariensi
1553 248 1718 276 bibliotheca
1731 257 1738 280 ;
1761 249 1842 275 resti-

1050 306 1135 327 tutam
1149 307 1214 327 vero
1224 304 1251 326 et
1264 304 1384 326 seorsum
1400 304 1495 331 magna
1509 295 1648 330 diligentia
1671 295 1840 328 descriptam

1051 346 1270 382 publicaveruut.
1285 344 1373 379 Atque
1392 350 1423 370 ea
1438 342 1520 370 editio
1535 341 1678 369 Palaestina
1693 342 1768 368 dicta
1788 347 1840 368 est.

1050 393 1163 420 Summo
1174 391 1276 419 scilicet
1294 390 1423 425 applausu
1446 388 1497 415 fuit
1509 393 1632 422 excepta,
1645 386 1711 414 etin
1726 386 1841 414 Jcroso-

1051 437 1128 473 Iyma:
1153 437 1268 471 aliisque
1283 435 1399 464 Orientis
1421 434 1547 461 Ecclesiis
1570 433 1709 461 decantari
1737 438 1841 467 empta,

1050 489 1076 511 et
1087 483 1257 510 librariorum
1271 489 1342 516 stripe
1353 489 1413 509 eam
1429 482 1455 508 in
1469 480 1591 516 publicos
1604 488 1669 507 usus
1678 479 1843 507 exscriben-

1051 529 1116 556 tium
1133 528 1227 555 labore
1238 527 1409 556 disseminata
1428 527 1526 562 passim
1540 533 1571 553 ac
1581 531 1752 561 propagata;
1777 533 1840 552 cura

1051 580 1160 610 propter
1185 575 1306 603 auctoris
1329 575 1438 606 famam,
1456 579 1481 601 et
1501 574 1705 601 emendaton
1721 572 1841 600 nobilem

1050 622 1210 654 doctrinam,
1236 625 1293 648 tum
1309 627 1418 656 propter
1444 620 1534 653 operis
1551 620 1637 654 ipsius
1666 619 1840 654 dignitatem.

1051 667 1137 701 Hujus
1150 668 1276 695 editionis
1290 672 1316 695 et
1342 667 1538 694 emendationis
1555 665 1721 693 luculentum
1752 669 1842 692 exstat

1052 716 1256 739 monumentum
1272 711 1297 738 in
1312 712 1405 739 codice
1418 711 1514 738 Renati
1527 710 1666 742 Marchali,
1691 709 1751 744 jam
1770 717 1841 744 saepe

1051 756 1176 789 laudato,
1194 757 1220 785 in
1232 764 1285 792 quo
1297 762 1357 790 post
1368 756 1491 785 Ieremia:
1503 757 1598 784 librtttn
1612 757 1773 783 adnotatum
1787 760 1840 788 est,

1052 803 1216 836 descriptum
1230 810 1291 830 eum
1304 810 1364 831 esse
1376 811 1407 830 ex
1423 803 1547 839 Origcnis
1558 802 1699 838 Hexaplia,
1710 807 1739 829 et
1753 810 1842 829 einen-

1019 842 1038 869 Β
1054 849 1145 876 datum
1170 857 1201 876 ex
1220 848 1348 883 Tetraplis
1376 857 1455 876 manu
1485 850 1569 885 ipsius
1589 849 1733 881 exaratis;
1760 849 1842 884 idque

1052 903 1133 930 opera
1146 895 1276 930 Pamphili
1288 899 1315 922 et
1326 894 1443 922 Eusebii.

1087 942 1127 968 En
1142 941 1187 968 tibi
1203 942 1260 976 jam
1281 942 1371 977 itaque
1387 941 1483 976 triplex
1500 941 1584 968 editio
1597 940 1776 976 Septuaginta
1793 941 1841 968 Se

1053 995 1134 1020 num;
1156 988 1315 1022 Origeniana
1341 988 1399 1015 haec
1420 995 1479 1021 qua:
1491 988 1516 1014 in
1532 986 1657 1020 lluaplia
1683 987 1841 1015 contineba-

1053 1038 1115 1066 tur;
1139 1033 1222 1061 altera
1246 1033 1369 1068 privatim
1389 1034 1460 1060 edita
1476 1033 1510 1060 ab
1532 1032 1648 1060 Eusebio
1662 1037 1690 1060 et
1713 1033 1841 1066 Pamphi-

1054 1079 1089 1111 lo.
1115 1086 1175 1114 quae
1196 1079 1293 1114 prioris
1316 1086 1389 1106 mere
1412 1085 1538 1113 germana
1562 1084 1640 1111 erat;
1663 1078 1744 1104 tertia
1763 1082 1839 1103 vetns

1054 1125 1097 1152 illa
1115 1133 1174 1160 qua:
1186 1125 1308 1159 Origenis
1322 1124 1536 1152 emendationem
1553 1124 1703 1158 pra-cessit,
1718 1128 1747 1150 et
1764 1124 1840 1159 κοινὴ

1053 1179 1100 1198 seu
1113 1170 1224 1206 Vulgata
1240 1171 1370 1205 appellata
1394 1174 1445 1201 cst,
1460 1177 1573 1204 quasque
1595 1169 1736 1203 multiplex
1759 1174 1788 1195 et.
1802 1169 1840 1194 di-

1053 1224 1130 1243 versa
1148 1216 1208 1246 fuit.
1222 1221 1316 1250 utpote
1331 1216 1418 1242 varias
1447 1222 1524 1248 passa
1546 1215 1769 1242 adulterationes.
1783 1213 1839 1240 Non

1054 1261 1107 1288 alia
1126 1267 1214 1289 autem
1233 1261 1404 1296 Septuaginta
1425 1261 1605 1295 luterpretutn
1631 1261 1714 1288 editio
1729 1267 1839 1294 usurpa-

1054 1307 1133 1334 batur
1149 1307 1228 1341 vulgo
1240 1311 1303 1334 ante
1323 1306 1478 1341 Origenem,
1494 1315 1574 1341 quam
1590 1314 1650 1341 quae
1670 1307 1751 1342 κοινὴ
1768 1307 1839 1334 dice-

1054 1353 1143 1381 batur.
1164 1352 1240 1380 llanc
1260 1353 1465 1387 appellatimtem
1486 1353 1586 1380 idcirco
1605 1358 1753 1380 consecuta
1771 1357 1840 1385 erat,

1053 1399 1125 1433 quod
1144 1399 1213 1426 nulla
1234 1406 1282 1433 per
1295 1400 1432 1426 Orientem
1455 1398 1601 1434 Scriptura:
1614 1399 1698 1426 editio
1713 1399 1840 1434 frequen~

1055 1445 1115 1472 tiori
1133 1453 1182 1471 nsu
1206 1449 1403 1473 contereretur.
1432 1446 1490 1480 Quo
1515 1446 1612 1473 facttnn
1634 1451 1686 1478 est,
1702 1452 1732 1473 ut
1758 1446 1842 1473 editio

1055 1491 1131 1527 κοινὴ
1143 1499 1194 1518 non
1212 1499 1291 1518 unam
1305 1492 1425 1526 aliquam
1442 1499 1466 1520 et
1487 1493 1649 1528 peculiarem
1663 1491 1839 1527 Septuaginta

1057 1538 1155 1565 Senum
1168 1538 1311 1565 editionem
1325 1543 1419 1565 notare
1435 1539 1532 1566 deinde
1543 1539 1668 1573 cmperit,
1687 1538 1734 1566 sed
1755 1539 1839 1572 ipsam

1055 1584 1211 1611 eorumdcm
1231 1584 1407 1618 interpretum
1427 1585 1630 1611 conversionem
1655 1584 1776 1619 generali
1794 1592 1840 1618 ap-

1055 1630 1197 1664 pellatione
1217 1630 1419 1664 signiﬁcaverit.
1441 1630 1505 1657 Rem
1538 1637 1591 1657 uno
1613 1631 1697 1658 verbo
1713 1631 1838 1665 expedio.

1058 1675 1223 1703 Vocabulum
1236 1676 1310 1708 illud,
1324 1676 1412 1712 κοινὴ,
1429 1676 1520 1710 generi
1537 1681 1564 1703 et
1581 1676 1681 1710 speciei
1696 1685 1840 1704 commune

1055 1721 1116 1754 fuit,
1132 1727 1160 1748 ut
1175 1722 1234 1748 alia:
1257 1722 1389 1756 pleraeque
1405 1729 1484 1749 voces
1501 1731 1507 1749 :
1530 1723 1633 1756 generi,
1646 1730 1708 1749 cum
1719 1723 1841 1757 qualem-

1055 1776 1160 1802 cunque
1182 1767 1236 1794 τῶν
1252 1770 1279 1794 O’
1295 1769 1439 1796 editionem
1457 1770 1579 1801 notavit;
1606 1769 1717 1803 speciei,
1735 1777 1798 1796 cum
1817 1769 1840 1796 ei

1055 1814 1103 1843 soli
1119 1814 1225 1841 addicta
1249 1819 1299 1847 est,
1314 1822 1373 1849 qua:
1395 1820 1456 1842 ante
1477 1815 1600 1850 Origenis
1621 1815 1841 1842 emendationem

1055 1860 1304 1888 circumlerebatur.
1326 1860 1429 1894 Speciei
1450 1861 1547 1888 tributa
1568 1865 1611 1888 est
1629 1862 1760 1895 primum,
1780 1861 1841 1888 inde

1056 1908 1088 1934 ad
1113 1914 1197 1942 genus
1225 1907 1310 1941 ipsum
1332 1907 1467 1935 transivit.
1489 1907 1668 1940 Quamobrem
1693 1907 1841 1942 aliquando

1056 1953 1236 1989 Hieronymus
1248 1953 1311 1985 τοὺς
1324 1955 1361 1986 0',
1379 1954 1412 1980 ab
1423 1953 1538 1989 Origene
1555 1954 1658 1982 scilicet
1671 1955 1840 1986 emendatos.

1055 2008 1070 2027 a
1084 2001 1160 2035 κοινῇ
1176 2000 1334 2035 distinguit;
1350 1999 1493 2034 aliquando
1510 2008 1570 2027 cum
1595 2009 1626 2028 ea
1647 2001 1796 2035 permiscet
1815 2006 1841 2028 et

1056 2046 1205 2074 confundit.
1224 2045 1367 2081 Distinguit
1381 2046 1488 2080 quidem
1500 2047 1526 2073 in
1545 2047 1680 2073 Prommiu
1694 2048 1729 2074 ad
1742 2047 1838 2074 librum

1056 2101 1100 2119 avt
1115 2092 1295 2120 Commentar.
1308 2094 1334 2118 in
1353 2091 1464 2121 Isaiam.
1482 2101 1491 2119 ς
1503 2092 1627 2127 Liquido,
1643 2093 1741 2127 inquit,
1758 2093 1840 2120 conli~

1057 2143 1142 2166 tentes
1154 2139 1179 2166 in
1195 2138 1325 2165 llehraico
1340 2146 1392 2165 non
1415 2138 1518 2170 haberi,
1534 2146 1585 2166 nec
1605 2146 1667 2166 esse
1682 2139 1708 2165 in
1725 2138 1838 2173 Septua-

1018 2196 1040 2225 υ
1056 2185 1130 2219 ginta
1147 2183 1353 2218 lnterpretihtts,
1368 2185 1414 2211 sed
1437 2184 1462 2211 in
1490 2183 1608 2212 editione
1624 2185 1739 2218 Vulgata
1750 2205 1758 2218 ,
1783 2192 1840 2219 qua:

1056 2230 1148 2257 (li-arce
1162 2229 1239 2264 κοινὴ
1265 2230 1373 2262 dicitttr,
1390 2233 1416 2256 et
1443 2230 1469 2256 in
1487 2234 1542 2256 tuto
1559 2230 1625 2256 orbe
1639 2230 1748 2258 diversa
1762 2236 1814 2259 est.
1827 2241 1836 2256 ι

1056 2275 1228 2310 Septuaginta
1243 2275 1405 2310 Interpretes
1425 2275 1513 2310 signat
1527 2275 1559 2302 ab
1575 2275 1692 2310 Origene
1711 2277 1838 2304 emenda-

1056 2327 1097 2349 tos
1107 2327 1133 2349 et
1146 2321 1172 2348 in
1187 2321 1304 2356 Epistola
1316 2321 1348 2348 ad
1366 2319 1432 2347 Sun.
1445 2325 1473 2348 et
1484 2321 1591 2349 Fretell.
1605 2332 1612 2349 :
1626 2332 1634 2348 ι
1649 2323 1736 2358 Κοινὴ
1752 2330 1838 2351 autem

1055 2367 1115 2398 ista,
1134 2367 1184 2394 hoc
1204 2372 1244 2394 est
1267 2366 1416 2395 communis
1427 2367 1519 2400 editio,
1540 2367 1596 2402 ipsa
1617 2373 1659 2395 est
1671 2377 1732 2404 quaa
1747 2375 1774 2397 et
1793 2371 1838 2398 Se.

1057 2411 1210 2446 ptnaginta;
1230 2412 1276 2438 sed
1291 2412 1342 2439 hoc
1363 2413 1475 2439 interest
1497 2413 1569 2440 inter
1593 2419 1750 2449 utramque,
1770 2418 1836 2450 quod

1059 2457 1134 2492 κοινὴ
1148 2465 1196 2492 pro
1210 2458 1276 2485 locis
1285 2463 1312 2485 et
1325 2459 1503 2494 temporibus.
1519 2464 1547 2487 et
1557 2468 1606 2494 pro
1620 2461 1760 2488 voluntate
1776 2463 1837 2490 scri-

1057 2508 1161 2537 ptorutn
1177 2508 1296 2531 veterum
1313 2511 1437 2539 corrupta
1457 2506 1540 2532 etlitio
1555 2510 1605 2533 est.
1619 2506 1656 2533 Ea
1673 2514 1764 2535 autem
1782 2516 1838 2543 qua:

1059 2548 1174 2575 habetur
1191 2549 1216 2576 in
1238 2549 1388 2583 Ἑξαπλοῖς,
1405 2556 1432 2577 et
1447 2558 1528 2586 quant
1545 2558 1594 2578 nos
1618 2552 1763 2584 vertimus,
1786 2554 1836 2588 ipsa

1057 2600 1098 2622 est
1109 2603 1168 2630 quae
1184 2596 1209 2623 in
1226 2597 1389 2624 eruditorum
1405 2597 1481 2625 libris
1500 2597 1655 2633 incorrupta
1672 2604 1701 2626 et
1713 2599 1836 2626 immacu-

1058 2640 1111 2668 lata
1127 2640 1299 2677 Septuaginta
1318 2642 1496 2677 lnterpretum
1514 2643 1656 2672 translatio
1676 2651 1833 2673 reservatur.

843 2719 866 2734 “
878 2719 949 2747 Psal.
963 2728 1073 2755 Lxxxtv,
1088 2721 1129 2750 il.

1054 2776 1081 2798 ut
1095 2771 1207 2806 videtur,
1223 2778 1303 2805 quam
1319 2770 1480 2806 Origeniano
1497 2771 1666 2805 exemplari,
1692 2773 1765 2806 quod
1795 2779 1836 2806 po-

1054 2810 1181 2834 stremum
1194 2805 1324 2841 Pamphili
1336 2811 1362 2833 et
1379 2805 1486 2834 Eusebii
1503 2814 1585 2841 opera
1603 2805 1837 2836 emendaturum.
