1908 3071
62 126 133 154 {2&9

485 118 771 148 ORIGENIANORUM
790 117 855 146 ΜΒ.
876 117 920 148 Ill,
940 116 1017 144 CAP.
1037 115 1070 148 ll,
1091 114 1188 142 SECT.
1209 114 1250 141 IV.

1623 111 1691 139 1250

63 182 200 218 Quidquid
224 187 288 215 ergo
303 181 337 208 ab
357 181 410 206 hac
424 179 570 213 discrepat,
597 177 663 204 nulli
685 176 796 203 dubium
812 178 854 202 est
869 177 891 205 Α
906 173 961 199 bat.
977 171 1070 199 Media
1086 178 1165 198 mter-
1181 171 1231 198 has
1247 169 1395 205 provincia:
1410 168 1568 196 Palaestinos
1586 167 1692 195 codices

63 230 130 265 quin
146 229 182 256 ita
199 232 226 255 et
245 227 279 254 ab
302 225 474 253 Hebraeorum
498 223 659 251 auctoritate
681 222 826 248 discordet.
840 228 850 246 ο

64 274 213 303 Confundit
231 280 294 300 vero
306 273 370 303 τοὺς
385 270 411 297 0'
423 278 484 298 cutn
500 269 613 304 Vulgata
631 268 678 296 lib.
693 274 722 295 Ix
735 267 763 293 in
774 266 854 293 Isaia:

64 330 134 352 xxx,
148 321 195 348 20.
219 329 228 345 σ
240 319 363 350 Multum,
385 317 483 353 inquit,
501 317 527 344 in
540 317 590 343 hoc
604 315 663 342 loco
679 313 855 348 Septuaginta

65 368 162 399 editio,
176 365 392 399 Hebraicumque
409 362 577 390 discordant.
602 361 722 388 Primum
741 366 808 394 ergo
823 359 857 385 de

67 412 184 448 Vulgata
200 411 388 439 tractabimus.
403 419 413 436 ι
433 409 573 444 Vulgatam
596 407 740 434 editionem
765 404 858 440 appel-

67 461 107 488 lat
118 460 182 491 τοὺς
198 459 236 490 0’,
252 465 367 494 quorum
393 457 475 484 verba
503 454 606 490 profert
631 463 638 482 :
653 452 756 489 profert
770 456 858 478 autem

67 506 104 533 de
130 505 270 539 Hexaplir.
300 504 331 531 Et
346 503 372 530 in
388 502 497 530 Prmfat.
518 501 670 529 Comment.
686 500 714 526 in
733 498 835 525 Daniel.
850 505 858 524 ε

71 561 80 578 1
94 551 230 586 Origenes
253 550 287 577 de
303 548 498 576 Theodotionis
513 554 595 582 opere
609 547 641 580 in
664 545 782 573 editione
797 543 862 569 Vul-

69 604 135 633 gata
153 597 300 624 asteriscos
317 594 418 630 posuit.
435 603 444 619 ι
463 593 495 620 Ει
515 593 542 619 in
560 591 678 627 Epistola
697 590 729 617 ad
750 589 861 617 Suniam

69 649 98 670 et
114 642 226 670 Fretell.
245 651 254 667 ε
273 640 348 668 Licet
362 640 387 667 in
403 638 580 674 Septuaginta
595 641 623 665 et
643 637 670 664 in
688 635 814 670 "amplis
827 635 863 661 ita

70 688 235 723 repercrim.
249 696 258 713 ι
280 686 334 714 Hoc
352 690 394 713 est
411 685 437 712 in
454 684 577 720 Vulgata,
594 687 621 710 et
635 683 662 710 in
677 682 721 709 illa
735 680 867 716 llexapla-

70 742 143 762 runt.
166 733 279 768 Vulgata
300 731 440 767 speciatim
459 734 487 757 et
506 729 614 764 proprie
635 728 706 756 dicta
724 727 867 754 utebantur

72 781 160 809 Sunia
177 785 203 808 et
218 778 344 811 Fretella,
360 777 411 811 piae
431 781 458 804 ct
478 776 592 804 erudilze
606 774 714 802 femina:
728 782 735 800 :
753 771 866 799 multum

71 828 120 855 illa
136 835 150 854 a
164 825 325 862 primigenio
341 822 489 858 exemplari
502 821 660 849 deﬂexerat.
679 819 725 846 Ha:
739 821 869 853 rogarunt

73 874 283 907 Hieronymum,
300 874 329 897 ut
346 869 522 904 plurimorunt
542 865 669 894 Psalterii
690 864 822 895 locorum,
838 863 864 890 in

72 920 175 955 quibus
192 918 284 946 Grmca
303 924 318 943 a
334 915 438 942 Latinis
458 912 644 944 dissonabant,
664 910 810 945 legitimam
828 908 865 935 le-

73 966 194 995 ctionem
210 972 243 991 ex
259 962 389 990 llebraica
405 962 519 989 veritate
545 959 597 987 sibi
615 958 742 985 traderet.
763 955 864 982 Morem

74 1012 160 1048 gessit
172 1011 362 1046 Hieronymus,
374 1011 402 1034 et
416 1007 547 1042 prolixam
559 1004 701 1038 rescripsit
712 1001 865 1037 epistolam,

75 1067 112 1087 ex
135 1058 213 1093 cujus
232 1056 387 1084 evolutione
410 1054 510 1085 discas,
539 1051 605 1087 quid
624 1049 767 1084 Vulgatam
795 1048 867 1075 inter

75 1092 235 1134 editionem,
247 1107 276 1129 et
289 1101 361 1128 illam
381 1107 441 1135 qua;
455 1098 565 1133 jacebat
581 1097 608 1124 in
622 1093 761 1129 lleaiaplis,
775 1092 868 1120 discri-

78 1151 161 1179 minis
174 1148 338 1177 interfuerit.

115 1217 161 1245 lX.
182 1217 250 1244 Dum
266 1215 337 1242 hanc
356 1211 538 1241 emaculandis
563 1209 738 1245 Septuaginta
754 1206 868 1235 Senibus

80 1264 220 1293 navabant
243 1269 353 1296 operam
372 1259 505 1287 Eusebius
530 1262 558 1285 et
570 1256 744 1291 Pamphilus;
771 1253 868 1282 similis

81 1318 150 1338 cura
173 1306 337 1343 llesychium
356 1305 518 1332 monachum
542 1304 569 1330 in
585 1302 712 1337 Egypto,
730 1305 757 1327 et
771 1299 868 1326 Lucia-

82 1364 148 1384 num
162 1354 313 1382 Antiochia:
337 1351 432 1379 eodem
449 1349 560 1377 circiter
581 1354 701 1382 tempore
713 1346 867 1374 exercebat.

83 1402 119 1430 Hi
135 1402 252 1437 priscam
279 1399 352 1426 illam
365 1396 525 1427 editionem,
539 1393 630 1429 κοινὴν
650 1393 762 1424 dictam,
783 1391 870 1418 defor-

84 1455 156 1476 mem
171 1446 287 1478 tnendis,
314 1449 339 1472 et
356 1442 491 1471 sexcentis
504 1441 626 1467 vitiatam
642 1439 708 1466 locis
727 1442 831 1465 mutare
843 1437 869 1463 in

85 1493 182 1522 melius
198 1490 316 1527 aggressi
330 1493 403 1517 sunt.
422 1487 556 1515 Adhibilis
568 1493 632 1520 ergo
649 1484 764 1512 vetustis
775 1483 872 1517 Vulga-

904 219 1013 253 legunt;
1036 225 1103 252 quos
1129 217 1164 244 ab
1187 216 1305 251 Origene
1333 215 1485 243 elaboratos
1511 213 1643 242 Eusebius
1668 218 1696 241 et

902 264 1061 299 Pamphilus
1078 263 1281 298 vulgaverunt,
1305 266 1432 295 totusqtte
1458 260 1532 287 orbis
1555 260 1607 287 hac
1625 260 1696 287 inter

906 317 936 338 se
951 309 1053 336 trifaria
1067 309 1200 336 varietate
1212 312 1386 343 compugnat.
1403 316 1413 333 ι

942 375 977 402 Χ.
992 375 1124 402 Caeterum
1139 374 1196 400 veri
1213 373 1278 400 mihi
1291 372 1397 400 videtur
1415 372 1589 405 simillimum,
1601 371 1698 398 Lucia-

909 430 973 450 nnm
987 421 1086 456 ipsum,
1105 424 1132 447 et
1145 418 1309 453 Hesychium
1323 426 1382 446 cum
1399 417 1490 454 κοινὴν
1507 417 1696 448 emendabant,

910 472 939 494 ut
953 466 1078 501 Origenis
1100 464 1277 491 imitabantur
1298 463 1427 494 studium,
1446 464 1481 490 ita
1502 462 1699 490 emendationis

912 513 1045 541 rationem
1065 511 1194 543 tenuisse,
1212 514 1239 537 et
1255 509 1342 537 obelis
1360 516 1393 535 ac
1408 509 1544 536 asteriscis
1555 508 1647 545 κοινὴν
1659 509 1700 535 di-

913 560 1050 591 stinxisse,
1064 559 1143 594 eique
1157 557 1349 586 Theodotionis
1363 557 1474 585 lacinias
1490 557 1617 584 assuisse.
1632 556 1700 583 Cum

914 606 986 634 enim
1001 610 1105 633 certum
1128 605 1163 632 sit
1185 603 1333 639 [Egyptum
1350 611 1382 630 ac
1403 602 1509 638 Syriatn
1532 602 1702 639 Hosychiiget

915 651 1026 679 Luciani
1045 650 1208 678 editionibus
1225 657 1285 677 esse
1302 657 1383 682 usas;
1407 657 1458 677 nec
1486 649 1575 676 minus
1597 637 1700 675 certqu

917 699 952 726 sit
965 705 1024 732 qua:
1047 697 1080 724 iis
1107 697 1133 723 in
1157 697 1314 731 regionibus
1345 696 1545 730 usurpabantur
1571 695 1702 722 editiones

917 745 970 771 τῶν
982 745 1018 775 θ’,
1031 743 1115 771 obelis
1127 743 1210 770 fuisse
1223 748 1251 770 et
1260 742 1397 770 asteriscis
1411 743 1540 777 signatas,
1554 741 1630 776 plane
1642 741 1704 768 hinc

919 790 1031 819 edicitur
1042 789 1165 825 llesychii
1179 794 1204 816 et
1220 788 1332 816 Luciani
1348 789 1478 816 editiones
1495 793 1602 815 notatas
1621 787 1706 815 fuisse

920 837 1005 865 obelis
1024 841 1050 863 et
1067 836 1213 863 asteriscis.
1233 835 1413 870 Hieronymus
1430 835 1455 862 in
1472 834 1607 863 Prommio
1623 834 1704 862 Cont-

920 887 1003 911 mcnt.
1027 882 1131 910 Daniel.
1157 891 1167 908 ‹
1181 881 1233 909 Sed
1260 886 1286 908 et
1309 881 1439 916 Origenes
1461 881 1494 908 de
1515 880 1707 908 Theodotionis

916 935 997 964 opere
1015 929 1040 956 itt
1054 928 1172 956 editione
1192 927 1307 962 Vulgata
1325 928 1470 955 asteriscos
1484 928 1585 962 posuit,
1606 927 1707 955 docens

917 976 1034 1004 defuisse
1049 982 1108 1010 quze
1122 975 1213 1002 addita
1227 980 1305 1007 sunt;
1322 977 1350 1001 et
1363 981 1456 1001 rursus
1469 974 1599 1009 quosdam
1613 981 1707 1002 versus

916 1022 1002 1050 obelis
1008 1022 1180 1056 praenotavit,
1191 1020 1326 1054 superflua
1337 1027 1451 1055 quaeque
1461 1020 1617 1055 designans.
1626 1020 1706 1047 Cum-

917 1076 969 1103 que
984 1075 1077 1095 omnes
1092 1067 1194 1094 Christi
1212 1066 1350 1099 Ecclesiae,
1375 1072 1429 1093 tam
1449 1066 1606 1094 Graecorum
1627 1075 1707 1102 quant

917 1114 1084 1146 Latinorum,
1103 1112 1291 1148 Syrorumque
1319 1119 1345 1140 et
1358 1113 1561 1149 Egyptiorum,
1575 1114 1645 1140 hanc
1659 1113 1708 1140 sub

917 1161 1055 1188 asteriscis
1071 1165 1098 1187 et
1111 1160 1197 1187 obelis
1212 1159 1362 1187 editionem
1381 1160 1481 1195 legant,
1506 1160 1648 1195 ignoscant
1669 1161 1709 1187 itt-

918 1208 972 1235 vidi
999 1207 1086 1235 labori
1113 1215 1183 1240 meo,
1201 1207 1246 1242 qui
1274 1208 1346 1234 volui
1370 1208 1474 1235 habere
1500 1213 1619 1239 nostros,
1637 1210 1707 1242 quod

918 1253 1004 1282 Grteci
1030 1255 1056 1281 in
1082 1253 1196 1288 Aquilae,
1226 1259 1254 1281 et
1269 1253 1475 1286 Theodotiouis,
1508 1262 1540 1281 ac
1555 1254 1710 1290 Symmachi

919 1299 1081 1327 editionibus
1097 1300 1240 1327 lectitant:
1259 1309 1268 1326 ι
1285 1300 1352 1327 etin
1372 1300 1458 1335 Epist.
1477 1300 1521 1332 89,
1538 1301 1710 1335 adAugusti-

920 1355 994 1380 num,
1007 1354 1066 1381 cap.
1082 1346 1098 1373 6
1114 1356 1120 1374 :
1137 1355 1147 1372 ι
1162 1346 1207 1374 Vis
1233 1352 1338 1373 amator
1358 1353 1418 1374 esse
1430 1355 1508 1374 verus
1534 1347 1711 1382 Septuaginta

920 1393 1121 1428 lnterpretunt?
1139 1401 1192 1420 non
1208 1393 1282 1428 legas
1298 1401 1328 1420 ea
1342 1401 1402 1428 quae
1420 1394 1469 1420 sub
1486 1393 1627 1420 asteriscis
1638 1399 1711 1426 sunt,

922 1440 975 1467 into
989 1440 1054 1467 rade
1078 1442 1111 1467 de
1125 1440 1317 1471 voluminibus,
1343 1445 1371 1466 ut
1386 1444 1507 1467 veterum
1531 1445 1556 1467 te
1578 1440 1710 1467 fautorem

923 1486 1020 1521 probes
1036 1495 1043 1512 :
1060 1485 1130 1520 quod
1145 1486 1167 1513 si
1185 1485 1293 1516 feceris,
1311 1492 1406 1512 omnes
1425 1485 1606 1512 Ecclesiarum
1623 1485 1716 1512 biblio-

85 1545 122 1568 ue
137 1538 216 1573 hujus
232 1534 461 1571 interpretationis
476 1532 674 1568 exemplaribus
691 1538 746 1558 rem
763 1530 800 1556 ita
813 1536 871 1564 ges—
886 1526 907 1555 C
925 1533 1017 1560 thecas
1041 1533 1171 1560 damnare
1182 1532 1307 1567 cogeris;
1325 1532 1366 1558 vix
1389 1533 1459 1558 enim
1479 1539 1547 1558 unUs
1573 1537 1618 1558 am
1645 1531 1713 1559 alter

85 1591 190 1618 serunt.
209 1591 237 1613 ut
248 1590 370 1612 recusam
380 1582 414 1610 ab
428 1580 562 1616 Hesychio
578 1579 722 1606 editionem
739 1576 873 1612 Egyptus

86 1633 213 1669 amplexa
230 1632 267 1659 sit
285 1639 292 1658 :
309 1636 391 1665 quam
402 1635 467 1656 vero
487 1627 591 1654 recoxit
605 1625 753 1654 anianus,
768 1621 801 1649 ab
815 1621 874 1648 uni-

87 1667 176 1708 versis
188 1678 299 1713 probata
313 1681 342 1704 et
356 1678 484 1709 usurpata
500 1673 536 1700 sit
549 1671 712 1706 regionibus,
734 1675 792 1703 quae
805 1667 875 1694 Con-

87 1711 292 1758 stantinopolim
319 1726 347 1749 et
361 1719 531 1748 Antiochiam
554 1715 730 1750 interiacent:
746 1720 807 1740 nam
823 1711 875 1739 He-

90 1771 211 1800 braicam
226 1769 307 1796 etiam
329 1767 470 1794 veritatem
485 1762 654 1791 consuluisse
672 1760 769 1791 fertur,
783 1758 817 1785 ab
827 1764 875 1784 eo-

91 1824 144 1852 que
157 1813 300 1843 emendata
320 1812 404 1840 Vetus
422 1810 466 1838 illa
484 1809 598 1844 Vulgata
618 1807 726 1834 nomine
742 1805 824 1840 ipsius
838 1803 877 1830 af-

91 1850 162 1890 fecta
176 1866 227 1890 est.
244 1860 425 1894 Hieronymus
436 1857 462 1884 in
477 1855 562 1890 Epist.
579 1854 612 1881 ad
626 1854 693 1880 Sun.
705 1857 732 1879 et
749 1850 875 1878 Fretell.:

93 1918 103 1933 ι
118 1906 146 1934 1η
167 1913 221 1942 quo
244 1904 363 1932 breviter
385 1901 451 1929 illud
466 1901 610 1931 admoneo,
627 1903 657 1925 ut
679 1896 773 1924 sciatis
797 1895 876 1922 aliam

92 1960 154 1980 esse
169 1940 327 1981 editionem,
346 1955 427 1983 quam
443 1947 572 1981 Origenes
587 1949 614 1972 et
634 1941 808 1971 Cresariensis
824 1940 877 1967 Eu-

93 1999 196 2029 sebius,
217 2001 364 2029 omnesque
379 1992 491 2020 Grzeciaa
507 1996 666 2018 tractatores
679 1986 781 2022 κοινὴν,
797 1986 824 2013 id
838 1991 881 2013 est

94 2045 266 2074 Communem
286 2039 431 2075 appellant,
451 2044 533 2072 atque
550 2036 701 2070 Vulgatatn,
715 2038 742 2060 et
755 2041 769 2059 a
785 2032 879 2066 pleris-

94 2099 149 2128 que
173 2098 244 2117 nttnc
269 2088 442 2118 Λουκιάνειος
465 2085 582 2114 dicitur;
606 2081 684 2108 aliam
706 2078 879 2114 Septuaginta

94 2124 287 2171 [interpretum
299 2141 359 2170 qua:
370 2138 397 2160 et
412 2133 437 2159 in
452 2128 614 2162 Ἐεαπλοῖς
628 2126 772 2160 codicibus
782 2124 881 2159 reperi-

94 2189 152 2216 tur,
165 2188 193 2211 et
208 2190 223 2210 a
238 2181 314 2209 nobis
327 2182 352 2206 in
366 2179 490 2206 Latinum
513 2182 663 2204 sermonem
678 2173 792 2200 fideliter
804 2178 881 2198 versa

95 2235 151 2262 est.
167 2234 194 2256 et
212 2226 395 2261 ierosolytnae,
409 2228 496 2259 atque
512 2223 539 2249 in
560 2220 680 2249 Orientis
694 2217 822 2246 Ecclesiis
835 2217 882 2244 der
901 2207 922 2235 D

97 2281 235 2304 cantatur.
251 2283 259 2300 Ι

136 2341 220 2376 Igitur
232 2337 391 2375 quintuplcx
412 2340 472 2370 post
488 2335 558 2362 ltanc
581 2337 687 2361 aetatem
709 2330 885 2366 Septuaginta

96 2388 280 2421 lnterpretum
292 2384 374 2412 editio
391 2383 479 2410 habita
495 2386 536 2409 est
549 2389 555 2413 ;
571 2379 686 2419 Vulgata
699 2383 784 2410 vetus,
797 2377 888 2410 Orige-

101 2435 194 2464 niana,
222 2431 384 2462 Eusebiana,
411 2428 455 2456 illa
475 2426 598 2458 Luciani,
619 2431 645 2452 et
662 2425 756 2460 quinta
781 2425 887 2450 dcmttut

97 2477 242 2514 Ilesychii.
261 2477 314 2504 Sed
332 2475 457 2511 quoniam
481 2481 514 2501 ex
534 2471 662 2506 Hexaplis
687 2470 805 2506 profecta
828 2474 888 2496 erat

102 2524 269 2553 Eusebiana.
282 2530 330 2557 pro
347 2530 400 2549 una
426 2520 574 2554 eademque
600 2523 716 2552 utraque
733 2516 823 2543 ltabita
835 2519 887 2542 est.

103 2573 172 2605 Quae
188 2577 251 2598 vero
267 2570 315 2605 τῆς
331 2568 423 2603 κοινῆς
442 2565 604 2600 exemplaria
623 2567 780 2599 supererant
793 2563 819 2589 in
834 2567 890 2589 stu-

104 2619 244 2646 diosorum
267 2615 439 2643 bibliothecis
453 2613 656 2640 delitescebant.
676 2611 763 2644 Atque
778 2610 813 2636 ita
828 2608 891 2635 licet

105 2665 227 2700 quinque
241 2669 334 2690 revera
359 2664 497 2688 exstarent
525 2660 577 2686 hoc
602 2663 723 2692 tempore
747 2656 890 2687 editiones,

106 2712 190 2738 trium
204 2709 336 2736 duntaxat
345 2713 411 2733 usus
429 2709 487 2732 erat
500 2705 526 2731 in
542 2704 684 2732 Ecclesiis.
703 2712 712 2728 ι
726 2701 891 2729 Alexandria

105 2762 136 2795 et
156 2754 297 2789 Egyptus,
323 2753 409 2786 inquit
424 2751 614 2786 Hieronymus,
639 2760 647 2776 ι
672 2751 697 2777 in
716 2749 892 2784 Septuaginta

107 2801 167 2829 suis
183 2799 344 2835 Hesychium
373 2798 463 2825 laudat
486 2802 622 2824 auctorem
647 2795 895 2830 Constantinopolis

109 2854 197 2882 usque
212 2845 381 2874 Antiochiam
392 2841 503 2872 Luciani
517 2843 645 2877 martyris
655 2842 818 2878 exemplaria
831 2848 894 2877 pro-

925 1577 1060 1605 invenitur
1075 1578 1153 1610 liber,
1176 1578 1221 1612 qui
1243 1577 1292 1604 ista
1319 1585 1372 1604 nott
1401 1577 1509 1604 habeat.
1523 1586 1533 1602 ι
1556 1569 1659 1611 Quippe
1672 1578 1716 1604 vix

925 1624 978 1650 ulla
993 1624 1110 1658 reperire
1126 1628 1184 1650 erat
1203 1623 1358 1658 Hieronymi
1375 1627 1455 1650 aetate
1466 1623 1641 1657 exemplaria,
1656 1631 1716 1658 qua:

925 1677 979 1696 non
993 1669 1037 1696 vel
1054 1670 1088 1696 ab
1101 1669 1227 1704 Origene.
1244 1670 1284 1696 vel
1301 1677 1316 1696 a
1338 1668 1468 1700 Luciano,
1479 1669 1520 1695 vel
1536 1671 1569 1696 ab
1582 1668 1717 1704 Hesychio

926 1715 1039 1743 fuissent
1051 1720 1184 1743 correcta.
1198 1715 1266 1743 Cutn
1282 1716 1374 1750 itaque
1391 1716 1496 1750 vulgata
1519 1717 1610 1743 omnia
1625 1725 1717 1744 exem-

926 1763 1010 1797 plaria
1027 1763 1190 1790 insedissent
1214 1762 1337 1789 asterisci
1354 1767 1381 1789 et
1397 1763 1480 1795 obeli,
1505 1770 1554 1790 nec
1582 1763 1635 1789 ulla
1662 1763 1719 1790 fere

926 1813 1016 1835 essent
1028 1808 1054 1835 in
1070 1815 1132 1840 usu,
1148 1815 1228 1842 quam
1245 1815 1304 1842 qua:
1321 1814 1377 1836 tres
1388 1809 1424 1835 illi
1441 1810 1618 1844 castigalm'es
1629 1817 1721 1837 emen-

928 1857 1068 1886 daverant,
1086 1854 1208 1888 sequitur
1225 1855 1259 1880 ita
1272 1854 1416 1883 distinctos
1435 1855 1520 1883 fuisse
1538 1856 1657 1890 ipsorum
1673 1863 1720 1883 co-

929 1900 1011 1927 dices.
1039 1899 1121 1933 Cujus
1149 1899 1392 1927 discriminationis
1414 1908 1550 1935 quosnam
1581 1903 1722 1936 assignare

930 1953 977 1979 pat-
990 1950 1031 1972 est
1042 1950 1178 1977 auctores,
1198 1950 1377 1980 prmterquam
1395 1946 1542 1974 anianum
1571 1948 1671 1982 ipsum,
1694 1953 1722 1976 et

930 1991 1105 2027 llesychium,
1118 1993 1189 2026 quod
1206 1992 1240 2019 ab
1252 1991 1366 2027 Origene
1388 1993 1503 2027 primum
1523 1993 1613 2021 fuerat
1628 1996 1722 2023 inven—

932 2044 987 2065 tum
1000 2039 1141 2072 imitantes
1165 2039 1334 2073 postmodum
1362 2043 1389 2066 et
1412 2040 1585 2067 excolentes?
1604 2041 1672 2074 Quin
1695 2045 1722 2068 et

931 2085 964 2112 ad
978 2085 1109 2112 editiones
1126 2093 1233 2120 quaque
1249 2084 1359 2112 Latinas
1375 2086 1497 2120 pervenit
1514 2086 1642 2121 ejusmodi
1666 2087 1723 2113 στί-

935 2131 997 2164 ξις;
1016 2139 1076 2158 nam
1091 2130 1271 2166 Hieronymus
1285 2132 1309 2158 in
1329 2131 1414 2166 Epist.
1429 2132 1474 2164 89,
1485 2132 1518 2158 ad
1534 2133 1722 2167 Augustinum,

934 2185 994 2212 cap.
1008 2176 1035 2209 6,
1056 2177 1158 2205 Latinae
1169 2185 1223 2205 sure
1241 2177 1295 2204 τῶν
1306 2178 1333 2204 0'
1347 2179 1563 2213 interpretationi
1579 2180 1725 2207 asteriscos

936 2231 1043 2258 quoque
1056 2229 1083 2251 et
1093 2224 1187 2251 obelos
1201 2231 1262 2252 sese
1273 2224 1408 2252 addidisse
1423 2229 1545 2252 testatur.

973 2293 1012 2319 Ex
1038 2293 1081 2320 his
1100 2300 1181 2327 porro
1202 2292 1304 2321 Graecis
1324 2293 1499 2325 editionibus,
1522 2293 1562 2320 vel
1575 2302 1606 2321 ea
1628 2302 1726 2330 nempe

939 2345 998 2373 qua:
1008 2343 1066 2365 erat
1080 2338 1106 2364 in
1122 2338 1259 2371 Ηρπιιριίε,
1276 2338 1331 2366 sive
1346 2337 1508 2371 Eusebiana,
1521 2339 1562 2366 vel
1576 2339 1724 2374 Lucianea,

940 2383 982 2411 vel
999 2382 1181 2417 Hesychiana,
1205 2383 1343 2410 hodierna:
1365 2388 1464 2410 nostrze
1485 2391 1580 2410 onmes
1602 2385 1726 2412 videntur

938 2428 1096 2464 prodiisse:
1120 2430 1171 2455 hac
1187 2430 1270 2462 enim,
1297 2433 1326 2456 ut
1343 2430 1381 2456 ait
1407 2429 1598 2464 Hieronymus,
1623 2430 1725 2458 trit'aria

940 2475 1071 2502 varietate
1092 2479 1164 2501 totus
1191 2475 1266 2502 orbis
1283 2477 1498 2511 eompugnabat;
1522 2475 1634 2511 Vulgata
1664 2483 1728 2504 vero

941 2520 1062 2548 ontninm
1077 2520 1293 2555 inquinatissima
1311 2530 1378 2556 pene
1399 2523 1578 2552 obsoleverat.
1596 2523 1663 2550 Cum
1681 2531 1729 2551 au—

943 2571 996 2593 tem
1012 2566 1039 2593 in
1063 2571 1169 2592 veteres
1186 2566 1244 2594 illas
1258 2570 1382 2601 magnam
1401 2573 1505 2595 constet
1523 2569 1655 2596 invectam
1669 2577 1730 2596 esse

943 2612 1128 2640 confusionem
1160 2620 1194 2640 ex
1221 2613 1394 2641 librariorum
1417 2615 1571 2648 oscitantia,
1603 2616 1664 2642 dum
1687 2615 1729 2643 vel

945 2659 1083 2687 obelorum
1101 2665 1127 2686 et
1141 2659 1333 2686 asteriscorum
1349 2663 1513 2689 notationem
1526 2663 1673 2697 nogligttnt,
1688 2662 1731 2690 vel

945 2712 993 2732 eos
1003 2705 1061 2732 suis
1077 2713 1129 2732 non
1143 2705 1282 2732 ascribttnt
1299 2705 1375 2737 locis,
1398 2708 1490 2742 negari
1507 2715 1558 2734 non
1575 2713 1663 2742 potest
1681 2708 1732 2735 im-

946 2758 1026 2785 puras
1042 2758 1102 2778 esse
1118 2751 1283 2778 recentiores
1299 2751 1432 2778 editiones
1447 2752 1502 2779 τῶν
1517 2752 1556 2784 O',
1574 2759 1601 2781 et
1612 2754 1731 2786 vitiatas.

947 2802 1038 2832 utpote
1056 2805 1116 2832 qua:
1127 2804 1160 2823 ex
1171 2797 1290 2831 antiquis
1303 2797 1354 2823 illis
1366 2798 1533 2832 prodierunt.
1548 2798 1613 2825 Nam
1627 2799 1732 2827 etiamsi

948 2842 1075 2878 profecta:
1090 2847 1180 2871 essent
1197 2842 1231 2871 ab
1249 2842 1386 2879 Hexaplis,
1403 2844 1428 2871 in
1448 2844 1545 2879 quibus
1560 2845 1655 2873 scribit
1670 2845 1734 2872 llic-
