1908 3071
253 133 320 168 {235

889 136 920 164 P.
940 136 1099 164 DANIELIS
1117 132 1239 164 HUETII’

1793 137 1849 165 1236

251 202 307 226 tres
321 197 416 226 Graeca
432 198 654 232 interpretatione
676 197 840 225 Samaritani
859 197 1030 232 exemplaris.

1088 197 1178 232 μόνον,
1190 196 1256 224 ἀλλὰ
1272 197 1318 223 κα)⁸
1331 197 1424 232 ἕκτην,
1435 196 1483 223 καὶ
1498 195 1613 231 ἑϐδόμην
1631 195 1760 232 παραθεὶς
1780 197 1848 232 ἑρμη-

249 245 355 273 Maneat
373 245 455 280 igitur
471 244 530 272 loco
543 244 605 272 huic
631 244 741 272 Eusebii
753 243 860 279 vulgata
880 251 928 271 sua
946 248 974 271 et
993 251 1034 271 re—

248 294 325 324 cepta
340 289 485 317 sententia.
499 289 580 317 Addit
596 289 692 317 deinde
702 287 857 324 Origenem,
868 293 966 323 pra-ter
976 287 1034 315 edi-

249 336 348 363 tionem
363 335 541 371 interpretum
557 335 746 370 Septuaginta,
768 335 888 370 Aquilae,
908 333 1034 369 Symma-

249 379 292 407 chi
314 383 342 407 et
370 378 573 413 Theodmionis,
594 380 661 408 duas
682 383 814 414 praeterea
840 379 985 414 protulisse
1007 378 1034 405 in

247 424 336 451 lucem
359 429 472 452 atteram
497 424 634 460 Nicopoli,
650 425 763 452 alteram
782 424 808 451 in
836 424 888 451 alio
918 423 1034 457 quodam

246 469 308 497 loco
322 475 467 504 repertam.
486 469 553 496 Tum
569 470 608 497 ait
624 480 632 497 ι
647 471 695 496 Ἔν
705 478 737 504 γε
752 469 801 504 μὲν
823 470 879 500 τοῖς
894 467 1035 501 Ἐξαπλοϊς

247 514 303 542 τῶν
314 515 436 550 Ψαλμῶν
449 515 518 551 μετὰ
532 515 581 547 τὰς
597 516 677 551 ὲπισή
682 523 747 550 μους
758 514 892 550 τέσσαρας
905 513 1034 545 ἐκδόσεις,

246 561 277 587 οὐ
293 561 371 596 μόνον
387 560 526 597 πέμπτην,
543 560 611 587 ἀλλὰ
623 561 669 587 καὶ
685 560 778 595 ἕκτην,
791 560 838 586 καὶ
854 560 970 594 ἐσδόμην
982 567 1034 585 πα-

248 606 340 642 ραθεὶς
351 607 505 642 ἑρμηνείαν,
522 607 568 634 ἐπὶ
582 607 645 641 μιᾶς
657 604 733 638 αὖθις
749 605 940 641 σεσημείωται,
956 604 993 636 ὡς
1007 605 1036 630 ἐν

252 650 360 686 Ἱεριχοῖ
369 651 522 686 εὑρημένης
534 652 563 677 ὲν
571 651 641 686 πίθῳ
652 651 724 677 κατὰ
735 652 798 682 τοὺς
806 651 918 686 χρόνους
938 651 1036 676 Ἄντω-

247 696 321 722 νίνου
334 696 380 723 τοῦ
396 696 455 723 υἱοῦ
477 697 606 732 Σεϐήρου.
628 697 689 724 llazc
701 698 781 724 verba
799 705 893 730 parum
905 697 1036 724 hactenus

247 742 380 769 intellecta
392 742 543 776 explanare
549 749 637 777 operte
643 742 757 776 pretium
767 747 820 769 est.
831 735 902 777 ((91)
911 741 937 768 In
950 741 1035 768 Hexa-

245 787 296 821 plia
311 788 416 821 quidem
437 787 615 820 Psalmorum,
633 793 693 821 post
715 787 834 823 insignes
853 793 969 822 quatuor
981 787 1035 814 edi-

245 833 346 865 tiones,
371 840 423 860 non
449 834 570 868 quintam
592 833 689 866 solum,
707 834 754 861 sed
767 839 795 861 et
816 839 931 865 sextam,
943 839 971 860 et
988 841 1031 860 se-

246 879 358 911 ptimam
385 879 534 914 adjungens
566 880 838 914 interpretationem,
858 880 883 906 in
912 880 1032 914 singulas

245 929 340 950 rursus
353 923 492 951 columnas
503 924 661 959 descripsit;
684 929 775 960 utpote
787 932 847 960 quae
860 925 1033 952 Hierichunte

244 971 352 1001 reperta
377 968 413 995 sit
427 969 452 995 in
470 968 541 995 dolio
558 969 725 1004 temporibus
744 970 884 1001 Antonini.
902 970 960 1003 ejus
987 971 1032 1005 qui

244 1012 296 1040 fuit
307 1013 493 1041 Severi-Illius.
512 1024 522 1039 ›
542 1015 603 1041 Ἐπὶ
617 1015 681 1050 μιᾶς
695 1015 794 1043 locutio
807 1020 849 1043 est
865 1016 964 1048 Attica,
980 1016 1045 1051 qua‘

244 1067 290 1087 res
305 1060 491 1094 significantur
505 1060 531 1087 in
546 1069 628 1088 unum
643 1069 749 1089 versum
762 1061 900 1090 collocatas
914 1070 928 1089 a
943 1062 1032 1089 fronte

245 1104 281 1132 ad
302 1110 416 1140 tergum.
428 1105 535 1140 Optime
550 1107 628 1134 docet
642 1107 756 1134 Budaeus
768 1107 832 1142 quid
847 1107 901 1136 sint
910 1108 974 1142 νῆες
986 1107 1032 1133 ἐπὶ

245 1151 311 1186 μιᾶς
319 1153 492 1187 τεταγμέναι,
501 1159 596 1188 nempe
611 1161 694 1181 naves
706 1154 741 1180 ita
756 1154 904 1185 instructa,
917 1154 1031 1180 utunica

243 1196 271 1224 in
286 1196 376 1224 fronte
389 1198 435 1230 sit,
446 1198 555 1233 reliquae
571 1206 640 1233 pone
648 1204 796 1234 sequantur
809 1200 836 1227 in
847 1208 955 1228 versum
972 1207 1031 1234 por-

243 1247 334 1270 recta'.
343 1241 380 1269 lta
395 1243 501 1277 ἐφ’ἑνὸς
510 1244 669 1279 τεταγμένοι
681 1245 855 1280 στρατιῶται,
865 1245 963 1272 milites
970 1249 1031 1272 sunt

243 1288 272 1314 in
290 1295 372 1315 unum
389 1296 495 1316 versum
509 1298 523 1316 a
539 1290 628 1318 fronte
643 1291 675 1317 ad
692 1295 796 1325 tergum
812 1291 1031 1319 iustructi.Hanc

243 1334 409 1362 locutionem
421 1335 559 1370 eleganter
570 1337 622 1364 huc
637 1337 774 1364 transtulit
791 1337 924 1365 Eusebius
941 1346 948 1363 :
964 1345 1031 1371 quo-

243 1379 317 1406 niam
331 1379 402 1407 enim
414 1388 462 1415 per
482 1381 574 1417 longas
592 1386 619 1409 et
638 1387 767 1418 angustas
788 1382 942 1410 columellas
958 1383 1031 1417 dige-

244 1429 294 1452 sta?
303 1431 381 1453 erant
395 1427 527 1454 editiones
547 1427 573 1454 in
594 1427 733 1462 Hexaplis,
751 1434 893 1463 propterea
908 1429 953 1455 ἐπὶ
966 1429 1030 1464 μιᾶς

246 1471 470 1506 σεσημειωμένας
488 1479 548 1499 esse
558 1472 635 1499 dixit.
649 1472 702 1500 Sua
717 1481 823 1508 quoque
840 1474 882 1500 vis
901 1474 971 1501 inest
985 1482 1030 1501 vo-

244 1517 340 1544 cabulo
355 1517 545 1553 σεσημείωται.
556 1518 737 1553 Σημειοῦσθαι
748 1524 846 1554 praeter
856 1519 1030 1554 signiﬁcatio-

245 1570 305 1594 nes,
316 1568 394 1590 sonat
408 1563 500 1596 etiam,
511 1565 636 1598 scriptum
648 1565 754 1599 aliquod
767 1565 802 1592 ad
819 1565 893 1592 aliud
904 1566 1028 1600 adjicere,

245 1607 386 1639 ascribere.
403 1612 432 1635 ut
453 1610 577 1643 superius
603 1610 777 1637 observatum
796 1614 845 1638 est.
873 1610 967 1646 Igitur,
982 1611 1030 1637 ὲπὶ

247 1653 313 1688 μιᾶς
325 1653 517 1688 σεσημείωται,
532 1654 583 1682 hoc
596 1659 638 1682 est
651 1655 679 1682 in
696 1655 812 1691 singulas
831 1656 965 1683 columnas
982 1657 1029 1683 de--

245 1698 359 1725 scribens
375 1698 409 1724 ad
422 1699 535 1733 priorem
548 1699 667 1726 attnuit.
697 1699 839 1735 Perperam
856 1701 913 1728 luet:
926 1701 1029 1735 accepit

247 1742 415 1778 Nicepltorus
436 1745 481 1772 lib.
500 1753 526 1778 v,
540 1753 599 1780 cap.
616 1745 659 1778 ll,
674 1746 712 1773 ait
733 1747 805 1774 enim
824 1755 830 1772 :
848 1747 886 1773 Οὐ
902 1747 1029 1783 πέμπτην

243 1858 383 1894 ξαριονιιηι
394 1858 524 1894 posuisse.
534 1858 604 1886 Idem
620 1866 701 1894 porro
720 1859 861 1887 dicendum
876 1859 982 1887 videtur
998 1859 1032 1886 de

246 1893 327 1927 Syro.
335 1893 411 1926 cujus
421 1893 654 1927 interpretationes
663 1894 760 1928 passim
772 1894 942 1928 reperiuntur
953 1894 978 1921 in
985 1894 1033 1922 Ge-

246 1928 304 1954 nesi
316 1933 340 1955 et
358 1927 497 1959 Exodo,in
510 1927 707 1961 Psalmisitem,
725 1929 751 1955 in
764 1927 890 1961 Ieremia,
902 1930 927 1961 in
944 1929 1030 1956 Thre-

245 1963 307 1995 nis;
324 1963 398 1999 apud?
409 1963 574 1999 Ezechielcm
592 1964 672 1991 etiam
684 1964 819 1999 Danielem
831 1969 858 1999 et
873 1965 951 1992 Osee.
969 1964 1030 1999 Syri

266 2005 328 2024 orro
339 1997 466 2025 lectiones
491 1997 639 2025 afferuntur
653 1999 687 2026 ab
701 1998 814 2026 Eusebio
829 1997 998 2031 Caesariensi,
1015 2007 1030 2026 a

271 2033 363 2059 iodom
374 2032 500 2060 Tarsensi
513 2033 693 2066 frequentius;
709 2034 743 2060 ab
755 2033 870 2060 Eusebio
887 2033 1012 2062 Emiseno
1021 2054 1029 2066 ,

247 2066 422 2102 Hieronymo.
440 2067 624 2099 Tlteodoreto,
640 2073 667 2094 et
689 2068 759 2095 aliis.
773 2069 913 2102 .Quodque
935 2075 1031 2096 notan.

247 2102 310 2138 dum
326 2107 369 2129 est
384 2103 476 2134 iidem,
494 2103 665 2138 maximeque
689 2103 820 2131 Diodorus
831 2123 838 2133 .
854 2103 950 2138 Syrum
968 2112 1028 2131 cum

247 2135 361 2174 [lettran
379 2135 628 2174 smpe‘coniungunt
639 2137 689 2174 hoc
707 2143 788 2174 pacto
806 2147 813 2164 :
834 2139 862 2164 '0
875 2135 964 2174 ’Σύρος
982 2139 1030 2165 καὶ

245 2172 262 2198 ὁ
276 2171 459 2208 Ἐϐραῖοςσει
475 2172 619 2208 6Ἑὸραῖος
633 2171 1030 2208 καὶόΣύρος,ειιιδιιάοὶείἰὶεει

247 2207 387 2247 amborum
406 2206 652 2247 _ittterpreta_tiones
677 2206 855 2247 conveniunt,
873 2209 949 2247 quod
959 2216 1029 2243 saepe
1047 2221 1067 2247 ι)

247 2242 388 2277 contingit.
405 2241 450 2270 lla!
465 2250 546 2276 porro
563 2243 699 2274 lectiones,
712 2243 823 2276 perinde
839 2241 919 2277 atque
934 2241 1029 2270 Sama-

248 2276 341 2308 ritani,
358 2277 391 2304 ab
408 2276 524 2312 Origene
545 2278 752 2312 diligentissimo
773 2276 927 2305 versimiutn
951 2278 1030 2305 colle-

247 2315 324 2338 ctore
347 2311 492 2346 potuerunt
511 2311 639 2339 etiam’in
660 2311 839 2346 lleraplorum
860 2313 1029 2346 marginibus

248 2345 395 2382 collocari:
408 2354 560 2381 quanquam
573 2347 597 2373 id
610 2347 719 2374 minimc
730 2352 842 2375 constet.
855 2345 1029 2382 Ha'c’quippe

247 2381 334 2416 solum
360 2381 503 2408 divinando
528 2382 660 2409 dicimus:
674 2382 759 2409 donec
782 2382 854 2409 enim
874 2381 962 2416 aliqua
979 2381 1028 2410 ’vel

248 2415 352 2443 tantilla
367 2423 429 2451 pars
445 2416 638 2450 llexaplorum,
653 2421 682 2443 ut
698 2417 776 2444 initio
792 2418 891 2451 scripta
909 2415 1027 2450 fuerunt,

247 2457 264 2478 e
280 2451 400 2487 tenebris
412 2453 563 2484 emerserit,
578 2452 682 2486 plenam
703 2452 906 2487 perfectamque
921 2452 1028 2479 illorum

248 2486 372 2513 notitiam
387 2487 519 2520 expiscari
537 2494 589 2514 non
603 2487 759 2514 valebimus.
779 2496 788 2512 ι

284 2521 340 2556 (91)
360 2521 394 2548 1η
412 2521 538 2554 Hexaplis
551 2522 654 2556 quidem
681 2520 864 2553 Paulinorum,
884 2526 940 2556 post
964 2522 1030 2549 insi-

248 2564 310 2590 gnes
321 2555 434 2591 quatuor
445 2555 581 2589 editiones,
590 2561 642 2584 etc.
653 2555 719 2583 Male
732 2557 804 2583 hunc
817 2556 923 2584 Eusebii
940 2557 1028 2584 locum

247 2591 331 2618 vertit
347 2591 470 2623 Huelius.
491 2593 535 2626 qui
553 2599 612 2618 sese
628 2591 698 2618 ultro
718 2591 839 2625 implicat
853 2592 879 2618 in
896 2592 1029 2626 interpre-

249 2627 351 2662 tatione
374 2627 515 2654 locutionis
533 2627 605 2662 illius
612 2626 664 2662 γὲπὶ
679 2627 743 2662 μιᾶς
763 2626 955 2662 σεσημείωται.
973 2627 1028 2653 Me-

250 2660 302 2688 lius
317 2662 356 2688 sic
371 2662 511 2689 vertisset:
523 2671 532 2687 ι
550 2661 578 2688 ln
594 2660 722 2695 Hea-aptis
737 2660 846 2695 qpidem
862 2661 1028 2688 Psalmorum

248 2697 462 2731 exemplaribus,
472 2702 532 2730 post
545 2697 664 2731 insignes
678 2696 737 2723 illas
751 2700 868 2730 quatuor
883 2697 1027 2728 editiones,

251 2704 462 2731 exemplaribus,
472 2704 532 2730 post
545 2704 664 2758 msxgnes
678 2704 737 2723 tuas
751 2704 868 2730 quatuor
883 2704 1027 2728 editiones,

251 2737 304 2768 non
318 2731 437 2768 quintam
449 2731 546 2768 solum,
565 2739 595 2758 se
629 2737 656 2759 et
668 2737 772 2768 sextam
784 2736 812 2758 et
825 2732 966 2768 septimam
983 2732 1029 2768 ad-

249 2766 362 2799 jungeus
375 2767 634 2800 interpretationem,
648 2774 741 2794 rursus
764 2766 789 2792 in
804 2766 936 2800 principio
951 2767 1029 2792 unius

252 2800 354 2826 notavit
371 2805 504 2834 repertam
520 2801 592 2827 illam
609 2801 696 2833 fuisse,
711 2801 888 2828 Hieriehunte
911 2802 936 2827 in
957 2800 1028 2828 dolio

252 2835 415 2869 temporibus
428 2835 554 2862 Antonini
567 2837 612 2869 qui
630 2836 721 2863 Severi
743 2836 812 2863 [ilius
829 2836 886 2862 fuit.
912 2845 921 2861 l

286 2868 342 2902 (92)
356 2867 409 2895 Nec
426 2867 655 2902 difﬁcultate—mret
669 2872 736 2897 auod
755 2871 840 2898 subest
856 2872 926 2898 apud
943 2869 1028 2898 Euse-

1085 243 1159 269 vslav
1169 242 1388 278 ἐπισημαίνεται.
1403 241 1459 277 (92)
1475 241 1528 268 Nec
1541 241 1696 269 dillicultale
1709 247 1781 268 caret
1792 244 1848 276 quod

1084 289 1176 316 subest
1186 289 1256 323 apud
1269 287 1425 320 Eusebium,
1439 287 1583 322 Origenem
1601 287 1634 314 ad
1650 287 1766 322 reliquas
1781 288 1848 315 inter-

1085 330 1254 370 pretationes'
1272 333 1406 368 adiecisse
1423 334 1577 369 septimam,
1605 333 1674 368 quod
1695 332 1849 362 llierichunte

1085 381 1111 407 in
1126 380 1197 408 dolio
1215 380 1364 416 imperante
1378 380 1517 408 Caracalla
1543 386 1646 416 reperta
1661 382 1705 409 sit.
1723 380 1788 408 Idem
1810 382 1849 409 ha-

1085 426 1129 453 bet
1140 425 1271 453 Zonaras.
1287 427 1396 454 Certum
1410 431 1496 454 estex
1512 426 1650 454 Athanasii
1677 432 1705 454 et
1725 427 1850 461 Epipltanii

1084 472 1248 500 auctoritate
1266 473 1389 507 quintam
1410 473 1554 500 editionem
1579 473 1754 500 Hiericbnnte
1767 474 1792 500 in
1811 474 1850 502 do-

1084 518 1120 546 lio
1140 518 1223 546 fuisse
1240 524 1374 553 repertam
1387 519 1536 553 imperante
1544 519 1694 547 Caracalla.
1710 519 1787 546 Addit
1799 519 1850 554 Epi-

1084 564 1200 599 phanius
1215 572 1266 591 una
1282 569 1403 599 repertos
1415 573 1474 592 esse
1488 565 1571 593 libros
1581 565 1659 595 alios.
1672 573 1732 592 cum
1752 565 1850 593 Hebrai-

1084 616 1140 642 cos,
1159 613 1214 637 tum
1228 610 1308 636 etiam
1325 610 1445 638 Graecos.
1460 610 1535 643 Quod
1547 610 1570 637 si
1584 618 1618 637 ex
1636 610 1677 637 bis
1693 609 1772 637 fuisse
1781 611 1850 644 septi-

1085 663 1154 682 mam
1169 655 1240 682 illam
1261 655 1429 683 Psalmornm
1443 657 1588 684 editionem
1604 657 1738 691 dicamus,
1757 658 1790 684 ita
1800 665 1849 685 cum

1084 700 1143 727 aliis
1155 700 1286 728 Eusebius
1297 701 1497 728 conciliabitur.
1505 700 1657 736 Opinantnr
1666 701 1773 736 quidam
1783 702 1849 736 septi-

1085 753 1154 772 mam
1169 745 1242 772 illam
1256 746 1402 774 editionem
1416 746 1538 773 eamdem
1551 754 1611 774 esse
1630 753 1663 774 ac
1692 746 1848 780 Luciaueam,

1083 791 1136 819 hoc
1159 797 1327 827 argumento,
1355 793 1425 827 quod
1450 793 1625 826 Athanasius,
1646 792 1705 820 sive
1722 792 1848 827 Synopuot

1084 842 1188 869 auctor,
1205 837 1314 865 Luciani
1331 839 1489 870 editionem.
1508 839 1622 872 septimo
1640 839 1702 865 loco
1717 845 1849 872 recenseat,

1083 888 1110 910 et
1128 884 1269 917 septimam
1291 884 1407 919 appellet
1426 895 1432 912 :
1451 885 1496 911 sed
1516 884 1627 911 multum
1643 884 1781 916 falluntur;
1800 893 1847 911 nam

1083 927 1194 955 Luciani
1209 929 1292 956 editio
1304 929 1359 963 ipsa
1374 929 1424 956 fuit
1436 928 1522 965 κοινὴ,
1540 934 1598 964 post
1617 929 1744 964 Origenis
1761 935 1848 956 autem

1083 980 1204 1003 correcta
1219 979 1246 1002 et
1263 976 1402 1003 emendata
1419 983 1433 1002 a
1451 975 1581 1008 Luciano,
1597 980 1626 1002 ut
1639 975 1722 1002 tradit
1736 975 1849 1010 Hierony-

1083 1028 1142 1048 mus
1158 1021 1234 1048 initio
1250 1021 1369 1056 epistolae
1380 1021 1412 1048 ad
1426 1021 1537 1049 Suniam
1546 1026 1573 1049 et
1583 1020 1741 1048 Frelellam.
1754 1020 1848 1055 (ἐδωδο-

1082 1066 1193 1101 ptimam
1212 1073 1278 1094 vero
1295 1066 1451 1100 editionem,
1466 1074 1526 1101 qua;
1542 1065 1668 1101 llexaplis
1698 1066 1794 1093 intexta
1806 1070 1846 1096 est,

1082 1111 1256 1139 Hierichunte
1271 1112 1406 1139 inventam
1422 1120 1482 1140 esse
1495 1112 1643 1147 imperante
1654 1111 1792 1140 Caracalia
1807 1111 1847 1138 Eu-

1081 1158 1172 1186 sebius
1183 1163 1320 1186 asseverat
1332 1157 1378 1185 lib.
1392 1166 1418 1185 νι
1433 1157 1516 1190 Hist.,
1535 1165 1593 1193 cap.
1614 1157 1656 1190 l6,
1675 1158 1746 1192 quod
1761 1158 1790 1184 de
1803 1166 1847 1183 mt-

1081 1205 1113 1239 νῇ
1131 1208 1204 1231 certe
1218 1204 1271 1230 dici
1290 1211 1343 1231 non
1359 1208 1457 1238 potest.
1479 1204 1599 1238 Hexapla
1614 1204 1698 1239 igitur
1713 1203 1755 1231 illa
1771 1204 1847 1238 Orige-

1082 1249 1134 1280 nis,
1147 1248 1202 1275 sive
1217 1247 1339 1283 Octapla,
1364 1255 1424 1283 quae
1442 1248 1468 1275 in
1485 1248 1544 1275 aliis
1560 1249 1711 1283 Scriptum
1727 1248 1798 1276 libris
1811 1255 1847 1275 sex

1081 1295 1183 1323 Graecis
1193 1295 1354 1322 constabant
1364 1294 1536 1326 editionibus,
1552 1299 1655 1328 septem
1670 1295 1697 1321 in
1714 1294 1778 1321 libro
1789 1293 1847 1320 Psal-

1082 1347 1187 1367 morum
1216 1339 1402 1366 continebant.
1431 1339 1468 1366 Ita
1484 1339 1653 1374 postmodum
1670 1340 1766 1366 scribit
1782 1339 1848 1365 Euse-

1081 1386 1141 1413 bius
1158 1393 1166 1412 :
1183 1385 1289 1417 Ταύτας
1298 1385 1327 1411 δὲ
1339 1385 1446 1417 ἁπάσας
1458 1385 1504 1412 ἐπὶ
1519 1385 1618 1412 ταύτὸν
1632 1385 1797 1419 συναγαγὼν,
1808 1385 1848 1412 διε-

1080 1430 1133 1457 λών
1161 1438 1190 1457 τε
1220 1430 1288 1466 πρὸς
1319 1430 1414 1461 κῶλον,
1441 1431 1488 1457 καὶ
1514 1430 1713 1466 ἀντιπαραθεὶς
1740 1430 1847 1465 ἀλλήλαις

1082 1475 1150 1510 μετὰ
1172 1476 1219 1502 καὶ
1241 1476 1325 1511 αὐτῆς
1343 1476 1392 1510 τῆς
1413 1475 1544 1511 Ἐϐραίων
1559 1475 1745 1511 σημειώσεως,
1763 1476 1793 1502 τὰ
1805 1475 1848 1500 τῶν

1081 1521 1232 1557 λεγομένων
1265 1521 1403 1555 Ἐξαπλῶν
1435 1522 1500 1557 ἡμῖν
1530 1522 1687 1557 ἀντίγραφα
1708 1521 1848 1558 παραλέλοι-

1081 1575 1141 1594 πεν.
1157 1567 1259 1595 Sensus
1275 1572 1317 1594 est
1332 1574 1338 1592 :
1361 1575 1370 1592 ι
1388 1566 1442 1594 llas
1463 1575 1557 1594 onmes
1572 1575 1633 1594 cum
1653 1568 1683 1594 in
1702 1575 1780 1594 unum
1796 1574 1848 1593 con-

1079 1612 1224 1647 iunxisset,
1238 1616 1265 1639 et
1282 1619 1330 1647 per
1343 1611 1402 1639 cola
1420 1611 1599 1645 distinxisset,
1612 1616 1639 1639 et
1651 1612 1767 1639 invicem
1781 1618 1848 1646 appo-

1082 1657 1192 1690 suisset,
1214 1663 1266 1683 una
1296 1664 1357 1684 cum
1383 1656 1507 1683 Ilcbraici
1538 1661 1685 1683 contextus
1709 1656 1847 1689 adjectione,

1084 1702 1263 1736 llezaplorum
1273 1702 1350 1730 nobis
1358 1701 1521 1736 exemplaria
1534 1701 1650 1736 reliquit.
1666 1711 1676 1728 ι
1692 1702 1805 1728 Diximus
1813 1708 1849 1735 ση-

1085 1747 1225 1783 μειοῦσθαι
1240 1747 1266 1775 id
1281 1755 1352 1779 esse,
1368 1757 1377 1772 ί
1394 1746 1529 1782 Scriptum
1540 1747 1647 1782 aliquod
1661 1747 1696 1774 ad
1711 1746 1778 1774 aliud
1792 1745 1847 1780 adji-

1086 1860 1166 1893 bium,
1182 1865 1234 1894 etc.
1251 1859 1372 1887 Zonaras
1396 1859 1502 1894 quidem
1520 1858 1547 1886 in
1563 1857 1631 1894 Hist.
1648 1858 1742 1894 imper.
1763 1856 1847 1894 Severi»

1084 1900 1111 1922 et
1122 1891 1288 1928 Nicephorus
1304 1894 1350 1921 lib.
1370 1891 1468 1928 v.'cap.
1484 1893 1527 1924 ll.
1554 1893 1629 1920 aiunt
1645 1893 1785 1928 septimam
1802 1891 1846 1918 edi-

1085 1927 1380 1966 tionem'HiericlLunte‘
1389 1927 1478 1966 fuisse
1488 1929 1622 1966 inventam
1632 1936 1650 1966 ;_
1671 1928 1720 1966 sed
1733 1927 1757 1954 id
1768 1931 1846 1966 aperte

1084 1973 1136 1992 non
1160 1964 1283 1991 emmtiat
1303 1964 1444 1997 Eusebius.
1460 1963 1592 1997 Quidquid
1607 1962 1681 1989 enim
1700 1961 1804 1989 lluetius
1816 1961 1847 1997 di-

1083 1999 1211 2035 cat,fE1tl.
1227 2000 1291 2035 μιᾶς
1308 1996 1392 2035 αὖθιςΔ
1402 1995 1592 2035 σεσημείωται·
1607 1997 1691 2035 ὼςλξν
1704 1997 1803 2035 Ἱεριχοί
1810 1995 1845 2035 2-5:

1085 2032 1232 2070 pqpévqév
1243 2033 1410 2070 «molstawa
1427 2032 1490 2070 τρὺς
1515 2033 1626 2070 χρόνους
1643 2032 1795 2070 ’Δντωὶλίνου

1083 2066 1141 2096 tia-3
1151 2066 1281 2105 Σεὸήρου,
1294 2066 1360 2096 nihil
1377 2068 1448 2105 aliud
1457 2066 1694 2105 significauouani
1704 2076 1714 2105 ι
1725 2066 1844 2105 Rursusin

1082 2100 1310 2139 principio"unius
1323 2103 1425 2130 notavit
1441 2100 1574 2139 inventam
1587 2100 1663 2139 illam?
1678 2103 1760 2139 fuisse
1770 2100 1844 2139 _li_ie_ri-

1081 2135 1181 2167 clumte
1197 2139 1222 2166 in
1237 2138 1319 2171 dolio,
1335 2143 1452 2170 tempore
1466 2138 1605 2169 Antonini,
1618 2138 1664 2171 qui
1686 2136 1775 2164 Severi
1788 2135 1843 2162 illius

1083 2174 1141 2206 luit,
1160 2184 1169 2200 ι
1183 2179 1212 2200 ιιι
1226 2179 1297 2200 recte
1312 2172 1448 2200 transtulit
1463 2172 1605 2209 Valesius:
1621 2180 1653 2200 ac
1668 2172 1843 2209 _proinde__tatn

1081 2209 1114 2236 ad
1127 2209 1248 2243 quintam
1264 2213 1310 2235 aut
1324 2213 1438 2243 sextam,
1459 2215 1538 2242 quam
1554 2207 1587 2234 ad
1605 2205 1753 2243 septimam
1765 2205 1844 2243 editio—

1082 2241 1143 2271 nem
1161 2244 1188 2279 id
1206 2243 1298 2271 referri
1312 2248 1408 2278 potest.
1425 2242 1477 2269 Sed
1491 2250 1551 2279 cum
1568 2247 1676 2279 constet
1692 2249 1730 2279 ex
1743 2241 1843 2279 Athana-

1081 2279 1115 2306 sii
1130 2283 1158 2306 et.
1171 2274 1319 2311 Epiphanii'
1329 2279 1491 2304 auctoritate
1501 2277 1623 2310 quintam
1633 2276 1776 2303 editionem
1793 2274 1842 2311 lliej

1082 2309 1205 2341 riclntnte
1220 2309 1303 2340 fuisse
1314 2312 1449 2340 inventam
1465 2309 1613 2348 imperante
1624 2310 1771 2348 Cara'ealla,
1787 2309 1842 2348 quod

1083 2349 1127 2375 hic
1145 2349 1182 2375 ait
1197 2348 1337 2379 Eusebius,
1356 2347 1439 2382 magis
1453 2347 1486 2373 de
1501 2346 1593 2382 quinta
1604 2354 1686 2381 quam
1702 2347 1734 2373 de
1747 2346 1841 2382 septima

1082 2384 1198 2410 editione
1213 2379 1413 2417 intelligendum
1426 2379 1541 2408 videtur.
1559 2379 1668 2417 Negare
1677 2385 1762 2407 tamen
1775 2379 1840 2405 nolim

1081 2419 1222 2452 septimam
1235 2416 1309 2444 hanc
1320 2416 1495 2452 Hiericlninte
1521 2417 1650 2452 potuisse
1663 2416 1752 2452 itidem
1781 2419 1842 2446 repe-

1081 2450 1141 2480 riri.
1159 2453 1231 2485 Esto,
1258 2452 1433 2479 concilientur
1445 2451 1562 2478 Zonaras
1579 2456 1606 2478 et
1621 2450 1782 2484 Nicephorus
1792 2455 1840 2474 cum

1082 2487 1230 2522 Epiphanio
1244 2487 1289 2522 qui
1301 2488 1339 2514 ait
1355 2493 1485 2522 unawcum
1499 2486 1592 2520 quinta
1610 2485 1727 2522 editione
1742 2487 1841 2522 [ψει-ιω

1082 2519 1141 2550 esse
1153 2523 1219 2549 alios
1232 2519 1325 2554 libros,
1341 2529 1400 2548 cum
1412 2519 1567 2552 llebraicos,
1582 2525 1637 2547 tum
1651 2519 1838 2557 etiaInGrangS-

1081 2557 1146 2584 lllud
1170 2562 1272 2584 tantum
1290 2556 1435 2591 contendo.
1458 2564 1513 2591 non
1537 2562 1692 2591 asseverare
1717 2553 1838 2591 Eusebium

1081 2592 1222 2627 septimam
1236 2592 1380 2627 editionem
1391 2590 1565 2618 ilierichunte
1582 2590 1717 2617 inventam
1730 2595 1786 2615 esse
1799 2594 1839 2612 uu-

1080 2626 1191 2662 perante
1198 2626 1352 2662 iCaracalla.

1117 2661 1173 2696 (95)
1189 2661 1332 2695 Septimum
1346 2669 1405 2688 vero
1417 2660 1567 2691 editionem.
1579 2664 1632 2687 etc.
1649 2658 1794 2691 Jam.supra

1081 2695 1290 2723 monstravimus
1314 2696 1456 2731 Eusebium
1476 2696 1585 2731 minime
1604 2700 1754 2721 asseverare
1772 2695 1838 2731 seplt-

1082 2739 1152 2759 mam
1168 2731 1309 2758 editionem
1333 2730 1505 2757 Hierichuute
1526 2730 1609 2757 fuisse
1625 2733 1755 2763 repertam
1771 2730 1837 2763 intpo:

1082 2757 1158 2794 rante
1171 2766 1205 2792 Ca
1211 2757 1317 2798 racalla,
1327 2766 1372 2792 sed
1383 2766 1452 2792 hunc
1461 2765 1519 2799 ejus
1531 2757 1835 2802 historia-locunttanlttl

1082 2801 1202 2836 quintam
1220 2805 1266 2827 aut
1286 2805 1402 2833 sextam,
1415 2808 1494 2834 quam
1508 2800 1541 2836 ad
1560 2799 1834 2836 septimatn‘editiflllel“

1082 2832 1176 2862 r'et'erri
1190 2843 1276 2868 posse,
1291 2843 1321 2862 ac
1334 2832 1445 2870 proinde
1458 2835 1542 2870 magis
1557 2832 1693 2869 de'quiuta
1706 2832 1836 2865 intelligen-

1082 2871 1144 2899 dum
1161 2871 1253 2898 videri.
