1908 3071
58 162 135 192 1237

489 164 770 192 ORIGENIANORUM
792 164 855 192 LIB.
876 164 919 197 ||l~,
938 164 1014 192 CAP;
1034 164 1066 198 ll,
1085 164 1180 193 SECT.
1201 165 1245 192 IV.

1620 164 1688 192 l238

54 230 145 256 cere;
165 223 224 250 inde
236 224 393 258 σημείωσις,
412 224 502 258 scripti
520 224 632 260 alicujus
643 226 674 252 ad
691 225 761 252 aliud
778 225 847 259 adje-
864 229 886 256 Α
902 227 1124 260 terpretationum
1138 232 1204 257 sex;
1217 224 1294 251 nul-la
1305 223 1394 251 habita
1407 228 1550 252 contextus
1563 222 1686 251 llebraici

55 269 129 297 ctio.
141 279 151 296 1
160 270 389 306 ltaque'EGpaiuw
401 272 560 306 σημείωσις,
573 277 613 299 est
624 271 747 299 Hebraiei
759 280 851 299 exem-

53 313 149 350 plaris
173 316 206 342 ad
225 315 341 350 reliquas
367 316 603 351 interpretationes
623 317 764 351 appositio.
790 316 851 344 lber:

53 365 164 394 praeter
179 361 323 395 legitimam
334 363 494 389 sententiam
513 371 527 389 a
541 363 674 390 nonnullis
689 363 741 390 alio
758 363 849 390 detor-

53 407 84 429 ta
101 408 177 431 sunt.
192 405 330 440 (84)'Post
345 406 482 441 Hexapla,
495 415 527 434 ex
545 413 661 442 quatuor
687 408 849 435 editionibus

52 447 177 482 Aquilae,
207 450 372 485 Symmachi,
403 452 581 488 Septuaginta
615 453 806 488 lnterpretum,
823 459 851 481 et

51 493 254 523 Theodotionis
267 496 346 523 simul
359 497 514 531 conjunctis
525 503 552 525 et
564 499 705 532 oppositis,
724 497 850 532 Tetrapla

51 539 189 567 conﬂavit
199 541 386 574 Adamantius,
401 544 526 570 ut-tradit
543 544 684 577 EUstlHS,
700 548 727 571 et
739 549 798 578 post
813 545 846 571 il—

52 583 116 611 lum
137 584 264 612 Zonaras.
291 586 346 614 Nec
364 588 435 614 enim
453 588 524 615 aliud
547 593 643 615 sonant
667 589 723 616 haec
743 588 849 616 Eusebii

52 630 155 663 verba,
171 630 242 663 ἰδίως
258 632 307 667 τὴν
326 632 452 663 Ἀκύλουτ
462 633 509 659 καὶ
525 633 683 668 Συμμάχου,
698 633 743 659 καὶ
758 633 851 660 Θεοδο-

51 675 157 708 τέωνος
168 676 271 703 ἔκδοσιν
288 678 345 713 ἃμα
360 680 392 714 τῇ
400 678 455 705 τῶν
472 679 672 715 Ἐϐδομήκοντα
691 680 782 710 ἐντοῖς
801 682 849 706 Te-

55 722 210 756 tpaxloi'r;
222 724 484 757 ἐπικατασκευάσας,
505 734 584 760 quatit
601 734 662 752 eum
683 731 743 760 post.
757 725 849 752 Hexa-

51 767 116 801 pla,
134 776 166 795 ex
187 768 229 795 his
252 775 367 804 quatuor
389 771 551 799 editionibus
580 771 848 806 Tetrapla-seorsum

51 815 248 849 compegisse;
269 823 322 842 non
338 823 402 844 vero
431 817 457 843 in
473 816 602 851 Tetraplis
628 825 748 845 seorsum
777 817 849 852 dige-

57 865 132 893 stas,
152 866 181 888 et
190 863 334 896 separatim
349 864 480 891 discretas
495 864 576 892 fuisse
590 865 708 899 singulas
719 866 848 900 interpre-

903 272 1014 301 ralioue,
1030 271 1074 305 qui
1089 271 1158 297 inter
1177 269 1413 304 interpretationes
1428 269 1563 296 numerari
1578 276 1629 296 non
1642 269 1689 296 de-

901 316 968 343 buit.
985 315 1051 342 Huic
1067 315 1186 350 opinioni
1209 315 1300 342 favere
1317 315 1422 342 videtur
1441 315 1609 348 Epiphanius
1627 314 1688 342 loco

887 359 961 388 ~mox
974 362 1066 392 aliato,
1081 369 1140 387 cum
1152 361 1189 388 alt
1207 369 1214 387 :
1229 361 1307 387 Ὥστε
1319 358 1388 387 εἶναι
1399 360 1448 396 τὴν
1461 361 1553 388 [lio-av
1566 359 1687 387 Παλαιὰν

899 407 1036 442 Διαθὴκην
1046 407 1079 434 δι’
1095 406 1253 439 Ἐξαπλῶν
1269 406 1451 441 καλουμένων,
1463 406 1508 433 καὶ
1520 406 1564 433 διὰ
1576 406 1629 432 τῶν
1640 406 1687 432 δύο

905 452 1056 489 Ἐὃραῖκῶν
1073 454 1213 489 ῥημάτων.
1233 462 1243 478 1
1264 453 1336 480 Adeo
1351 458 1379 480 ut
1396 452 1477 480 Vetus
1494 461 1572 480 omne
1590 452 1685 480 Testa-

902 503 1021 526 mentum
1035 499 1068 526 iis
1083 498 1223 533 Hexuplis,
1245 503 1270 526 et
1287 499 1392 533 gemino
1408 498 1538 525 llebraico
1557 503 1684 526 contextu

900 543 981 572 fuerit
997 545 1220 579 comprehensum
1239 553 1248 572 :
1266 553 1275 569 1
1293 543 1336 570 ubi
1351 548 1444 577 aperte
1461 543 1579 578 Hexapla
1592 543 1684 571 Graeca

899 598 913 617 a
928 590 1010 625 Diplia
1024 590 1160 617 Hebraicis
1177 590 1326 624 distinguit.
1336 589 1454 623 Hexapla
1463 596 1538 623 ergo,
1551 590 1684 624 inquiunt,

899 643 913 661 a
925 643 972 662 sex
989 635 1259 669 interpretationibus
1271 635 1379 662 fuerunt
1391 635 1571 667 denominata,
1589 643 1684 670 quem-

899 681 1041 708 admodum
1052 680 1173 715 Tetrapla
1184 689 1199 708 a
1214 686 1339 715 quatuor,
1354 688 1385 707 ac
1401 682 1461 708 ideo
1476 681 1529 708 falli
1539 681 1583 716 qui
1597 681 1685 708 Hexa-

897 727 947 760 piis
959 727 1078 762 vulgatas
1088 732 1203 762 quatuor
1214 727 1348 754 editiones
1360 726 1480 760 Graacas,
1489 732 1515 754 et
1523 726 1684 762 exemplaria

898 772 951 798 duo
972 771 1101 798 Hebraica
1120 771 1267 806 assignant.
1285 770 1313 798 Id
1327 771 1349 798 si
1370 772 1414 802 sit,
1436 772 1523 806 palam
1541 772 1590 799 sibi
1607 779 1686 806 repu-

898 817 1020 851 gnaverit
1032 817 1197 852 Epiphanius
1209 816 1277 844 libro
1289 816 1326 843 De
1341 817 1448 850 ponder.
1464 822 1610 844 enitemur.
1624 825 1685 851 cap.

898 862 941 892 t9.
951 863 996 897 qui
1012 863 1046 890 ita
1063 863 1340 898 ὁὶδεετίῐεΤετραπλᾶ
1351 863 1403 899 γάρ
1417 865 1469 890 εισι
1479 863 1513 890 τὰ
1531 863 1684 898 Ἑλληνικὰ.

51 907 187 940 lationes,
213 909 247 935 ita
267 915 296 936 ut
317 911 506 945 suas-singula:
525 911 636 946 paginas
657 916 820 946 occuparent
838 921 844 939 :

900 910 963 936 ὅταν
978 910 1005 935 αἱ
1019 908 1064 936 τοῦ
1082 909 1191 941 Ἀκύλα,
1207 910 1253 936 καὶ
1267 911 1424 946 Συμμάχου,
1434 910 1543 937 καὶτῶν
1560 910 1685 946 Ἑϐδομὴι

53 953 83 979 111
103 954 203 981 iisdem
217 955 288 982 enim
303 955 410 983 fuerunt
425 957 528 991 paginis
548 958 689 992 descriptae
705 965 799 985 omnes
817 965 849 985 ac

50 999 175 1025 invicem
192 1001 330 1034 oppositae,
346 1001 413 1033 sive,
439 1007 467 1028 ttt
493 1002 530 1029 ait
555 1003 730 1038 Epiphanius.
752 1013 847 1032 συντε-

48 1043 204 1079 ταγμέναι,
220 1045 265 1079 qui
278 1049 305 1072 et
317 1046 401 1078 addit,
415 1047 437 1074 si
450 1047 690 1083 Tetraplis-Grrecis
702 1050 779 1085 Dipla
793 1051 846 1079 He-

49 1089 128 1117 braza
160 1090 273 1118 fuissent
301 1091 439 1125 adjuncta,
465 1094 596 1128 prodiisse
615 1094 755 1130 Hexapla;
776 1098 846 1131 quod

51 1135 117 1162 ﬁeri
149 1142 224 1164 certe
258 1145 312 1164 ncn
345 1139 487 1172 potuisset,
517 1141 568 1168 nisi
602 1149 617 1168 e
646 1142 754 1176 regione
780 1143 848 1169 invi-1

50 1190 116 1209 cem
129 1184 258 1218 opposin
277 1190 367 1212 essent
385 1185 411 1212 in
429 1186 522 1213 iisdem
540 1187 644 1222 paginis
667 1187 847 1222 Tetraplorum

51 1228 223 1257 Graecanica:
248 1231 389 1264 editiones,
414 1233 638 1267 quemadmodum
663 1239 691 1261 et
714 1235 739 1261 in
754 1234 847 1261 Hexa-

50 1277 118 1311 piis.

85 1322 124 1356 Ν.
142 1323 409 1352 Animadversionem
426 1329 545 1352 nostram
557 1324 680 1359 requirit,
696 1319 846 1359 quodidém

52 1367 94 1394 ait
107 1367 249 1400 Eusebius,
268 1370 386 1397 collectis
403 1370 429 1397 in
444 1377 525 1396 unum
538 1377 583 1397 sex
596 1369 758 1397 editionibus
771 1369 846 1397 Grat-

52 1413 109 1445 cis,
137 1418 166 1440 et
185 1413 289 1447 adjecto
313 1414 445 1442 Hebraico
469 1419 595 1442 contextu
621 1413 742 1449 Hexapla
768 1414 845 1442 nobis

51 1458 200 1495 Origenem
215 1461 370 1495 reliquisse;
386 1460 552 1488 Psalmorum
565 1468 628 1497 vero
641 1460 761 1496 Ilexapla
770 1460 845 1489 Gne-

51 1507 96 1533 cis
110 1506 273 1534 editionibus
290 1512 391 1541 septem
410 1508 572 1535 constitisse.
592 1508 706 1535 Eusebio
732 1515 844 1535 consen-

53 1553 127 1580 tiunt
142 1551 248 1579 Scholia
261 1552 378 1580 Rotttana
396 1554 420 1580 iu
434 1553 578 1581 editionem
592 1554 646 1579 τῶν
658 1552 695 1585 0¹,
706 1561 733 1580 111
747 1553 843 1588 quibus

52 1605 249 1632 nonnunquam
265 1605 345 1632 super
358 1598 476 1625 Psalmos
497 1598 618 1632 Hexapla
632 1599 759 1626 citantur.
774 1598 844 1626 Con-

52 1644 140 1670 sentit
153 1649 181 1671 et
194 1644 358 1679 Epiphanius
373 1645 436 1671 ha-r.
448 1652 521 1675 μιν.
533 1652 592 1679 cap.
610 1645 637 1677 5,
647 1649 674 1672 et
693 1649 753 1680 post
769 1644 843 1671 illum

53 1689 191 1722 Zonaras,
219 1690 263 1723 qui
282 1689 381 1717 diserte
393 1690 566 1724 pronuntiant
584 1689 706 1724 Hexapla
729 1698 775 1718 sex
787 1690 845 1718 edi-

52 1736 147 1763 tiones
159 1735 277 1768 Grzeeas,
293 1743 354 1763 cum
370 1735 473 1770 gemina
489 1734 612 1762 llebraici
636 1741 723 1763 textus
742 1735 844 1763 deseri.

53 1783 151 1816 ptione
176 1782 257 1809 fuisse
282 1782 431 1816 complexa.
453 1782 540 1814 Quwri
566 1782 646 1816 igitur
673 1785 769 1816 potest,
796 1789 845 1809 cur

55 1827 181 1861 llexapla
196 1828 266 1855 dicta
288 1828 351 1860 sint,
379 1835 439 1861 quin
460 1833 522 1854 octo
546 1827 684 1854 columnas
715 1827 843 1854 habuere.

54 1873 114 1901 Nec
126 1873 208 1905 enim,
224 1878 298 1908 puto,
314 1881 374 1900 cum
393 1873 505 1900 Erasmo
524 1877 551 1899 et
573 1872 844 1907 Magdeburgensibus

54 1919 141 1947 sentit
151 1912 291 1954 quisquam
313 1918 442 1951 Έξαπλᾶ,
456 1926 508 1945 non
527 1925 541 1944 a
561 1924 673 1945 numero
692 1917 720 1955 ἓξ
733 1917 847 1952 appella-

55 1966 160 1992 tionem
173 1972 232 1992 esse
243 1965 347 1998 sortita,
369 1964 415 1992 sed
428 1973 442 1992 a
459 1964 540 1991 Verbo
560 1963 692 1997 ἐξαπλόω,
712 1963 846 1998 quodest,

55 2010 190 2043 explano;
208 2018 268 2036 nam
284 2011 353 2037 unde
369 2010 448 2037 facta:
463 2010 616 2037 dicerentur
629 2015 718 2041 voces,
743 2008 847 2043 Tsspa~

55 2057 117 2084 τιλᾶ
143 2061 171 2083 et
196 2055 352 2083 ὐκταπλᾱῖ
377 2054 697 2090 Βεεροιηιθηινηοηηυιιὶ
725 2054 847 2088 Ηιεπαρια

57 2104 143 2133 dicta,
158 2110 208 2128 non
220 2110 234 2128 a
249 2110 359 2129 numero
370 2102 566 2134 columnarum,
582 2101 627 2128 sed
647 2108 662 2127 a
680 2107 791 2127 numero
807 2100 847 2127 in-

95 2172 235 2209 (94)]’1111
252 2171 380 2209 llexapla,
395 2179 427 2209 ea;
435 2175 556 2209 quatuor
563 2170 719 2209 editionilgur
732 2169 846 2209 Aquilia,

56 2204 114 2237 etc.
130 2204 242 2234 Huetius
253 2204 332 2233 nixus
347 2204 454 2233 Eusebii
469 2205 634 2234 testimonio.
647 2205 723 2240 cujus
734 2204 845 2231 verbum

900 963 981 981 κοντα
993 954 1048 986 δύο,
1073 955 1119 981 καὶ
1128 954 1302 986 Θεοδοτίωνος
1315 956 1457 991 ἑρμηνεῖαι
1473 955 1684 990 συντεταγμέναι

899 998 948 1028 ὦσι
957 1010 964 1016 υ
978 1001 1031 1027 τῶν
1045 1001 1185 1037 τεσσάρων
1200 1001 1228 1028 δὲ
1244 1001 1345 1028 τούτων
1360 1001 1472 1028 σελίδων
1483 1002 1542 1033 ταῖς
1553 1001 1613 1028 δυσ).
1623 1002 1684 1034 ταῖς

904 1050 1058 1085 Ἑϐραϊκαῖς
1077 1048 1272 1083 συναφθεισῶν,
1292 1047 1425 1080 Ἑξαπλᾶ
1442 1048 1578 1075 καλεῖται’
1594 1048 1641 1075 ἐὰν
1654 1048 1683 1075 δὲ

898 1095 944 1122 καὶ
958 1095 1079 1130 πέμπτη,
1088 1095 1159 1130 καὶηῆ
1168 1094 1233 1129 ἕκτη
1245 1095 1380 1130 ἑρμηνεία
1386 1094 1564 1129 συναφθῶσιν,
1573 1094 1683 1121 holoc-

898 1141 952 1173 θῶς
973 1140 1076 1172 τούτοις
1101 1139 1248 1169 Ὀκταετλᾶ
1274 1141 1405 1168 καλεῖται.
1432 1151 1441 1166 1
1463 1141 1587 1176 Telrapla
1610 1141 1682 1168 enim

897 1187 997 1214 Graecis
1022 1191 1157 1219 constant,
1180 1194 1240 1214 cum
1271 1187 1385 1222 Aquilae,
1412 1191 1439 1214 et
1459 1186 1624 1222 Symmachi,
1655 1192 1683 1214 et

898 1233 1074 1268 Septuaginta
1095 1232 1208 1265 Senum,
1233 1237 1260 1260 et
1276 1233 1469 1261 Theodotionis
1483 1232 1682 1267 interpretatio-

897 1285 944 1305 nes
956 1278 1034 1305 simul
1051 1278 1200 1312 conjunctae
1215 1283 1276 1305 sunt
1288 1287 1295 1305 :
1307 1287 1366 1313 qum
1383 1279 1514 1307 columnas
1528 1282 1643 1313 quatuor
1658 1278 1680 1305 si

899 1324 1038 1352 Hebraicis
1057 1325 1162 1352 duabus
1189 1323 1358 1358 adjiciantur,
1385 1324 1505 1358 Hexapla
1535 1324 1680 1351 dicuntur:

897 1370 967 1404 quod
979 1370 1000 1398 si
1015 1371 1108 1405 quinta
1123 1375 1151 1397 et
1161 1374 1236 1398 sexta
1251 1370 1438 1405 interpretatio
1451 1370 1625 1402 accesserint,
1637 1376 1680 1397 se-

897 1417 989 1450 quitur
1014 1421 1044 1444 ut
1066 1415 1178 1450 Octapla
1203 1416 1387 1443 nominentur.
1409 1425 1418 1442 1
1444 1415 1547 1449 Quibus
1572 1421 1683 1444 assonat

897 1461 1011 1489 Ruﬁnus
1034 1462 1060 1489 in
1078 1462 1301 1497 interpretatione
1311 1462 1407 1489 decimi
1422 1461 1489 1489 sexti
1511 1461 1605 1496 capitis
1620 1461 1682 1489 libri

897 1509 966 1536 sexti
981 1508 1108 1535 Historia:
1120 1508 1239 1535 Eusebii.
1255 1507 1317 1535 Alio
1333 1515 1396 1535 vero
1413 1508 1468 1535 abit
1482 1507 1590 1536 Nicetas
1603 1506 1680 1535 Tllet.

897 1553 999 1581 arlltad.
1029 1553 1075 1587 ﬁd.
1099 1553 1145 1580 lib.
1173 1561 1209 1585 Iv,
1227 1553 1294 1580 harr.
1320 1553 1364 1584 51,
1391 1558 1419 1580 et
1439 1552 1682 1587 Diplavﬂebraica,

897 1600 1022 1634 quoniam
1038 1599 1107 1626 idem
1120 1599 1231 1626 omnino
1248 1598 1432 1630 continebant,
1452 1605 1500 1632 pro
1515 1605 1579 1628 una,
1596 1604 1682 1631 eaque

897 1645 1022 1679 bipertita
1043 1645 1165 1671 columna
1176 1644 1266 1671 habita
1291 1643 1373 1670 fuisse
1387 1643 1451 1675 vult,
1464 1647 1545 1676 atque
1562 1642 1607 1669 illa
1619 1650 1680 1670 cum

896 1693 1003 1724 τοῖςθ¹δ
1019 1689 1126 1725 Aquila,
1137 1689 1310 1725 Symmacho,
1324 1688 1519 1720 Theodotione,
1537 1696 1568 1716 ac
1587 1689 1680 1723 quinta

896 1737 1012 1764 editione
1025 1744 1073 1763 sex
1090 1735 1229 1762 columnas
1243 1734 1428 1766 constituisse,
1440 1742 1472 1761 ac
1488 1733 1607 1768 Iiexapla
1619 1734 1681 1762 inde

897 1782 981 1810 fuisse
997 1781 1140 1816 appellata.

932 1828 986 1855 Has
1016 1828 1086 1855 inter
1108 1826 1246 1862 oppositas
1270 1830 1297 1853 et
1323 1830 1502 1860 repugnantes
1519 1825 1680 1860 sententias,

897 1882 1006 1907 n0vam,
1022 1877 1060 1906 et,
1076 1873 1126 1901 nisi
1145 1880 1188 1900 me
1199 1873 1306 1900 animus
1317 1871 1395 1905 fallit,
1408 1873 1576 1900 verissimam
1592 1877 1678 1900 tueor.

898 1920 953 1956 (95)
961 1920 1069 1948 Falsum
1078 1923 1130 1951 est,
1142 1919 1212 1954 quod
1223 1918 1302 1953 vulgo
1313 1918 1443 1950 creditur,
1455 1918 1576 1953 quintam
1587 1922 1613 1945 et
1622 1925 1682 1945 sex-

899 1971 952 1993 tam
977 1965 1121 1993 editionem
1149 1964 1289 1991 universos
1315 1964 1460 1997 Scriptura}
1486 1963 1569 1991 libros
1597 1963 1681 1990 fuisse

899 2011 1064 2046 complexas.
1095 2009 1205 2044 Aliquot
1226 2009 1356 2036 duntaxat
1378 2007 1551 2036 continebant
1565 2015 1598 2035 ex
1615 2008 1680 2040 illis,

899 2063 1000 2090 eosque
1016 2055 1186 2090 potissimum
1207 2055 1252 2090 qui
1268 2055 1390 2081 versibus
1404 2058 1529 2081 constant
1542 2053 1612 2087 apud
1628 2052 1682 2081 He-

898 2102 996 2130 braeos.
1015 2101 1053 2128 En
1078 2101 1125 2128 tibi
1150 2106 1245 2127 testem
1266 2099 1459 2135 Hieronymum
1486 2099 1513 2126 in
1526 2097 1682 2133 Epistulam

899 2169 1012 2204 septima
1035 2169 1119 2196 editio
1132 2169 1342 2203 comparebant;
1366 2176 1398 2195 ac
1415 2168 1683 2202 disquirere-utrum

899 2210 974 2231 sexta
989 2205 1110 2238 quintam
1131 2204 1244 2238 septima
1266 2209 1409 2239 utramque
1428 2209 1683 2239 semperisequere-

58 2241 318 2272 ἑπικαταπκευάσας
345 2241 414 2268 male
433 2241 531 2277 vertit,
543 2238 845 2277 Hemaplis'posteriora
864 2249 885 2277 ι)
900 2243 956 2277 tur.
971 2239 1080 2277 Certum
1103 2243 1143 2266 est
1164 2243 1220 2277 tres
1237 2238 1494 2277 illassuperadditas
1501 2238 1638 2277 editiones
1665 2246 1682 2267 e

57 2279 147 2306 fuisse
175 2277 295 2312 Tetrapla
318 2276 453 2312 opinatur.
480 2275 532 2312 Sed
558 2273 722 2312 contrarium
749 2273 848 2312 evincit

59 2312 237 2341 dcctissimus
252 2309 346 2339 'noster
361 2311 391 2339 D.
414 2310 564 2338 Bernardus
581 2310 613 2336 de
631 2309 803 2336 Montfaucon
820 2309 847 2335 in

60 2349 120 2377 suis
133 2347 363 2374 Przeliminaribus
376 2347 402 2372 in
417 2344 537 2378 Hexupla
550 2344 673 2379 Origenis
685 2352 745 2378 pag.
761 2344 787 2377 9,
803 2344 848 2379 ubi

62 2384 148 2412 verbo
177 2381 429 2412 ἐπικατασκευάσας
461 2378 609 2414 legilitnuui
641 2387 749 2406 sensum
771 2378 848 2414 resti-

63 2420 127 2446 tuit.
138 2417 223 2447 Huius
236 2418 353 2443 rationes
366 2417 434 2443 inl‘ra
449 2415 612 2442 adducemus
623 2421 681 2448 cap.
691 2414 708 2440 4
717 2434 723 2444 ,
736 2421 808 2440 1111111.
819 2413 848 2441 2.

99 2453 156 2489 (95)
170 2451 293 2492 Falaum_
304 2457 351 2481 est,
368 2451 435 2492 quod
449 2451 539 2492 vulgo"
547 2449 662 2492 creditur
675 2449 802 2492 quintum,
825 2454 848 2492 et

63 2483 178 2520 3mm,
203 2492 255 2514 etc.
284 2487 312 2513 ln
338 2483 501 2521 quibusnam
523 2483 850 2521 Scripturze'llbristrt-s

63 2525 132 2551 alias
149 2517 281 2549 editiones
295 2517 428 2555 quintam,
441 2525 544 2548 sextam
559 2517 591 2546 et?
599 2519 740 2555 septimam
758 2517 849 2555 Hexa-

64 2560 114 2593 plia
131 2557 265 2585 addiderit
275 2553 762 2593 Origenes,accuratissitnepntnium
772 2553 851 2592 docet

67 2587 98 2621 ἰ).
113 2593 268 2621 Bernardus
286 2587 503 2617 de-lllonll'aucon
530 2591 555 2616 in
575 2588 805 2622 Prmliminaribus
822 2587 849 2614 in

67 2628 182 2661 Ητίταρι.
195 2634 255 2661 pag.
273 2625 316 2652 l6.
332 2635 340 2652 1
356 2626 528 2663 Exploratum
542 2630 593 2656 est,
605 2623 850 2663 iuquit,_ediliones

64 2657 203 2698 quint-am,-
214 2657 317 2698 sextam
328 2666 354 2698 et
369 2657 520 2698 septimam,
536 2668 587 2687 non
605 2660 630 2686 in
643 2657 767 2698 outuibus
779 2657 851 2684 Seri-

66 2693 152 2734 ptura:
166 2697 251 2728 lihris,
270 2696 316 2734 sed
329 2693 505 2734 in_alit|ttibu's‘
522 2699 625 2722 tantum
645 2693 785 2734 columnas
805 2700 852 2720 oe-

65 2731 182 2767 cupasse
193 2739 266 2758 suas.
282 2732 308 2757 In
324 2732 596 2767 quibusnamgautem,
610 2737 660 2767 nec
668 2731 790 2767 vetet-um
802 2735 852 2767 nec

65 2763 252 2796 recentiorum
264 2763 340 2793 ullus
350 2773 466 2798 unquam
481 2765 559 2791 dixit.
576 2764 642 2791 Nam
655 2764 710 2791 hoc
719 2764 804 2790 solum
814 2763 852 2790 ait

66 2805 267 2833 Hieronymus:
285 2800 412 2827 Nonnulli
433 2808 491 2827 vero
503 2799 572 2829 libri,
590 2799 735 2826 etmaxime
751 2798 787 2829 hi,
806 2799 851 2833 qui

64 2839 136 2872 apud
153 2833 276 2863 llebra‘os
291 2844 365 2863 versu
377 2833 512 2872 compositi
524 2839 595 2865 sunt,
608 2839 658 2860 tres
678 2834 744 2872 alios
759 2833 853 2872 editio-

66 2867 111 2901 n'es
137 2873 241 2899 additos
255 2871 360 2897 habent.
376 2870 556 2907 Quamobrem
571 2876 658 2907 operte
669 2868 782 2902 pretium
800 2867 853 2894 erit

66 2910 112 2937 hic
130 2909 213 2935 libros
229 2914 378 2938 recensere,
408 2906 433 2932 in
465 2904 562 2939 quibus
590 2904 694 2937 quinta,
721 2906 797 2929 sexta
821 2909 853 2928 ac

902 2275 1011 2309 regione
1025 2274 1138 2300 aliarum
1154 2274 1256 2309 positas
1269 2274 1352 2301 fuisse
1369 2274 1395 2300 in
1419 2273 1486 2300 libro
1501 2273 1681 2309 Psalmorum,

900 2307 978 2336 et'in
1006 2307 1310 2342 duodecim’prophetis
1341 2308 1500 2336 minoribus.
1525 2307 1553 2335 ln
1568 2308 1683 2337 Psalmis

900 2344 1009 2378 quidem
1027 2348 1082 2370 tres
1093 2343 1153 2370 illas
1168 2343 1299 2370 editiones
1319 2349 1462 2378 ρει-10111111
1475 2343 1572 2371 librum
1587 2343 1683 2377 adjun-

900 2377 958 2406 ctas
984 2377 1068 2404 fuisse
1094 2377 1207 2404 suadent
1222 2377 1373 2412 frequentia
1393 2379 1499 2405 illarum
1520 2378 1681 2413 fragmenta,

900 2421 959 2448 quae
973 2413 1070 2448 passim
1079 2413 1257 2448 observantur
1272 2421 1278 2439 :
1293 2413 1319 2439 in
1337 2413 1479 2441 duodecim
1492 2421 1556 2440 vero
1567 2413 1681 2448 prophe-

902 2447 936 2475 tis
949 2447 1109 2477 minoribus.
1128 2451 1196 2483 teste
1219 2447 1392 2483 Hieronymo,
1425 2453 1523 2482 prater
1544 2447 1682 2482 Aquilam,
1720 2464 1723 2468 ν

902 2483 1103 2519 Symmachum,
1124 2482 1540 2519 Septuaginta,'Theodotiouem
1557 2488 1585 2510 et
1603 2484 1683 2517 quin-

900 2517 966 2550 tam,
991 2518 1049 2544 duae
1068 2517 1127 2544 alia:
1146 2517 1276 2545 editiones
1300 2519 1429 2553 appositae
1445 2522 1532 2550 erant,
1557 2519 1684 2545 videlicet

901 2559 977 2580 sexta
1000 2557 1027 2579 et
1052 2553 1176 2585 septima,
1193 2551 1482 2587 quarum'fragmenta
1503 2552 1682 2586 exhibemus;
1711 2551 1714 2555 ’

901 2588 1001 2619 quintae
1010 2594 1104 2621 nempe
1120 2587 1348 2620 frequentissima.
1364 2588 1477 2614 aliarum
1488 2595 1552 2615 vero
1567 2588 1682 2615 rariora.

901 2622 1041 2650 Canticum
1056 2626 1145 2648 autem
1163 2621 1288 2648 Habaeuc
1317 2622 1466 2649 secundum
1490 2630 1570 2649 unam
1590 2630 1622 2650 ex
1641 2623 1683 2650 his

902 2657 1043 2693 postremis
1055 2657 1216 2693 editionibus
1225 2656 1356 2689 integrum
1365 2663 1601 2693 reprmsentamus,
1611 2658 1683 2692 quod

903 2691 965 2720 cum
978 2699 1027 2719 nec
1041 2691 1152 2726 quinta},
1165 2698 1215 2718 nec
1229 2697 1387 2726 sextaeesse
1401 2692 1497 2726 possit,
1509 2691 1631 2725 sequitur
1648 2700 1681 2720 ex

902 2728 1017 2762 septima.
1037 2725 1205 2761 desumptum
1225 2733 1301 2762 esse.
1318 2725 1345 2753 In
1360 2726 1479 2762 Canticis
1501 2726 1683 2762 canticorum,

902 2760 1002 2797 quintae
1016 2762 1100 2789 solum
1111 2766 1138 2788 et
1149 2765 1232 2788 sexta:
1243 2761 1370 2788 lectiones
1383 2760 1545 2797 alferuntur;
1561 2761 1682 2797 septimap

903 2795 974 2825 vero-
989 2805 1022 2824 ne
1041 2796 1183 2831 vestigium
1209 2796 1315 2831 quidem
1333 2796 1461 2828 habetur;
1476 2796 1546 2831 unde
1566 2795 1683 2822 fortasse

903 2833 1021 2867 suspicio
1047 2830 1151 2859 oriatur
1174 2830 1225 2859 hic
1239 2831 1378 2866 septimam
1402 2830 1599 2867 nonﬁadl‘uisse
1620 2837 1682 2857 cum

903 2866 973 2897 aliis.
988 2868 1057 2902 quod
1082 2872 1170 2894 tamen
1198 2867 1302 2894 nonnisi
1321 2871 1421 2902 temere
1442 2866 1569 2893 allii-mari
1582 2869 1681 2902 potest.

904 2900 1079 2930 Potuit’enim
1093 2903 1143 2929 etsi
1156 2902 1281 2936 adfuerit,
1294 2909 1309 2928 a
1324 2901 1515 2930 collectoribus
1528 2900 1637 2936 negligi.
1652 2900 1683 2927 ln
