1908 3071
255 150 267 176 1
273 149 324 177 239

890 150 919 177 Ρ.
943 149 1102 178 DANIELIS
1119 148 1236 176 UUETIl

1798 145 1860 172 ’1260

254 210 288 235 nd
301 208 354 237 Tit.
369 216 409 239 Ill,
424 210 456 235 tt:
471 218 479 233 ι
497 208 572 236 Unde
587 213 614 236 et
630 209 707 237 nobis
721 217 793 236 cura:
804 210 956 238 fuitomnes
967 215 1040 237 vete-
1053 215 1076 241 Α
1093 209 1174 241 rium,
1199 209 1225 236 itt
1247 211 1302 236 tota
1327 207 1475 235 Bibliorum
1500 204 1692 234 denominanda
1714 203 1783 230 mole
1804 203 1859 230 ratio

254 256 292 282 ris
305 255 384 290 Legis
394 255 487 287 libros,
503 263 570 289 quos
589 255 630 282 vir
644 257 739 283 doctus
753 256 928 284 Adamantius
942 257 967 283 in
982 256 1038 284 He-

252 301 332 335 ampla
350 301 500 336 digesserat
526 301 558 328 de
572 300 734 328 Ctesariensi
760 301 921 329 bibliotheca
938 302 1040 329 descri-

253 353 323 382 ptos,
337 355 370 374 ex
391 347 456 381 ipsis
473 347 636 374 authenticis
652 347 814 380 emendare;
839 348 864 374 itt
887 349 984 383 quibus
1013 353 1040 376 et

253 393 310 426 Ipsa
329 391 440 418 llcbrzea
454 392 570 427 propriis
594 396 657 419 sunt
678 393 881 420 cltaracteribus
896 394 976 420 verba
991 394 1038 422 de-

253 438 363 472 scripta,
386 443 414 466 et
433 438 535 465 Graecis
556 438 653 465 litteris
669 439 777 466 tramite
789 447 917 474 expressa
940 441 1037 467 vicino.

252 483 348 518 Aquila
360 484 453 516 etiam,
473 489 500 510 et
521 483 712 518 Symmachus.
732 483 907 518 Septuaginta
921 492 1038 519 quoque,

251 534 279 556 et
301 528 450 556 Theodotio
468 537 545 555 suum
564 529 686 555 ordinem
711 533 810 555 tenent.
834 528 957 556 Nonnulli
976 537 1040 556 vero

251 575 325 608 libri,
341 580 368 602 et
385 575 501 602 maxime
527 575 553 602 hi
572 575 616 608 qui
633 575 703 608 apud
718 573 846 603 Hebraeos
866 583 945 602 versu
964 583 1039 602 cont-

252 621 333 654 positi
342 625 414 651 sunt.
431 626 484 648 tres
492 621 558 647 alias
568 621 700 649 editiones
714 622 817 648 additas
840 622 948 653 habent,
959 629 1038 655 quam

252 667 386 701 quintam,
399 671 428 694 et
439 671 554 699 sextam,
567 673 595 694 et
608 667 751 702 septimam
768 667 974 694 translationem
991 675 1038 694 vo—

254 717 331 746 cant,
360 714 550 740 auctoritatem
587 714 646 741 sine
678 714 832 742 nominibus
861 714 1038 749 interpretum

253 765 423 786 consecutus.
447 770 457 786 ι
472 760 564 793 Itaque
580 761 606 787 in
620 760 664 786 illa
680 761 816 788 variarum
832 761 980 788 editionum
991 768 1038 788 co-

254 805 465 839 agmentatione.
491 805 572 839 aliqui
604 805 664 832 libri
689 811 806 840 quatuor
827 805 959 833 duntaxat
976 814 1040 834 con-

253 850 362 877 stabant
378 851 552 882 editiouibus,
567 859 627 878 cum
645 851 731 885 Diplil
743 851 897 884 Hebraicis;
918 857 998 887 atque
1013 853 1039 880 hi

1091 254 1183 282 habita
1208 261 1260 281 non
1284 259 1334 285 est,
1353 253 1468 286 ideoque
1491 259 1506 278 a
1529 251 1635 278 nemine
1655 248 1785 283 Enncapla
1801 248 1858 275 dicta

1089 304 1162 327 sunt.
1175 300 1280 328 Asserit
1296 299 1376 325 etiam
1399 297 1530 332 Origenes
1551 296 1585 323 ab
1605 294 1859 328 interpretationibus

1089 345 1193 381 Aquila:
1203 351 1230 372 et
1245 344 1440 372 Theodotionis
1456 343 1574 370 abfuisse
1599 341 1722 368 Threnos
1741 339 1858 367 Ieremia.

1089 393 1182 428 Itaque
1199 392 1267 419 liber
1284 391 1328 418 ille
1345 390 1427 417 fuerit
1438 387 1621 424 Τετραπληῦς,
1645 387 1691 414 sed
1715 390 1796 413 totum
1809 394 1860 413 cor-

1090 447 1139 474 pus
1152 438 1301 466 Bibliorum
1321 441 1430 471 propter
1445 435 1507 462 libri
1525 433 1699 467 exiguitatem
1721 431 1860 466 Tetrsplum

1089 486 1142 514 dici
1157 492 1209 512 non
1223 484 1326 512 debuit.
1339 483 1453 517 Quidam
1473 481 1594 515 llexapla
1611 481 1660 507 ista
1675 479 1805 506 volumina
1822 486 1859 513 ap.

1090 532 1232 568 pellaruut,
1249 530 1364 558 fortasse
1376 529 1456 556 etiam
1475 526 1597 562 Hexapla
1611 526 1644 553 ab
1655 525 1770 560 Origene
1783 526 1861 552 inscri-

1091 582 1135 612 pta
1151 581 1223 608 sunt,
1236 576 1308 610 quod
1323 582 1417 609 magna
1433 574 1537 600 illortutt
1551 580 1614 607 pars
1626 576 1742 606 quatuor
1755 571 1862 597 editioni-

1089 623 1149 654 bus,
1163 622 1275 656 Aquilae,
1291 621 1457 657 Symmachi.
1473 619 1526 646 τῶν
1538 618 1564 647 0’
1580 623 1606 646 et
1631 617 1825 646 Tlteodotionis.
1837 625 1861 644 ac

1089 669 1175 704 Diplis
1190 673 1319 702 praeterea
1343 666 1482 694 Hebraicis
1498 670 1570 693 esset
1584 664 1698 692 conﬂata
1717 674 1725 692 :
1740 664 1784 690 alii
1808 670 1861 691 vero

1089 722 1151 743 cum
1171 715 1212 742 his
1229 713 1411 741 voluminibus
1436 720 1481 739 sex
1503 711 1637 739 editiones
1655 711 1765 738 Graecas
1783 715 1861 743 prater

1090 760 1221 788 llebraiea
1238 759 1406 793 exemplaria
1429 759 1516 785 inesse
1543 757 1738 791 intelligerent,
1767 755 1858 791 Octapla

1091 805 1212 833 vocanda
1226 809 1400 832 censuerunt.
1421 803 1590 838 Quapropter
1604 810 1686 830 nemo
1699 801 1788 828 mirari
1798 802 1859 829 debet

1091 860 1140 880 cur
1166 851 1294 886 llemaplis
1324 859 1371 878 sex
1397 851 1529 878 editiones
1545 849 1663 879 Graecas.
1691 853 1719 875 et
1735 849 1795 875 duos
1814 856 1860 875 con-

254 895 316 922 libri
330 902 408 922 erant
420 903 482 923 vere
499 895 634 934 Ἐξατελοῖ.
647 895 700 923 Sex
712 904 776 924 vero
793 896 928 924 habebant
944 898 1043 925 editio-
1060 891 1081 920 Β
1097 902 1185 925 textus
1204 897 1351 925 llebraicos
1367 896 1452 923 fuisse
1473 896 1589 923 intextos
1604 895 1726 922 dixerint
1741 894 1859 926 Eusebius,

254 949 302 969 nes
316 941 434 972 Grmcas.
451 949 511 969 cum
525 942 610 977 Drplis
626 942 774 976 Hebraicis,
792 944 837 970 alii
849 944 909 971 libri
920 951 969 977 per
982 952 1042 972 ver-

254 995 301 1015 sus
316 987 467 1022 compositi,
484 993 597 1023 excepto
614 988 757 1021 Psalterio,
771 997 867 1024 nempe
885 989 1042 1024 Proverbia,

254 1032 432 1060 Ecclesiastes
456 1037 484 1060 ct
504 1034 707 1062 Canticumzae
722 1034 834 1069 proinde
848 1039 927 1062 erant
947 1035 1043 1062 Ὀκτω-

255 1078 327 1104 πλοϊ.
358 1079 393 1105 At
415 1079 482 1106 liber
511 1078 678 1107 Psalmorum
709 1085 807 1114 prteter
841 1080 963 1115 geminas
989 1080 1042 1108 He-

256 1123 341 1151 braici
365 1129 509 1152 contextus
527 1125 667 1152 columnas
687 1130 791 1160 septem
807 1125 938 1153 editiones
958 1125 1043 1153 conti-

255 1170 347 1202 nebat,
373 1171 525 1205 meritoque
544 1170 644 1197 librutn
668 1171 739 1198 hunc
760 1170 938 1198 Ἐννεαπλοῦν
961 1170 1043 1200 fuisse

256 1217 368 1245 diceres.
377 1217 460 1250 Igitur
472 1225 539 1251 opus
557 1217 625 1244 istud
638 1216 762 1251 Origeuis
774 1219 870 1252 partim
884 1223 944 1246 erat
955 1218 1044 1245 [Ieza-

255 1263 340 1297 plum,
352 1264 450 1298 partim
462 1263 611 1298 Octaplum,
626 1265 722 1297 partim
735 1263 900 1300 Enneaplum
911 1274 917 1292 :
930 1265 985 1300 (96)
998 1265 1044 1292 sed

257 1310 379 1344 septima:
393 1311 529 1341 editionis.
549 1318 610 1345 qua:
626 1312 658 1336 ad
681 1318 761 1338 unutn
777 1311 929 1346 pertinebat
943 1311 1046 1338 Psake

255 1379 439 1407 Pentateucho
459 1385 547 1407 autem
572 1380 692 1415 quintam
719 1384 746 1407 el
767 1385 871 1408 sextam
894 1381 1041 1408 editionem

255 1414 343 1442 locum
363 1422 510 1450 occupasse
537 1423 615 1442 suum
640 1415 823 1443 testificantur
852 1416 972 1450 exempla
990 1425 1042 1443 non

257 1457 342 1510 pauca
357 1457 364 1475 :
379 1451 418 1477 sic
435 1449 533 1478 Geues.
556 1458 607 1484 cap
630 1458 723 1482 xxxrv,
743 1458 813 1478 vers.
833 1451 876 1482 15,
901 1449 938 1478 ex
951 1452 1045 1479 codice

269 1484 343 1510 legio
371 1484 483 1510 affertur
506 1486 605 1510 ouium:
629 1485 758 1510 editionis
775 1486 863 1510 lectio.
886 1487 929 1510 ubi
950 1494 1043 1510 vocem

269 1484 353 1520 legio
371 1484 483 1512 all'ertur
506 1486 605 1520 quinta:
629 1485 758 1512 editionis
775 1486 863 1518 lectio,
886 1487 929 1512 ubi
950 1494 1043 1514 vocem

257 1524 324 1549 mu:
405 1518 543 1556 interpres
559 1521 638 1547 vertit
650 1521 831 1556 ἐννοῆσομενς
848 1525 874 1547 et
889 1529 948 1555 cap.
963 1529 1044 1553 xxxv,

256 1564 328 1584 vers.
343 1554 386 1583 19.
405 1555 430 1581 ἰιι
449 1555 520 1582 hunc
536 1555 622 1582 locum
635 1554 745 1586 omni:
760 1554 810 1585 R‘ln
817 1554 1045 1586 MWER'Ambro-

257 1591 354 1619 sinsin
370 1590 455 1624 Epist.
482 1591 516 1618 ad
545 1589 741 1618 Horontt‘anum
756 1593 793 1617 ait
811 1600 818 1618 :
836 1591 935 1623 Quinta
960 1597 1046 1618 autem

262 1627 381 1657 traditio,
396 1626 507 1661 ephrata
519 1646 527 1657 ,
555 1627 613 1660 ipsa
627 1631 669 1653 est
683 1627 780 1654 domus
797 1626 874 1661 panis
891 1634 898 1654 :
911 1627 961 1653 hoc
976 1635 1046 1660 pna-

259 1662 364 1688 teritum
376 1665 413 1687 est
433 1662 461 1687 in
482 1660 594 1688 aliorum
611 1660 807 1693 traditionibus,
823 1661 867 1688 ubi
888 1661 1048 1688 traditiones

259 1697 306 1724 ille
323 1703 371 1730 pro
395 1696 558 1722 editionilnus
584 1701 704 1731 usurpat.
725 1696 755 1722 Et
768 1696 854 1724 Levil.
869 1703 888 1728 ι,
909 1696 954 1726 16.
969 1697 1001 1724 Α.
1017 1697 1046 1724 Σ.

257 1731 307 1772 τῂν
328 1730 492 1772 σιτίζουσαγ.
556 1732 587 1758 Ε.
605 1730 655 1767 τὴν
668 1732 753 1766 ὀσφὺν
767 1731 801 1772 ἢ]
816 1732 896 1772 ἡμεῖς
914 1731 1048 1772 italo-Spei;

259 1766 356 1801 φῦσαν.
381 1767 446 1792 Item
467 1766 552 1794 Levil.
567 1766 678 1800 cap.'xr,
694 1775 765 1794 vers.
780 1766 807 1798 ὅ,
829 1767 857 1794 Σ.
875 1767 905 1793 E.
921 1767 975 1794 ἀπὸ
983 1767 1048 1798 τῶν,

259 1801 454 1837 καρπωμάτων
476 1802 588 1837 Κυρίου.
605 1801 637 1828 Ει
655 1802 738 1829 Levit.
755 1810 784 1833 ιι.
802 1802 845 1834 ΓΙ,
864 1803 896 1828 Α.
915 1803 946 1830 0.
969 1801 1000 1829 Θ.
1016 1803 1047 1829 Ε.

259 1835 433 1872 νυὶιτικόραξ.
448 1845 477 1868 ς.
492 1835 586 1870 γΧαὺξ.
609 1837 640 1864 Ε.
656 1837 793 1870 Quintam,
809 1846 839 1869 ς.
856 1841 958 1864 sextam
978 1838 1048 1864 indi-

260 1877 314 1904 t-at,
341 1877 367 1898 et
389 1873 529 1906 utriusque
546 1873 734 1905 interpretatio
748 1872 869 1899 all'ertur.
890 1872 1047 1907 Ibidemque

259 1915 334 1934 vers.
352 1907 397 1938 3],
414 1908 445 1933 0.
468 1907 499 1934 Θ.
525 1908 554 1934 Ε.
581 1907 670 1934 αὐτῶν
695 1907 875 1942 τεθνηκότων.
897 1907 976 1934 Hisce
993 1912 1048 1934 tam

263 1942 363 1976 apertis
381 1942 539 1969 testimoniis
556 1943 684 1977 refragari
702 1951 780 1969 neruo
795 1951 874 1977 posse
886 1942 1002 1977 videtur.
1016 1944 1052 1970 At

262 1977 361 2003 mirum
373 1982 413 2012 est
434 1978 555 2012 quintam
574 1983 601 2004 et
618 1982 721 2004 sextam
738 1978 885 2004 editionem
910 1986 924 2003 a
941 1978 1048 2004 nemine

262 2017 383 2038 veterum
398 2011 556 2039 Grai-corum
579 2013 624 2046 qui
640 2014 665 2039 in
681 2012 896 2039 Pcutateuchnm
916 2017 956 2038 tot
967 2013 1049 2039 Com-

263 2048 396 2074 rneutaria
418 2048 571 2076 ediderunt.
587 2053 763 2074 memoratam
778 2048 880 2081 uspiam
901 2048 993 2074 fuisse.
1013 2047 1049 2074 De

263 2083 374 2116 septima
403 2083 429 2108 in
454 2081 637 2109 Peutateucho
662 2082 727 2108 nihil
751 2083 831 2109 hodie
851 2090 857 2107 :
880 2087 968 2108 tttrum
986 2090 1049 2109 vero

263 2117 328 2144 olim
352 2117 470 2144 adiuerit
495 2118 643 2151 ignoratur.
670 2118 772 2144 Praeter
793 2118 874 2144 hosce
901 2117 983 2143 libros
1005 2117 1048 2144 ubi

266 2154 346 2179 trium
360 2153 540 2186 posteriorum
556 2153 703 2179 editionum
719 2153 829 2186 vestigia
847 2153 1006 2185 reperimus,
1023 2153 1048 2178 iu

264 2187 326 2214 aliis
340 2189 420 2215 etiam
439 2188 574 2214 exstitisse
591 2187 740 2214 subiudicat
772 2188 950 2221 Hieronymus
970 2187 1050 2214 Com-

264 2228 349 2249 ment.
369 2223 395 2248 in
411 2221 495 2256 Epist.
515 2225 549 2249 ad
565 2222 674 2249 Titum:
702 2222 830 2249 Nonnulli
851 2230 909 2248 vero
923 2223 992 2254 libri,
1014 2222 1050 2248 in-

1094 943 1259 979 Epiphauius
1283 948 1310 970 et
1336 943 1467 975 Zonaras,
1485 942 1594 969 intaxtre
1616 942 1718 976 quippe
1734 945 1803 968 erant
1818 942 1860 968 edi-

1095 991 1183 1018 tiones
1200 990 1253 1018 illaa
1271 997 1317 1017 sex
1336 990 1362 1017 in
1381 989 1516 1024 aliquibus
1526 990 1658 1016 duntaxat
1671 987 1760 1020 libris,
1783 995 1826 1014 non
1840 989 1859 1014 in

1095 1036 1244 1070 universis;
1264 1044 1325 1063 nam
1349 1036 1472 1071 quamvis
1494 1035 1605 1062 intexta
1625 1034 1720 1062 itidem
1744 1039 1823 1061 essent
1839 1033 1859 1060 in

1094 1082 1209 1110 Psalmis
1222 1082 1355 1110 editiones
1370 1087 1487 1117 septem,
1511 1080 1633 1115 Hexapla
1648 1085 1741 1108 tamen
1762 1079 1860 1106 Psalmo-

1095 1136 1154 1156 rum
1186 1128 1257 1155 idem
1283 1128 1351 1155 dixit
1375 1128 1518 1155 Eusebius.
1551 1127 1726 1154 Manifestum
1750 1133 1809 1159 ergo
1829 1129 1859 1152 est

1095 1181 1177 1200 unum
1194 1173 1318 1208 idemque
1331 1181 1399 1208 opus
1415 1173 1497 1200 fuisse
1511 1172 1632 1207 Ilexupla
1645 1177 1674 1199 et
1692 1171 1811 1206 Octapla;
1826 1172 1859 1198 sed

1095 1227 1110 1247 a
1124 1220 1237 1247 diversis
1255 1220 1352 1254 quibus
1367 1221 1507 1247 constabat
1521 1212 1642 1254 partibus
1659 1219 1780 1246 diversas
1789 1218 1859 1252 appel-

1096 1266 1211 1294 lationes
1239 1267 1374 1294 habuisse.
1393 1266 1448 1301 (97)
1473 1266 1597 1299 Tetrapla
1627 1271 1719 1293 autem
1748 1265 1858 1300 privatum

1097 1311 1149 1339 fuit.
1172 1319 1205 1339 ac
1229 1317 1385 1345 separatum
1405 1319 1474 1347 opus
1490 1313 1523 1339 ab
1542 1311 1660 1346 Origene
1686 1315 1745 1345 post
1763 1309 1860 1342 Empta

1097 1386 1152 1409 tres
1169 1382 1219 1409 illa:
1235 1382 1369 1410 editiones
1391 1381 1487 1408 addita:
1504 1381 1622 1413 fuerant,
1650 1388 1714 1408 esse
1728 1380 1803 1407 libros
1818 1387 1859 1406 me-

1094 1422 1150 1444 tros
1166 1417 1309 1448 metricos;
1331 1424 1426 1450 nempe
1449 1416 1511 1448 Job,
1536 1416 1656 1443 l’saltnos
1682 1421 1711 1442 et
1723 1413 1858 1446 Proverbia,

1094 1457 1122 1480 et
1143 1457 1229 1480 tamen
1250 1453 1428 1486 apertissimis
1447 1452 1579 1486 exemplis
1594 1451 1721 1484 superius
1739 1451 1857 1484 probatum

1096 1493 1149 1520 est,
1168 1487 1225 1514 illas
1238 1489 1371 1515 editiones
1383 1486 1503 1514 adfuisse
1516 1487 1541 1513 in
1559 1486 1752 1517 Peulatt-nclto,
1773 1486 1795 1511 in
1812 1492 1860 1519 pro-

1097 1523 1185 1557 phetis
1202 1522 1350 1549 minoribus
1377 1527 1404 1550 et
1420 1522 1446 1549 in
1460 1522 1580 1549 Canticis
1592 1531 1598 1552 ;
1611 1529 1643 1548 ex
1659 1521 1806 1557 librisvero
1820 1528 1860 1546 mer

1100 1556 1177 1585 tricis
1193 1557 1315 1584 Psalmos
1332 1563 1436 1584 tantum
1459 1558 1538 1584 triutn
1555 1557 1664 1583 illarttm
1682 1556 1818 1582 editionum
1830 1562 1860 1580 re-

1100 1592 1197 1626 liquias
1220 1597 1247 1620 et
1271 1593 1378 1625 quidem
1403 1592 1637 1626 frequentissimas
1669 1592 1806 1625 praeferre;
1823 1589 1859 1616 Job

1099 1632 1188 1654 autem
1221 1633 1248 1655 et
1279 1627 1437 1658 Proverbia.
1462 1635 1576 1660 quorum
1603 1627 1722 1653 maxima
1739 1626 1858 1652 lectionum

1099 1663 1289 1696 Hexaplarium
1315 1663 1382 1690 silva
1405 1667 1542 1697 superest,
1563 1670 1596 1688 tte
1612 1661 1760 1697 vestigium
1775 1660 1860 1697 quidem

1101 1699 1181 1724 triuut
1195 1698 1300 1724 illarutn
1315 1695 1463 1724 editionuiu
1482 1697 1591 1723 habere.
1610 1696 1656 1723 llis
1672 1695 1813 1730 conspectis
1826 1702 1859 1720 ue-

1102 1740 1146 1759 mo
1162 1733 1301 1766 negaverit
1312 1733 1455 1759 admodum
1470 1732 1577 1759 dillicile
1591 1739 1654 1758 esse
1669 1732 1787 1764 superius
1797 1730 1858 1755 allata

1099 1769 1222 1802 exempla
1237 1775 1297 1794 cum
1312 1768 1399 1794 verbis
1415 1767 1569 1801 Hieronymi
1585 1767 1744 1802 conciliare.
1755 1766 1859 1802 Cuman-

1101 1808 1154 1830 tem
1170 1800 1280 1829 omnino
1304 1808 1408 1829 eertum
1433 1803 1467 1829 sit
1485 1800 1626 1836 Origenctn
1641 1810 1694 1828 non
1714 1801 1740 1828 in
1759 1800 1859 1836 omnibus

1101 1837 1247 1874 Scriptura:
1261 1838 1337 1864 libris
1350 1842 1405 1864 tres
1419 1837 1477 1874 illas
1489 1835 1727 1874 interpretationes
1743 1835 1858 1874 adiecisse,

1101 1873 1183 1906 quan'i
1195 1877 1281 1906 potest
1293 1880 1354 1899 nunt
1372 1877 1426 1899 trcs
1442 1872 1478 1899 illi
1494 1872 1655 1905 interpretes
1669 1877 1749 1898 totatu
1762 1872 1857 1906 Scriptu-

1101 1902 1158 1934 ram
1175 1902 1229 1934 sint
1251 1908 1430 1942 interpretati,
1451 1915 1486 1934 an
1506 1914 1552 1934 eas
1564 1902 1649 1933 Solum
1664 1911 1752 1940 partes
1771 1902 1858 1942 qllmdil‘b

1100 1942 1215 1977 Origene
1226 1943 1263 1979 Vin
1280 1938 1397 1975 Ociaplis
1417 1938 1543 1979 adhibita:
1559 1946 1630 1979 sunt.
1663 1938 1740 1979 §mpe
1756 1938 1809 1968 cum
1822 1938 1856 1968 illi,

1101 1976 1194 2004 saltem
1215 1978 1267 2004 duo
1286 1978 1403 2011 priores.
1419 1976 1642 2005 Petitateucltttttt.
1662 1976 1819 2007 Psalmos,et
1832 1980 1855 1999 et

1101 2012 1264 2047 Hieronymo
1274 2011 1323 2039 Job
1334 2016 1361 2038 et
1375 2011 1537 2048 Proverbia;
1557 2018 1617 2048 cum
1635 2012 1701 2038 item
1722 2010 1819 2048 Cantica
1837 2013 1856 2048 et

1101 2043 1219 2074 minores
1241 2048 1395 2081 prophetas.
1419 2046 1620 2077 transtulerint,
1646 2054 1699 2072 non
1719 2046 1790 2072 video
1809 2043 1855 2078 quid

1101 2090 1189 2109 causas
1208 2080 1301 2114 fuerit,
1311 2089 1359 2109 cur
1374 2082 1478 2109 medios
1493 2081 1575 2108 libros
1592 2081 1745 2113 omiserint,
1757 2080 1855 2115 quodque

1101 2118 1187 2150 magis
1202 2122 1306 2150 urgeat,
1324 2125 1385 2144 cum
1402 2122 1456 2143 tres
1470 2117 1507 2143 illi
1522 2117 1682 2149 iulerprc:es
1696 2122 1724 2143 ιιι
1738 2115 1854 2150 plurimum

1102 2148 1402 2186 iuiisdenfScriptnt-e
1425 2151 1502 2179 libris
1526 2148 1708 2185 reperiantur,
1730 2148 1854 2186 licetbaud

1102 2187 1182 2214 dubie
1196 2187 1278 2214 variis
1297 2184 1324 2214 iii
1339 2187 1405 2213 locis
1420 2184 1591 2221 scripserint,
1616 2194 1665 2212 cur
1681 2188 1782 2213 eosdem
1794 2184 1854 2221 libros

1102 2230 1135 2249 ex
1152 2221 1285 2249 Hebraico
1310 2217 1503 2253 converterint,
1524 2222 1634 2248 eosdem
1654 2221 1798 2248 omiserint.
1816 2217 1854 2244 lloc

264 2258 332 2290 quit,
344 2263 366 2283 et
382 2254 495 2284 ntusime
507 2258 532 2284 Iti
547 2258 592 2292 qui
607 2257 675 2291 apud
696 2256 818 2284 Hebraeos
830 2265 905 2284 versu
917 2258 1052 2291 compositi
1068 2261 1090 2288 D
1104 2262 1177 2284 certe
1191 2264 1278 2290 neque
1295 2265 1372 2287 casu,
1387 2264 1473 2291 neque
1491 2256 1610 2292 consilio
1620 2256 1744 2283 accidere
1763 2254 1853 2292 potuis‘se

264 2297 335 2324 sunt,
350 2298 402 2318 (res
420 2295 485 2319 altus
503 2294 628 2319 editiones
647 2293 750 2318 additas
765 2293 870 2323 habent,
883 2299 962 2326 quam
979 2293 1051 2326 quin-

266 2333 330 2358 tum,
350 2332 374 2353 et
401 2332 510 2359 sextam,
535 2333 558 2354 et
581 2328 716 2361 septimani
730 2327 925 2353 translationem
949 2332 1050 2359 vocant,

266 2362 449 2388 auctoritatem
469 2363 525 2389 sine
540 2363 686 2389 nominibus
707 2363 874 2396 interpretum
889 2367 1050 2389 consecutae.

268 2397 306 2423 Ex
326 2396 401 2424 libris
418 2401 506 2424 tamen
523 2405 600 2424 versu
614 2398 773 2432 conscriptis
787 2397 836 2424 soli
851 2397 950 2423 Psalmi
970 2399 1050 2423 triunt

285 2432 719 2466 osleriorutninter-prolationum
744 2432 870 2466 reliquias
893 2432 1049 2465 praeferunt.

285 2441 719 2466 oslertorutn_tnterpretauoutnn
744 2441 870 2466 rettqutas
893 2441 1049 2465 praneruut.

266 2441 294 2494 ru
311 2468 360 2495 Job
374 2475 464 2495 autem
483 2472 509 2494 et
523 2467 687 2498 Proverbiis,
699 2468 749 2493 etsi
766 2467 853 2501 ampla
867 2468 981 2493 aliarum
995 2467 1051 2493 edi-

266 2504 368 2539 tionum
385 2509 462 2539 seges
474 2502 612 2534 olleratur,
623 2501 688 2528 nihil
704 2502 783 2539 hodie
797 2504 829 2529 de
839 2501 984 2539 tribt_tsillis
1002 2510 1051 2539 po-_

266 2538 375 2564 stremis
387 2536 580 2572 inierpretihus
596 2541 728 2572 superest.
742 2537 769 2564 Si
782 2542 882 2564 stetnus
895 2536 1049 2572 Hieronymi

266 2573 356 2600 verbis
369 2573 393 2599 in
403 2573 436 2601 iis
449 2573 534 2604 libris,
545 2573 589 2599 ubi
603 2573 642 2599 ha:
655 2577 794 2606 postrema:
803 2572 936 2599 editiones
944 2572 1051 2599 adlube-

265 2609 371 2639 bantitr,
382 2613 436 2635 tres
444 2616 551 2642 semper
559 2608 679 2638 aderant,
690 2615 738 2634 nec
746 2608 837 2641 quinta
847 2607 904 2634 sine
912 2612 1051 2640 sexta,nec

266 2647 379 2678 utraque
389 2645 448 2670 sine
464 2644 575 2676 septima
590 2646 675 2670 lorum
693 2643 795 2676 us‘piatn
812 2642 942 2675 habebat;
958 2650 1048 2669 verum

267 2677 323 2714 huic
335 2679 512 2714 Hieronymus
521 2679 663 2705 admodum
673 2677 851 2712 perluuctorie
861 2678 990 2714 narravit,
1001 2685 1050 2704 nec

269 2713 372 2739 videtur
382 2713 441 2746 ejus
452 2714 631 2740 testimonium
644 2716 676 2739 ad
690 2722 720 2740 ea
733 2720 792 2747 qua:
802 2720 882 2746 supra
893 2713 963 2738 dicta
976 2717 1048 2745 sunt,

268 2747 373 2785 penitus
384 2749 517 2781 quadrare
532 2756 618 2785 posse,
628 2748 650 2785 si
659 2749 779 2782 quidem,
789 2748 826 2774 ait
835 2747 891 2785 ille,
900 2747 926 2774 in
936 2747 1050 2774 nonnul-

268 2782 303 2817 lis
314 2782 390 2809 libris
399 2789 427 2810 et
437 2782 552 2809 maxime
564 2784 596 2809 iis
604 2783 648 2817 qui
663 2790 741 2810 versu
753 2783 893 2815 compositi
904 2787 978 2815 sunt,
994 2788 1050 2810 tres

269 2815 336 2842 alias
351 2818 492 2848 editiones,
522 2815 620 2851 nempe
633 2819 771 2852 quintam,
789 2824 892 2844 sextam
913 2822 940 2844 et
965 2818 1049 2852 septi-

269 2857 340 2876 mam
359 2852 463 2878 additas
488 2852 586 2884 fuisse;
613 2853 648 2879 ita
675 2858 702 2878 ιιι
723 2861 755 2878 ex
771 2852 830 2886 ejus
844 2852 933 2879 verbis
955 2852 1054 2879 iul'erri.

270 2891 350 2918 posse
365 2886 496 2920 videatur,
522 2889 665 2915 maximam
684 2886 862 2921 Πατανίων-ηιμ
883 2893 985 2920 partem
1004 2888 1046 2915 ubi

1104 2293 1221 2319 videtur.
1235 2289 1264 2319 Si
1279 2289 1440 2326 respondeas
1454 2299 1502 2319 cur
1513 2299 1576 2325 ergo
1594 2290 1724 2325 Origenes
1737 2291 1760 2317 iu
1771 2289 1853 2324 quibus-

1103 2327 1165 2354 dam
1177 2327 1262 2358 libris.
1275 2335 1328 2354 non
1341 2328 1366 2353 in
1378 2326 1516 2358 ouutihits,
1533 2327 1593 2354 illas
1606 2327 1738 2361 editiones
1752 2329 1853 2361 apposui?

1103 2363 1154 2395 fili
1169 2370 1294 2396 reponam
1307 2370 1366 2396 ego,
1379 2369 1426 2388 cur
1442 2362 1467 2388 in
1479 2361 1594 2388 Threuis
1603 2362 1660 2388 sive
1672 2359 1852 2396 Lamentaticuic

1101 2397 1152 2433 bus
1166 2395 1299 2428 lci-emite,
1320 2395 1407 2424 Solum
1426 2396 1691 2433 Sytntnaclnuucum
1703 2395 1805 2433 editione

1103 2431 1132 2459 0'
1143 2433 1251 2463 locavit,
1263 2440 1324 2459 cum
1342 2436 1430 2458 tamen
1446 2428 1548 2466 'Aquila
1558 2436 1586 2458 ct
1595 2430 1742 2458 Theodotio
1759 2428 1822 2462 hujus
1832 2428 1852 2451 li-

1102 2467 1153 2500 bri,
1164 2468 1284 2501 perinde.
1293 2473 1373 2500 atque
1382 2467 1494 2493 alioruttt
1506 2467 1750 2500 interpretationem
1764 2466 1850 2501 adorng-

1101 2497 1199 2532 verint.
1216 2497 1351 2529 utibidem
1368 2502 1394 2529 iu
1411 2502 1509 2529 Monito
1524 2497 1677 2536 probaturus.
1696 2500 1757 2529 lliuc
1769 2497 1851 2536 sane

1101 2544 1165 2572 quet
1176 2530 1207 2564 ex
1217 2537 1394 2572 hacOrigenis
1407 2530 1552 2564 omissioue
1563 2536 1684 2564 concludi
1694 2544 1742 2563 non
1753 2530 1850 2572 posse.

1102 2568 1280 2600 laseditioues
1293 2568 1344 2599 uo'n
1355 2573 1482 2607 integras,
1493 2573 1539 2599 sed
1550 2572 1653 2607 aliquos
1661 2576 1757 2598 tantum
1765 2568 1849 2595 Hebrai-

1101 2617 1139 2635 ca:
1154 2609 1298 2642 Scriptura:
1314 2607 1395 2635 libros
1408 2606 1562 2642 complexus
1575 2606 1666 2633 fuisse.
1683 2607 1798 2642 Caeterum:
1811 2607 1849 2627 rem

1102 2651 1154 2670 non
1161 2640 1268 2677 penitus
1278 2643 1441 2676 exploratam
1449 2640 1663 2676 lectorisjudicio
1673 2640 1846 2677 pertulttipupd

1137 2671 1193 2713 (εἰσ)
1209 2678 1261 2705 Sed
1273 2671 1388 2712 septumi:
1401 2677 1534 2708 editionis.
1551 2671 1609 2712 q'uw
1623 2678 1656 2713 ad
1674 2671 1753 2713 unum
1772 2671 1846 2713 ᾙειιίίές

1101 2703 1339 2746 rtdﬁiﬁévinabht.
1355 2703 1474 2746 Septima
1489 2703 1572 2740 editio
1585 2712 1733 2746 pertinebat
1750 2709 1814 2747 etiarn
1825 2703 1845 2730 ιδ

1101 2743 1241 2775 duodecim
1258 2743 1403 2782 prophetas
1417 2749 1546 2781 minores,
1573 2743 1601 2774 ιιί
1623 2755 1684 2774 ιιιωι
1713 2743 1845 2772 ostendimus

1101 2791 1133 2810 cx
1152 2784 1181 2810 Ι).
1200 2782 1228 2808 Β.
1244 2783 1278 2810 de
1298 2782 1480 2810 Moutfaucou.

1136 2816 1192 2859 (ili)
1212 2817 1332 2859 Tetrapla
1348 2822 1435 2844 autent
1449 2817 1576 2859 p‘riw‘tutn
1595 2817 1658 2859 fuit,
1671 2821 1721 2859 etc.

1101 2850 1213 2917 trabalia
1238 2861 1299 2888 cap.
1315 2853 1342 2888 4,
1365 2850 1482 2887 numf'i,
1501 2854 1543 2881 ubi
1563 2850 1620 2881 huic
1638 2851 1723 2880 Huctii
1745 2850 1845 2878 sentt-util

1102 2898 1113 2916 r
1142 2897 1156 2917 e
1180 2894 1241 2916 ttur.

1102 2894 1241 2917 relcuttut‘.
