1908 3071
63 145 148 173 1241

491 146 776 176 ORIGENIANOHUM
796 147 861 176 LIB.
882 147 926 178 111,
945 146 1022 176 CAP.
1042 147 1075 181 ll,
1097 148 1193 176 SECT.
1213 148 1256 176 IV.

1635 149 1645 176 1
1650 147 1702 176 EB

65 207 250 236 accuratum,
269 203 294 230 in
307 204 488 232 studiosorum
503 205 627 239 gratiam,
639 207 736 240 quibus
756 212 861 235 tantum
878 210 901 239 Α
915 213 975 235 xter
988 208 1104 240 erat,vel
1115 208 1225 236 sinister
1232 207 1379 243 legentium
1387 212 1509 243 respectu
1517 208 1626 236 sinister
1633 214 1702 242 erat,

66 250 130 277 alis
143 257 232 277 re-sua
243 251 286 278 vei
299 251 346 278 otii
363 252 404 279 vel
420 252 555 281 facultatis
567 261 620 280 non
632 258 699 287 erat,
714 255 866 289 utHexapla

67 302 241 330 comparare
261 303 382 331 possent.
410 298 464 326 Nec
487 307 647 334 quemquam
672 307 777 328 moveat
796 302 867 337 quod

68 342 178 368 scribit
196 342 376 378 Hieronymus
390 344 429 371 De
443 346 531 379 script.
541 347 682 374 ecclesiast.
698 348 724 374 in
739 347 866 383 0rigen.:
890 348 893 351 ’

75 394 88 410 ι
118 386 242 421 Exceptis
258 387 430 424 Septuaginta
453 389 658 425 lnterpretibus,
680 393 748 420 alias
762 401 869 428 quoque

71 431 216 459 editiones
232 432 260 459 in
279 441 360 460 unum
376 442 554 470 congregasse
573 437 711 470 volumen;
733 447 743 464 ι
760 438 830 473 quod
841 444 870 466 et

72 488 116 507 ex
143 481 310 518 Hieronymo
328 484 525 512 transtulerunt
543 485 708 520 Freculplnts
725 486 871 514 Lexovien-

72 527 123 552 sis
138 527 236 554 Chron.
259 533 324 555 tom.
341 527 372 561 ll,
389 529 435 556 lib.
449 537 490 562 ιιι,
505 537 564 565 cap.
580 531 608 564 2,
623 537 650 558 et
668 531 801 560 Honorius
816 533 871 561 Au-

74 573 294 604 gustodunensis
309 573 346 600 De
362 574 451 608 script.
464 575 607 604 ecclesiast.
628 575 656 604 Id
673 578 742 605 enim
756 579 806 606 sibi
824 586 871 606 vo-

75 617 156 649 lunt,
174 623 271 651 praeter
284 618 458 655 Septuaginta
472 620 645 656 lnterpretes,
659 623 777 658 reliquos
788 626 870 652 etiam

75 662 230 697 Origenem
245 665 270 691 in
291 673 372 692 unum
389 666 511 694 volumen
529 675 716 705 congregasse.

124 707 167 735 VI.
185 708 222 735 Ex
237 709 278 736 his
294 709 372 738 facile
390 711 547 747 intelligitur
560 720 689 748 quantum
705 715 774 743 ratio
786 715 872 744 Scali-

54 788 58 791 _
77 762 181 793 gerum
203 755 309 791 fugerit,
324 756 370 791 qui
392 757 417 784 in
433 758 610 787 delineatione
625 759 803 794 Hexaplorum
824 771 870 791 seu

78 799 270 836 Octaplorunt,
288 811 367 837 quam
389 805 414 831 in
426 812 515 832 sacras
535 813 597 833 snas
612 805 820 836 Exercitationes
835 817 873 836 re.

80 847 150 874 tulit
161 847 297 881 Heinsius,
308 854 453 884 utrumque
465 850 627 879 Hebraicum
640 859 796 881 contextum
812 860 872 890 post

80 893 329 928 interpretationes
354 883 463 923 Griecas
480 904 526 923 sex
545 897 570 924 in
590 898 669 924 linem
695 883 820 934 conjeeit:
844 900 871 928 Si
888 883 909 911 Β

79 939 168 966 modo
186 947 280 967 revera
297 940 426 976 Scaligeri
439 942 489 970 fuit
502 943 558 970 haec
570 943 723 977 delineatio,
739 946 809 979 quod
824 946 873 972 du-

80 985 161 1012 bium
181 986 246 1013 mihi
262 985 365 1014 faciunt
380 987 564 1023 Scaligeriaua
582 997 667 1024 nuper
679 990 762 1023 edita,
774 992 800 1017 in
814 991 873 1026 qui-

80 1030 139 1058 bus
168 1029 340 1066 Octaplorum
366 1033 507 1060 columnas
533 1042 707 1068 enumerans,
740 1036 874 1070 prioribus

81 1077 156 1106 locis
170 1078 321 1106 Hebraicas
332 1080 400 1107 duas
413 1085 546 1108 recenset.
560 1081 613 1108 Nec
623 1081 726 1109 felicior
737 1081 873 1116 Heinsius,

84 1131 153 1151 cum
171 1124 310 1152 columnas
331 1125 427 1153 ibidem
446 1125 624 1161 llexaplornm
637 1127 804 1160 describens.
821 1133 875 1156 ter-

84 1169 154 1196 tiam
168 1169 292 1196 attribuit
312 1170 488 1205 Septuaginta
514 1171 719 1206 lnterpretibus,
747 1177 872 1206 quartam

81 1215 205 1249 Aquilae,
220 1216 342 1250 quintam
360 1215 551 1249 Theodotioni,
569 1222 596 1244 et
620 1222 724 1245 sextam
748 1219 874 1254 Symma-

84 1261 153 1288 cho.
169 1260 262 1296 Neque
276 1261 308 1289 iis
324 1264 487 1291 excusandis
499 1263 597 1291 sullicit
610 1264 710 1293 Niceta:
724 1266 874 1293 Acominati

85 1308 241 1335 auctoritas
259 1309 293 1339 ".
315 1309 360 1342 qui
375 1309 400 1335 in
416 1310 496 1337 simili
516 1316 637 1338 versatus
651 1317 692 1339 est
710 1320 812 1344 errore,
828 1321 875 1340 co-

86 1352 190 1379 lumnis
201 1352 339 1380 Hebraicis
353 1353 487 1386 subjectos
515 1353 597 1382 fuisse
612 1355 676 1386 τοὺς
688 1356 714 1382 0'
731 1356 773 1382 his
790 1355 875 1390 Aqui-

85 1397 156 1429 lam,
170 1402 225 1425 tum
235 1397 438 1433 Symmachum,
451 1399 513 1428 inde
525 1400 749 1434 Theodotionem,
763 1405 789 1428 et
798 1402 877 1436 quin-

87 1447 148 1470 tant
170 1443 276 1470 demum
304 1444 556 1479 interpretationem
587 1453 756 1474 asseverans.
782 1446 878 1474 Pereat

87 1495 201 1523 quoque
209 1488 340 1516 Baronius
354 1490 468 1517 "aliter
478 1491 503 1517 in
519 1489 648 1524 Tetraplis
661 1491 806 1526 dispositas
821 1492 877 1519 edi-

918 253 1084 281 tlexlerlibri
1101 254 1196 289 ipsius.
1212 254 1304 289 Itaque
1318 254 1362 280 alii
1372 254 1468 281 dextro
1477 254 1534 282 loco
1541 256 1620 282 sitttm
1630 263 1700 288 esse,

919 299 964 326 alii
981 299 1092 327 sinistro
1107 300 1282 335 scripserant.
1298 299 1324 326 Id
1335 307 1396 326 cum
1409 299 1518 334 legisset
1538 300 1702 328 Philastrius

919 344 1083 371 existimavit
1096 344 1221 379 Aquilam
1236 344 1263 372 in
1275 344 1411 379 aliquibus
1421 344 1601 379 Tetraplorum
1612 353 1704 373 exem-

920 389 1042 424 plaribus
1055 389 1180 417 dextrum
1193 390 1310 417 tenuisse
1320 390 1420 422 locum,
1435 391 1460 417 in
1473 390 1534 418 aliis
1549 391 1703 424 sinistrum;

919 435 967 463 sed
987 435 1173 463 hallucinatus
1200 440 1253 468 est,
1272 443 1333 462 nam
1359 443 1466 470 semper
1481 435 1614 463 columna:
1641 436 1705 464 huic

920 482 1063 517 deputatus
1085 486 1144 514 est,
1164 489 1224 516 qum
1245 481 1278 508 ad
1299 481 1428 508 lectorum
1457 481 1549 508 lteram
1574 482 1704 510 collocata

920 532 989 556 erat.
1009 528 1076 556 Utut
1093 533 1145 560 est,
1163 532 1237 555 certe
1251 528 1276 554 in
1292 528 1380 554 medio
1396 535 1533 562 nunquam
1549 528 1632 556 fuisse
1642 536 1706 556 con-

921 578 994 601 stat:
1013 573 1109 601 fuisset
1136 579 1236 604 antem,
1263 575 1286 601 si
1304 575 1421 609 priorem
1451 575 1606 603 columnam
1623 582 1705 602 occu-

920 624 1034 654 passent
1052 619 1228 655 Septuaginta
1242 620 1419 655 lnterpretes,
1435 621 1531 655 Aquila
1547 621 1704 648 secundam.

922 664 1062 692 Helellitur
1078 666 1160 693 etiam
1174 674 1207 692 ex
1225 667 1387 699 supradictis
1399 667 1566 698 Salmasius,
1582 668 1628 702 qui
1648 667 1706 694 lucc

921 711 1015 738 scribit
1035 711 1061 739 in
1077 711 1279 739 Commentario
1289 713 1321 739 de
1336 712 1530 740 Hellenistica:
1546 722 1554 739 I
1575 713 1627 740 Sed
1644 720 1707 739 nus-

922 765 1002 792 quam
1024 757 1203 793 Hieronymus
1217 759 1318 794 quinta‘.
1329 764 1356 786 et
1374 763 1456 786 sexta:
1471 758 1704 786 editionismemi-

923 804 977 836 nit;
989 809 1015 831 et
1028 811 1088 831 cum
1104 803 1223 837 "ampla
1237 806 1347 838 vocitat,
1361 805 1484 839 intelligit
1494 804 1615 839 Tetrapla
1630 805 1706 832 Grae-

925 851 1030 882 canica,
1047 858 1108 877 cum
1131 851 1215 885 Diplis
1230 851 1366 878 Hebraicis
1390 859 1450 886 qum
1481 851 1601 885 Hexapla
1625 851 1708 879 iacie-

925 897 1001 924 bant.
1021 906 1030 923 ›
1049 897 1081 924 Et
1097 905 1157 924 mox
1175 897 1263 924 allatis
1277 898 1439 932 quihusdam
1457 897 1614 932 Hieronymi
1631 897 1708 930 locis,

924 943 951 969 in
973 943 1071 977 quibus
1095 942 1197 971 Grzecte
1220 943 1306 970 solum
1324 949 1440 978 quatuor
1460 943 1594 970 editiones
1609 950 1710 970 memo-

925 995 1030 1020 rantur,
1053 989 1164 1023 snbjicit
1182 998 1188 1016 :
1212 999 1220 1015 I
1243 990 1358 1026 Apparet
1376 997 1408 1016 ex
1423 990 1466 1017 his
1487 989 1629 1024 Origenem
1642 997 1709 1023 qua-

926 1039 988 1061 tuor
1001 1039 1104 1061 tantum
1120 1035 1253 1062 editiones
1269 1035 1340 1062 inter
1355 1043 1385 1063 se
1399 1043 1582 1070 comparasse,
1601 1040 1711 1062 etcom-

927 1080 1048 1114 posuisse
1069 1080 1094 1106 in
1127 1079 1276 1114 Tetraplis,
1296 1087 1356 1115 quae
1367 1088 1428 1108 cum
1455 1081 1558 1108 duobus
1574 1080 1712 1108 Hebraicis

928 1125 1047 1152 lcxtibus
1079 1125 1200 1160 Hexapla
1222 1126 1264 1152 illa
1295 1125 1426 1153 Ecclesiis
1443 1126 1566 1153 dedicata
1584 1131 1711 1153 contexe-

926 1172 1000 1199 bant.
1020 1182 1030 1200 ι
1045 1171 1125 1200 Certe
1140 1173 1165 1198 in
1181 1171 1337 1206 Hieronymi
1355 1172 1442 1199 verbis
1459 1179 1472 1198 a
1490 1179 1532 1199 me
1542 1179 1622 1206 supra
1641 1171 1709 1198 alla-

927 1218 961 1244 tis
974 1225 989 1244 e
1002 1217 1210 1245 Commentariis
1224 1217 1250 1243 in
1272 1216 1418 1250 Epistolum
1442 1217 1476 1243 ad
1492 1216 1592 1249 Titum,
1606 1216 1709 1243 mentio

928 1261 956 1287 lit
972 1261 1072 1295 quinta:
1086 1266 1112 1288 et
1128 1266 1211 1288 sexta:
1226 1261 1353 1288 editionis
1366 1281 1373 1292 ,
1396 1266 1422 1287 et
1442 1261 1592 1294 sepissime
1606 1260 1632 1287 in
1647 1260 1713 1295 Epi-

927 1307 994 1334 stola
1009 1308 1042 1333 ad
1057 1307 1168 1334 Suniant
1183 1311 1210 1334 et
1226 1306 1383 1340 Fretellam,
1400 1307 1513 1342 aliisque
1529 1307 1604 1334 locis.
1627 1305 1714 1333 Hexa-

927 1352 970 1387 pla
986 1358 1075 1379 autem
1103 1352 1175 1380 dicta
1201 1357 1263 1380 sunt
1278 1360 1321 1384 ea,
1337 1360 1389 1379 non
1404 1360 1463 1387 qua:
1478 1352 1602 1386 Telrttpla
1627 1352 1716 1379 solum

927 1397 1092 1429 Graecanica,
1117 1405 1177 1425 cum
1194 1398 1276 1432 Diptir
1290 1394 1438 1429 Hebraicis.
1454 1399 1500 1425 sed
1514 1405 1573 1431 qua:
1592 1398 1713 1432 quintam

928 1448 1070 1478 praeterea,
1089 1448 1116 1470 et
1130 1449 1248 1476 sextam,
1268 1451 1300 1471 ac
1324 1445 1468 1478 septimam
1484 1444 1642 1476 editionem,
1661 1451 1716 1470 non

929 1490 1037 1524 ubique,
1051 1490 1097 1518 sed
1111 1491 1138 1517 in
1150 1490 1289 1524 aliquibus
1304 1490 1390 1517 solum
1405 1489 1482 1516 libris
1498 1489 1652 1523 adjunctam
1664 1489 1717 1516 ha-

88 1536 180 1561 tiones
195 1534 303 1562 Graecas
317 1543 432 1563 censeas
447 1544 478 1563 ac
496 1537 521 1563 in
539 1536 677 1571 "emptis,
701 1542 727 1564 et
758 1538 874 1572 priercm
891 1554 912 1582 c
930 1536 1035 1564 herent.
1051 1535 1096 1562 Ait
1108 1536 1188 1570 paulo
1200 1541 1261 1571 post
1273 1535 1425 1563 Salmasius
1446 1544 1452 1562 :
1473 1544 1482 1561 I
1499 1534 1552 1562 Sed
1565 1540 1592 1562 et
1609 1540 1720 1563 veteres

87 1581 118 1608 in
140 1580 191 1607 illis
205 1580 291 1607 locum
303 1582 360 1612 τοῖς
376 1580 404 1607 0'
420 1582 572 1616 assignans,
592 1582 617 1609 iu
636 1582 678 1609 his
694 1583 813 1610 tertium.
824 1581 878 1610 Hos

89 1627 119 1653 in
135 1626 256 1653 fraudem
272 1626 379 1653 videtur
394 1627 510 1654 illexisse
519 1627 692 1662 l’ltiloponus,
705 1629 749 1662 qui
768 1629 794 1655 in
811 1629 878 1656 libro

87 1673 373 1707 Περὶκοσμοποιιας
386 1673 442 1700 loca
457 1674 526 1700 sacri
544 1679 687 1701 contextus
702 1682 735 1701 ex
753 1675 794 1701 his
812 1682 879 1709 qua-

90 1724 156 1746 tuor
167 1719 433 1754 intcrpretationibus
447 1718 571 1750 aﬂereus,
590 1720 679 1754 priore
696 1720 755 1747 loco
770 1721 835 1752 τοὺς
849 1720 876 1747 0’

91 1765 230 1798 collocat;
247 1765 288 1792 his
302 1766 411 1800 subjicit
426 1766 561 1800 Aquilam,
575 1766 638 1793 huic
654 1765 878 1800 Tlteodotionem,

92 1812 134 1839 illi
148 1812 353 1847 Symmachum.
384 1810 438 1838 Nec
456 1811 526 1838 enim
543 1811 664 1846 'I'ctrapla
681 1817 876 1846 reprtesenture

90 1859 261 1893 Pliiloponus
275 1859 407 1890 instituit;
424 1859 470 1886 sed
490 1858 515 1885 in
539 1858 804 1891 interpretationibus
824 1859 881 1886 dis-

97 1905 231 1940 ponendis
258 1905 439 1940 interpretum
465 1909 572 1931 tet-atem
588 1904 728 1938 respexit:
750 1911 810 1930 cttm
825 1904 880 1931 cla-

92 1959 155 1979 rum
173 1951 210 1978 sit
238 1951 402 1985 cmtcroquin
428 1957 462 1978 ex
495 1949 641 1984 Epiphanio
660 1949 720 1976 libr.
749 1949 786 1976 De
801 1951 881 1984 pauit.

93 2005 157 2032 cap.
170 1997 214 2030 19,
229 2003 394 2032 postremam
412 1996 565 2024 columnam
593 1996 747 2023 obtinuisse
760 1995 883 2023 Theodo-

95 2043 197 2070 tionem
207 2048 259 2069 tam
273 2043 299 2069 i-n
314 2042 443 2076 Tctraplis
453 2049 532 2076 quam
543 2043 569 2068 in
585 2041 724 2076 "amplis,
738 2043 882 2068 secundam

95 2089 305 2124 Symmachum,
320 2092 403 2123 atque
419 2088 468 2115 hos
485 2089 556 2114 inter
575 2088 678 2114 medios
704 2087 882 2122 Septuaginta

96 2134 252 2163 incessisse.
269 2133 419 2169 Τετραπλᾶ.
432 2133 486 2168 γάρ
497 2133 560 2166 εἰσι,
574 2132 715 2167 inquinarit
731 2131 883 2167 'mn'm,

94 2182 162 2208 ὅταν
179 2181 207 2207 αἱ
223 2179 271 2207 τοῦ
293 2180 402 2212 Ἀκύλα,
421 2179 469 2206 καὶ
483 2179 645 2215 Συμμάχου,
663 2179 712 2206 xui.
725 2179 778 2206 τῶν
795 2179 885 2206 Ἑϐδο-

936 1583 1031 1610 Patres
1041 1590 1073 1609 ex
1088 1583 1187 1617 quibus
1202 1583 1358 1617 compositae
1375 1587 1476 1609 catena:
1487 1601 1494 1613 ,
1514 1586 1542 1608 ut
1562 1585 1671 1613 vocant,
1688 1581 1717 1608 in

930 1629 1051 1656 diversos
1078 1629 1182 1655 Veteris
1196 1628 1362 1656 Tcstamenti
1381 1629 1463 1655 libros
1487 1628 1631 1662 leguntur,
1648 1635 1717 1654 nun-

934 1683 1016 1709 quam
1036 1676 1120 1702 citant
1136 1675 1283 1702 varietates
1312 1674 1520 1701 translationum
1544 1680 1559 1700 e
1583 1674 1676 1707 quinta
1691 1678 1718 1700 et

930 1725 1005 1748 sexta
1029 1721 1159 1752 editione,
1177 1721 1224 1747 Sed
1241 1728 1273 1747 ex
1299 1724 1416 1754 quatuor
1444 1719 1498 1746 illis
1517 1723 1620 1745 tantum
1649 1725 1719 1752 quas

930 1768 1043 1795 invicem
1061 1772 1249 1802 eoutposuerat
1275 1766 1414 1801 Origenes.
1427 1773 1459 1793 ex
1478 1766 1575 1800 quibus
1595 1765 1718 1799 Tetrnplu

931 1814 1042 1845 fecerat,
1059 1819 1084 1841 et
1096 1822 1156 1840 cum
1178 1814 1284 1848 getnino
1305 1812 1436 1839 llebraico
1457 1810 1601 1844 Ἐξαπλᾶ.
1621 1820 1630 1837 ι
1648 1811 1720 1838 Con-

931 1862 989 1888 sule
1004 1861 1086 1888 Notas
1100 1859 1225 1887 Flaminii
1253 1859 1363 1891 Nobilii,
1377 1866 1458 1893 quam
1476 1865 1547 1892 saepe
1564 1858 1665 1892 quintae
1692 1861 1719 1884 et

931 1912 1013 1935 sexta:
1030 1907 1155 1934 editionis
1173 1906 1310 1932 variantes
1324 1905 1451 1932 lectiones
1463 1904 1546 1930 citent.
1559 1903 1653 1929 Patres
1668 1910 1718 1929 an-

934 1953 1014 1988 tiqui,
1030 1953 1227 1988 deprehendes.
1254 1950 1363 1978 Falsum
1378 1957 1484 1984 quoqne
1500 1956 1560 1976 esse
1586 1953 1698 1983 apparet
1709 1967 1723 1982 ,

934 2000 1004 2033 quod
1019 1998 1127 2032 jactant
1150 1999 1314 2025 recentiores
1337 1997 1464 2031 quidam.
1480 1996 1624 2030 Origeuem
1647 1994 1721 2021 nulla

934 2053 1050 2079 unquam
1066 2044 1177 2078 Octapla
1192 2044 1387 2077 composuisse,
1410 2044 1456 2070 sed
1480 2041 1600 2074 ﬂeInpla
1626 2042 1723 2067 dunta—

934 2096 981 2117 xat
995 2095 1021 2118 et
1035 2090 1170 2124 Tetrapla.
1189 2089 1300 2124 Octapla
1322 2094 1395 2116 certe
1424 2088 1516 2115 itidem
1542 2093 1571 2114 ut
1597 2086 1717 2121 "erupta

935 2137 1087 2170 composuit
1103 2136 1245 2170 Origenes,
1265 2135 1392 2170 quoniam
1407 2134 1477 2161 idem
1491 2141 1558 2168 opus
1572 2131 1723 2166 "emptum

936 2185 965 2208 et
996 2180 1134 2215 οειαριιιηι
1159 2182 1244 2209 inisse
1269 2180 1525 2209 demonstravimus.
1561 2178 1722 2206 Confutatur

98 2227 222 2262 μήκοντα
234 2226 291 2258 δύο,
302 2226 348 2253 καὶ
359 2225 534 2257 Θεοδοτίωνος
546 2226 688 2262 ἑρμηνεῖαι
705 2224 886 2260 συντεταγμέ-

937 2227 1020 2254 etiam
1034 2234 1066 2253 ex
1092 2228 1310 2261 prmcedentibus
1341 2225 1443 2254 Usserii
1471 2225 1636 2252 Armachani
1651 2231 1721 2251 nova

96 2282 142 2301 ναι
155 2269 216 2299 ὦσι.
233 2282 242 2298 t
262 2273 329 2300 Tum
346 2274 416 2300 enim
428 2273 563 2299 exsistunt
579 2271 735 2299 Grzccanica
748 2271 885 2306 Tetrapla,

98 2321 209 2356 quando
234 2318 476 2354 interpretationes
496 2318 600 2352 Aquila:
615 2338 621 2349 ,
645 2318 812 2353 Symmachi,
835 2317 886 2344 Se-

97 2366 241 2402 ptuaginta
258 2365 358 2392 Senum
373 2369 400 2391 et
427 2365 621 2392 Theodotiouis
639 2365 664 2390 in
681 2371 761 2390 unum
786 2363 886 2390 fuerint

99 2414 267 2448 composita).
291 2423 300 2439 ι
319 2411 386 2438 Tum
406 2411 492 2442 addit,
514 2412 537 2440 si
551 2412 632 2447 Dipla
649 2410 780 2438 Habraica
802 2409 888 2444 prazli-

100 2467 212 2497 gantur,
228 2460 339 2488 conﬂari
353 2452 484 2495 Hexapla.
498 2459 549 2487 Pro
559 2458 784 2493 Origenianorum
795 2456 886 2483 Tetra-

100 2508 205 2542 plarum
224 2507 373 2542 spccimiue
400 2506 493 2540 haberi
508 2513 559 2532 non
577 2512 655 2539 posse
670 2504 727 2531 loca
741 2503 786 2531 illa
800 2511 814 2529 a
828 2502 894 2530 Phi-v

101 2555 202 2589 lopono
218 2561 233 2581 e
248 2559 363 2589 quatuor
375 2554 477 2582 Graecis
493 2552 759 2588 interpretationibus
766 2552 887 2579 detracta

103 2599 213 2635 probari
233 2607 342 2634 quoque
354 2605 442 2635 potest
457 2607 490 2627 ex
511 2599 668 2632 Philastrio,
685 2599 730 2633 qui
745 2598 811 2625 hazr.
826 2597 888 2629 157,

101 2647 202 2674 asserit
220 2646 323 2681 Aquilae
335 2647 527 2674 conversiones
540 2645 567 2672 in
584 2644 672 2672 medio
685 2645 814 2671 librorum
827 2652 890 2670 tutn-

104 2701 187 2728 qualn
204 2691 290 2720 fuisse
303 2693 418 2728 positas.
435 2693 480 2720 sed
493 2692 595 2720 dextrte
609 2692 736 2726 laevaeque
758 2690 890 2726 assignari

104 2739 200 2768 solitas
209 2737 408 2773 fuisse.Aquilze
419 2738 606 2773 interpretatio
617 2738 643 2765 in
656 2737 786 2772 Tctraplis
797 2737 887 2771 priore

107 2785 168 2813 loco
198 2785 365 2820 ponebatur;
382 2785 426 2819 qui
443 2785 516 2812 locus
530 2785 637 2812 diverso
655 2789 777 2819 respectu
790 2783 831 2812 vel
845 2784 891 2811 de-

143 2845 166 2905 ‘l’
194 2844 280 2872 Nicet.
311 2843 388 2870 Thes.
404 2843 473 2872 orIIt.
491 2842 553 2877 fidei
576 2842 621 2870 lib.
644 2851 680 2876 tv,
710 2843 805 2871 lintres.
825 2841 870 2870 3|.

143 2889 150 2905 Β
163 2888 200 2905 CI.

108 2888 200 2911 cum.

909 2843 932 2858 "
945 2841 1044 2870 Barou.
1071 2850 1114 2870 an.
1140 2841 1190 2869 25l
1207 2861 1214 2874 ,
1234 2848 1292 2876 eap.
1312 2840 1338 2868 9.

937 2272 1040 2307 opinio,
1061 2281 1113 2299 non
1129 2281 1222 2307 puram
1240 2273 1327 2300 solum
1347 2279 1374 2300 et
1395 2273 1566 2300 emendatam
1587 2271 1722 2304 interpre-

938 2319 1069 2345 tationem
1099 2319 1155 2344 τῶν
1170 2321 1210 2352 U',
1239 2321 1285 2346 sed
1303 2319 1395 2354 κοινὴν
1411 2326 1517 2353 quoque
1543 2317 1569 2343 in
1596 2315 1722 2350 Hexaplis

939 2365 1058 2393 habitam
1091 2365 1176 2393 fuisse
1201 2367 1349 2394 asserentis
1368 2386 1375 2398 ,
1407 2366 1477 2401 quod
1506 2363 1668 2391 Bcllarmiim
1681 2362 1721 2394 μ’

938 2419 1045 2447 quoque
1075 2413 1181 2439 videtur
1217 2413 1301 2440 fuisse
1335 2420 1504 2447 persuasum.
1540 2407 1722 2443 Depreheudi-

943 2463 986 2485 lur
1012 2466 1119 2493 quoque
1143 2459 1282 2493 multiplex
1309 2457 1575 2493 Magdeburgeusium
1609 2454 1723 2482 halluci-

941 2504 1013 2531 nalio
1032 2505 1058 2530 in
1076 2504 1118 2531 bis
1136 2504 1254 2539 ipsorum
1285 2505 1373 2532 verbis
1397 2513 1404 2531 :
1428 2514 1436 2530 ‹
1458 2503 1576 2530 Primum
1606 2500 1724 2528 versioni

944 2551 1134 2586 Septuaginta,
1149 2559 1208 2585 qua:
1225 2556 1281 2577 ttnn
1301 2551 1383 2578 fuisse
1397 2550 1502 2576 videtur
1516 2547 1698 2582 vulgatissima
1715 2565 1725 2578 ,

942 2596 1068 2631 adiunxit
1083 2596 1186 2630 Aquilae
1199 2596 1314 2628 Pontici,
1339 2596 1532 2624 Theodotionis
1546 2599 1573 2622 et
1599 2594 1725 2629 Symma-

944 2643 988 2671 chi
1006 2643 1138 2670 editiones
1155 2647 1276 2676 repertas
1288 2650 1301 2668 a
1315 2649 1354 2674 se,
1377 2642 1461 2669 multo
1475 2647 1598 2676 tempore
1611 2641 1727 2667 abscon-

948 2689 1042 2721 ditas;
1061 2689 1140 2716 aliam
1157 2689 1265 2724 quidem
1288 2688 1408 2722 Nicopoli
1433 2688 1459 2714 in
1480 2687 1590 2714 Actiaco
1611 2686 1724 2717 littore;

948 2735 1028 2762 aliam
1053 2735 1114 2763 aliis
1131 2735 1157 2762 in
1179 2735 1255 2768 locis,
1283 2735 1353 2762 sicut
1379 2734 1436 2768 ipse
1455 2733 1571 2760 scribit:
1598 2731 1728 2759 indicavit

944 2781 1080 2810 Eusebius
1095 2781 1166 2810 libro
1180 2789 1217 2813 Vl,
1232 2788 1292 2815 cap.
1306 2780 1348 2808 l7.
1369 2779 1416 2806 His
1438 2782 1529 2814 postea
1544 2777 1729 2812 superaddidi;

1389 2839 1409 2855 “
1424 2837 1549 2865 llellartn.
1581 2835 1617 2863 De
1636 2835 1734 2869 uript-
