1908 3071
219 136 289 164 1243

851 134 882 163 Ρ.
900 134 1060 163 DANIELIS
1078 135 1099 162 H
1105 134 1194 163 UETH

1787 135 1842 162 2“

217 195 353 230 quintam.
379 198 483 222 sextam
497 197 524 221 et
539 192 694 228 septimam.
711 200 780 228 quas
801 193 928 222 dixerunt
943 193 1001 221 edi-
1017 196 1039 223 Α
1053 193 1140 228 Epist.
1156 193 1190 220 ad
1212 193 1278 221 Sun.
1297 198 1324 221 et
1336 193 1462 226 Frctell.,
1476 203 1486 219 ι
1502 198 1528 221 et
1550 193 1575 220 in
1589 193 1747 221 Grecorum
1762 192 1842 219 bati-

219 241 329 268 tiones:
345 247 459 274 quarum
474 247 555 266 unam
577 239 714 266 inventam
739 247 799 267 esse
818 240 948 267 indicavit
974 240 1000 267 in

216 285 337 317 Iericho.
353 287 378 313 in
405 285 488 318 dolio,
508 289 629 319 tempore
659 285 787 314 Antonini
811 286 967 314 Caracallie.
988 296 998 312 ι

216 332 283 359 Nam
303 336 331 358 ut
345 331 378 358 de
392 331 548 366 Symmachi
561 330 788 365 interpretatione
801 331 908 364 sileam,
920 333 1002 366 Aqui-

217 378 247 404 lae
260 382 286 404 et
297 376 489 404 Theodotionis
506 376 638 403 editiones
661 377 694 403 ab
716 376 832 412 Origene
858 377 942 405 fuisse
959 385 1002 405 re-

215 426 305 455 pertas
319 421 427 455 probari
441 420 552 448 minime
564 425 655 455 potest
668 428 676 453 ;
692 429 741 447 nec
754 421 836 448 ullam
852 429 885 448 ex
904 421 937 448 iis
951 420 1001 448 tri-

215 468 264 494 bus
276 466 397 501 Nicopoli
425 468 563 494 iuventam
580 467 664 495 fuisse
683 475 776 495 vermn
791 472 844 501 est,
863 468 910 495 sed
939 475 1001 495 sex-

217 517 282 540 tam.
296 513 414 540 Omnino
430 521 496 541 vero
508 514 662 548 turpissime
675 515 778 541 erravit
792 514 885 542 Sixtus
897 514 1000 541 Senen-

218 558 310 585 sislib.
325 567 351 586 ιν
366 565 392 587 et
404 559 596 593 vaibliotIu,
609 560 654 594 qni
665 559 788 592 Tetrapla
797 567 857 587 cum
872 559 999 593 Hexaplit

215 604 355 632 wtifundil
372 610 400 632 et
426 606 594 640 permiscuit,
610 605 730 640 Hexapla
747 613 812 633 vero
831 605 865 633 ab
880 604 999 634 Octanli:

215 651 354 682 discrevit,
366 651 489 686 idemque
499 657 526 678 ut
535 652 637 679 faceret
651 652 708 678 viro
718 651 823 678 cuidam
832 658 929 683 magno
938 658 999 684 pcr-

215 697 324 730 suasit;
341 698 440 732 quique
463 698 607 732 septimam
630 698 777 725 editionem
798 704 847 723 nec
864 697 889 723 in
907 696 998 723 flexa-

211 743 274 778 plir,
289 751 339 771 nec
357 744 382 771 in
410 744 529 777 Oclaplis
560 751 677 778 unquam
705 742 789 770 fuisse
809 742 997 776 asseveravit;

214 791 382 817 contrarium
399 790 512 818 disertis
527 791 618 818 verbis
631 789 786 817 afﬁrmante
807 789 923 816 Eusebio
951 789 996 817 lib.

212 843 238 862 Vl
253 835 334 868 lliu.,
353 844 413 870 cap.
429 836 472 863 l6.

248 881 302 909 Vll.
336 882 416 909 Aliud
447 887 576 917 praeterea
615 882 760 917 diligentia:
784 881 908 916 Origenis
939 888 997 908 mo-

210 935 369 954 numentum
403 927 524 962 flexapla
559 927 749 962 pneferebant.
775 927 922 954 Notaverat
952 926 996 954 ille

211 975 299 1002 Senes
316 973 492 1009 Septuaginta
511 982 590 1002 voces
613 974 737 1008 aliquas,
751 982 811 1009 quae
826 974 851 1001 in
883 973 996 1001 llebrzeo

209 1020 387 1052 haberentur.
401 1021 603 1055 interpretando
619 1020 780 1055 neglexisse.
795 1019 935 1047 nonnullas
948 1027 996 1046 au-

209 1071 264 1093 tem
284 1067 316 1094 de
333 1074 381 1094 suo
396 1067 554 1098 inseruisse,
582 1067 710 1102 variaque
733 1067 852 1101 ipsorum
875 1065 995 1093 circmn—

208 1113 279 1140 l'erri
299 1112 463 1148 exemplaria
478 1112 548 1140 inter
562 1120 591 1140 se
602 1113 723 1144 diversa,
748 1117 776 1139 et
801 1111 859 1139 sive
869 1119 902 1138 cx
919 1111 994 1146 supi-

208 1159 294 1186 nitale
323 1159 513 1191 librariorum,
543 1159 600 1187 sive
615 1166 648 1186 ex
666 1159 822 1187 criticorum
842 1158 995 1186 temeritate

209 1206 327 1233 vitiata:
356 1206 419 1233 hinc
443 1206 588 1233 calumniae
617 1214 710 1233 ansam
737 1206 859 1240 arripere
872 1204 993 1237 Judreos,

208 1249 339 1284 ejusmodi
352 1250 602 1284 interpretationem
617 1250 642 1277 in
660 1250 879 1277 Christianorum
903 1249 993 1277 eccle-

205 1296 257 1323 siis
270 1295 377 1330 prtelegi
394 1295 482 1323 solere
494 1301 649 1328 causantes,
661 1303 722 1330 qua:
734 1295 873 1323 Hebraicae
887 1294 993 1322 veritati

211 1343 238 1369 in
253 1342 378 1369 omnibus
390 1350 443 1369 non
457 1342 636 1370 consentiret.
649 1342 835 1370 Consulantur
850 1342 936 1376 ipsius
953 1347 993 1369 to-

204 1396 267 1415 mus
278 1388 306 1414 iu
323 1388 479 1415 Mauhwum
493 1388 617 1415 decimus
633 1388 755 1422 quintus,
772 1392 799 1415 et
820 1387 941 1422 Epiuola
958 1388 993 1415 ad

204 1434 372 1468 Africanum,
390 1434 434 1460 tibi
449 1434 482 1460 de
492 1433 685 1468 exemplarium
693 1433 748 1460 τῶν
766 1432 792 1460 0'
807 1433 990 1468 corruptione.

204 1485 234 1506 et
248 1478 402 1506 Judaaorum
420 1479 564 1506 calumniis
577 1479 696 1506 disserit.
710 1479 757 1507 llis
773 1480 951 1507 incommodis
964 1485 993 1507 ut

203 1530 383 1557 occurreret,
411 1526 665 1560 interpretationem
689 1525 865 1561 Septuaginta
891 1525 991 1553 Senum

205 1569 361 1597 emendavit
378 1578 410 1597 ex
424 1570 588 1604 optimorum
606 1570 800 1605 exemplarium
817 1571 869 1598 ﬁde
882 1592 889 1604 ,
910 1575 992 1606 atque

205 1615 264 1648 ejus
276 1615 424 1650 praesertim
441 1615 513 1650 quod
537 1616 563 1642 in
580 1615 699 1650 Serapeo
711 1616 890 1648 servabatur,
905 1616 991 1651 quod-

203 1669 258 1696 que
270 1662 355 1695 ipsum
374 1660 429 1688 τῶν
446 1660 473 1687 0’
491 1661 664 1696 αὐτόγραφον
685 1661 768 1688 fuisse
785 1661 922 1689 afﬁrmant
942 1669 990 1689 ve-

206 1713 279 1735 teres
297 1708 430 1735 nonnulli.
447 1709 601 1736 Asteriscos
617 1713 760 1743 praeterea,
778 1709 821 1736 tibi
836 1709 900 1742 quid
913 1709 989 1737 dees-

205 1759 256 1786 set.
270 1762 330 1782 cum
347 1754 537 1789 praetermissis
563 1755 675 1781 vocibus
688 1754 821 1787 inseruit;
839 1762 898 1789 qua:
926 1762 991 1782 vero

205 1800 243 1828 illi
258 1806 355 1836 praeter
370 1800 565 1828 llebraicorum
580 1799 659 1827 fidem
679 1800 844 1834 adjecissent
858 1820 865 1832 ,
882 1800 992 1834 praefixo

203 1847 284 1876 obelo
295 1847 429 1883 signavit;
448 1856 457 1873 ι
480 1847 545 1880 Quae
564 1848 652 1883 signa.
670 1856 679 1873 ι
697 1847 786 1882 inquit
811 1846 992 1883 Hieronymus

241 1926 296 1962 [98)
315 1926 367 1954 Sed
382 1925 631 1962 mihiicerisimilior
643 1926 747 1962 videtur
759 1924 840 1962 Marii
852 1925 990 1962 sententia.

207 1960 264 1989 Non
282 1963 316 1989 ita
332 1962 436 1988 videtur
449 1961 479 1988 D.
499 1961 636 1988 Bernardo
653 1961 686 1988 de
703 1961 884 1991 Montl'aucon,
905 1961 949 1994 qui
965 1960 990 1987 in

204 1997 435 2024 Prmliminaribus
449 1997 475 2023 in
490 1996 610 2030 Παπειρία
621 1995 745 2030 Origenis
761 2004 819 2029 cap.
831 1995 859 2028 4,
875 2003 948 2022 num.
962 1996 989 2027 Δ.

202 2033 246 2060 sic
260 2040 335 2059 suam
353 2032 514 2058 sententiam
535 2031 642 2066 aperit:
662 2040 671 2056 ί
701 2031 844 2063 Existimo,
859 2031 989 2063 quemad-

205 2067 313 2094 modum
331 2067 476 2094 asteriscus
497 2066 531 2093 ad
551 2066 661 2097 muissa.
690 2074 750 2100 quae
775 2067 963 2093 inserebantur
979 2085 986 2097 .

206 2103 368 2134 adnotanda,
381 2107 408 2129 et
422 2102 514 2128 obelus
529 2103 561 2128 ad
579 2109 619 2130 ea.
642 2109 703 2136 quae
734 2101 986 2136 redundabant,ju-

203 2138 330 2172 gnlanda,
344 2141 372 2164 ut
391 2137 429 2164 ait
446 2137 635 2172 Hieronymus.
651 2136 764 2172 appositi
788 2141 869 2172 sunt;
883 2136 920 2172 ita
934 2135 986 2162 Le-

206 2170 337 2199 inniscum
360 2173 508 2199 adhibitum
532 2170 626 2202 fuiSse.
643 2170 692 2198 ubi
711 2171 884 2206 Septuaginta
900 2170 989 2206 luter-

204 2213 294 2242 pretes
307 2208 445 2235 lectionem
465 2206 574 2241 quidem
588 2206 748 2234 Hebraicant
774 2205 963 2241 exprimebant
978 2226 986 2238 .

1055 245 1206 272 iterumque
1222 239 1392 272 poematibus
1414 237 1600 269 inveniuntur,
1620 247 1632 263 1
1651 236 1726 263 unde
1750 241 1777 263 et
1807 237 1842 263 ab

1052 282 1167 318 Origene
1184 282 1315 310 translata
1332 287 1406 311 sunt.
1422 282 1490 315 Quae
1511 282 1545 309 de
1572 281 1705 309 lemniseo
1729 281 1845 315 subjicit

1051 328 1217 364 Epiphanius
1229 330 1275 357 lib.
1292 329 1330 356 De
1346 329 1455 363 ponder.
1468 334 1492 356 et
1507 336 1589 355 mena.
1600 349 1608 361 ,
1621 332 1683 362 cap.
1698 327 1744 359 17,
1763 326 1844 353 valde

1053 381 1182 410 corrupta
1200 381 1228 403 et
1242 375 1352 403 confusa
1364 379 1427 402 sunt
1441 383 1448 407 ;
1462 375 1531 402 unde
1546 374 1589 400 vix
1601 373 1670 400 certi
1688 372 1843 407 quidquam

1050 422 1138 456 possis
1146 421 1305 449 extundere.
1316 420 1343 448 ld
1361 420 1412 448 sibi
1428 424 1516 447 tamen
1527 419 1634 446 videtur
1643 418 1723 450 velle,
1738 418 1841 445 lemni-

1050 474 1111 495 scos
1131 467 1289 502 ascripsisse
1310 466 1463 500 Origenem,
1476 466 1689 500 quotiescunque
1703 464 1759 490 duo
1778 463 1841 498 plu-

1050 521 1114 540 rave
1134 513 1207 546 paria
1230 513 1403 546 interpretum
1428 512 1489 546 (hos
1515 511 1588 539 enim
1614 511 1641 537 in
1658 510 1771 545 triginta
1787 517 1837 536 sex

1050 559 1126 592 paria
1140 558 1224 585 fuisse
1245 558 1389 589 discretos,
1405 561 1432 584 ct
1446 557 1472 584 in
1486 556 1611 583 omnibus
1636 555 1692 582 fere
1715 562 1838 582 consen-

1049 603 1119 630 sisse
1137 606 1269 633 autumat.
1285 610 1346 629 cum
1363 602 1531 636 Scripturam
1545 609 1650 627 sacrant
1675 600 1701 626 in
1716 599 1839 634 Egypto

1050 648 1309 684 interpretarentur)
1324 655 1416 675 vocem
1444 647 1562 682 aliquant
1589 651 1780 680 usurpassent,
1805 646 1840 671 ab

1051 702 1082 722 ea
1096 695 1232 721 diversam
1247 694 1378 728 (ejusdem
1391 693 1453 720 licet
1467 691 1687 728 signiﬁcationis)
1716 699 1770 725 qua
1798 691 1839 717 usi

1052 739 1167 766 fuissent
1182 739 1279 774 reliqui
1314 739 1477 773 interpretes
1496 737 1576 773 (quod
1599 737 1690 771 ipsqu
1715 737 1773 764 fere
1792 736 1838 763 ha-

1049 786 1114 814 bent
1126 785 1274 821 Hesychius
1286 785 1311 812 in
1323 785 1454 819 psalmum
1471 792 1521 815 xu.
1537 784 1565 815 4,
1578 783 1749 811 eLlsidows
1768 782 1834 810 Ori-

1048 832 1102 867 gin.
1120 831 1166 858 lib.
1182 839 1200 863 ι,
1216 838 1274 865 cap.
1289 830 1335 865 20)
1345 839 1353 862 ;
1365 830 1581 866 hypolemniscos
1593 837 1658 856 vero
1671 829 1836 860 adnotasse,

1047 879 1069 905 si
1084 877 1192 912 quando
1206 884 1299 903 vocem
1314 876 1466 910 hujusmodi
1483 883 1532 910 par
1553 877 1663 902 unicum
1691 875 1837 902 adhibuis-

1047 929 1098 951 set.
1114 923 1217 956 Quibus
1243 923 1417 958 signiﬁcatur
1440 922 1584 956 Origenem
1601 921 1636 949 56
1654 922 1837 956 interpretum

1047 967 1215 1002 exemplaria
1235 967 1314 994 simul
1330 967 1489 994 contulisse.
1511 966 1552 993 Ab
1567 965 1720 1001 Epiphanio
1734 967 1838 993 dissen-

1048 1014 1079 1042 tit
1092 1014 1213 1041 Andreas
1227 1013 1326 1040 Masius
1341 1012 1449 1040 Przefat.
1466 1013 1492 1040 in
1506 1013 1595 1040 Graec.
1611 1013 1676 1040 edit.
1690 1012 1789 1043 Josue.
1810 1017 1837 1039 et

1046 1060 1139 1087 adnot.
1164 1060 1232 1091 suis.
1251 1064 1278 1086 et
1295 1060 1370 1094 paria
1384 1059 1427 1086 illa
1447 1059 1636 1093 interpretum.
1652 1059 1728 1086 velut
1749 1058 1837 1085 aniles

1046 1106 1152 1134 fabulas
1167 1106 1279 1141 respuit,
1292 1111 1403 1140 tumque
1419 1106 1555 1140 oppositos
1578 1110 1654 1140 putat
1670 1106 1834 1133 lemniscum

1045 1157 1072 1179 et
1084 1152 1328 1188 hypolemniscum,
1340 1158 1401 1178 cum
1411 1152 1500 1179 varias
1513 1151 1618 1187 aliquas
1632 1151 1764 1179 lectiones
1775 1152 1836 1186 plu-

1045 1205 1089 1226 res
1104 1198 1279 1233 paucioresve
1291 1198 1398 1226 codices
1413 1203 1577 1226 assererent.
1595 1199 1684 1225 Alium
1700 1204 1832 1226 notarum

1045 1244 1153 1272 illarum
1172 1252 1250 1271 usum
1265 1244 1496 1279 profertJoannes
1510 1243 1652 1272 Curterius
1667 1244 1780 1271 Prml'at.
1800 1245 1833 1271 ad

1045 1291 1162 1326 Proeop.
1177 1289 1329 1318 Comment.
1342 1291 1369 1317 in
1385 1290 1498 1322 Isaiam,
1512 1298 1563 1318 nec
1583 1290 1657 1317 aliud
1672 1290 1832 1325 signiﬁcare

1045 1337 1208 1366 lemniscum
1225 1343 1302 1373 putat
1318 1346 1399 1374 quam
1420 1339 1509 1367 verbis
1525 1339 1682 1366 consentire
1696 1339 1834 1373 interpre-

1045 1389 1086 1412 tes
1103 1385 1218 1420 aliquos.
1228 1385 1381 1419 discrepare
1397 1392 1478 1412 sensu
1490 1394 1497 1417 ι
1507 1385 1740 1420 hypolemniscum
1754 1392 1832 1416 vero,

1043 1438 1123 1466 quam
1139 1438 1218 1457 sensu
1236 1438 1283 1458 eos
1298 1435 1326 1458 et
1348 1431 1438 1458 Verbis
1453 1431 1603 1458 dissonare.
1623 1431 1680 1465 (98)
1695 1430 1749 1458 Sed
1765 1429 1834 1458 mihi

1044 1476 1216 1504 verisimilior
1228 1476 1333 1504 videtur
1358 1476 1433 1504 Masii
1459 1477 1602 1504 sententia.
1629 1477 1832 1504 Asteriscorum

1044 1523 1169 1555 illorum,
1182 1523 1332 1555 obelerum.
1347 1523 1538 1550 lemniseorum
1560 1527 1588 1550 et
1611 1522 1833 1558 hypolemnisco-

1007 1561 1028 1590 (ἶ
1048 1577 1106 1596 rum
1123 1569 1224 1597 formas
1240 1574 1316 1597 uolat
1330 1569 1508 1604 Epiphanius,
1523 1573 1551 1596 et
1573 1569 1712 1595 nominum
1725 1568 1833 1603 signiﬁ-

1045 1616 1183 1650 cationes;
1201 1616 1256 1651 (99)
1270 1616 1437 1650 multumque
1455 1615 1572 1647 fallitur,
1585 1623 1646 1642 cum
1660 1614 1834 1647 vocabulum,

1045 1663 1194 1699 λημνίσκος
1206 1663 1310 1690 derivat
1324 1670 1338 1689 a
1355 1661 1449 1690 Graeco
1467 1661 1622 1697 λιμνάζειν
1636 1669 1696 1688 nam
1712 1660 1832 1696 Syracu-

1045 1709 1113 1736 slm
1126 1716 1187 1736 esse
1203 1716 1296 1736 vocem
1310 1712 1425 1735 constat.
1440 1707 1552 1742 Reliqua
1579 1707 1639 1734 fuse
1659 1707 1835 1742 persequitur

1046 1755 1215 1790 Epiphanius
1230 1754 1256 1782 in
1269 1755 1363 1782 eodem
1376 1754 1444 1782 libro
1459 1762 1466 1781 :
1483 1762 1532 1781 nec
1544 1754 1622 1781 docet
1637 1759 1726 1781 tamen
1740 1758 1835 1780 utrum

1045 1809 1105 1836 qua:
1122 1801 1248 1836 llexaplis
1267 1802 1369 1828 intexta
1384 1805 1425 1828 est
1436 1801 1623 1835 interpretatio
1646 1800 1700 1826 τῶν
1720 1800 1749 1826 0’
1760 1799 1835 1833 ejus-

1045 1848 1118 1876 modi
1131 1848 1205 1876 notis
1217 1847 1300 1875 fuerit
1312 1847 1449 1882 insignis:
1476 1847 1524 1875 sed
1541 1846 1567 1874 id
1592 1847 1765 1882 perspicuum
1790 1851 1834 1874 est

1044 1924 1216 1952 Montf’ancon
1232 1924 1332 1952 ibidem
1344 1932 1397 1959 quo
1414 1931 1506 1958 Supra,
1522 1923 1585 1957 quid
1598 1923 1699 1950 sentiat
1716 1923 1757 1949 vir
1766 1931 1834 1950 eru-

1045 1961 1195 1987 ditissimus
1209 1959 1238 1986 B.
1259 1960 1362 1986 Moneta
1384 1960 1489 1993 paucis.
1513 1964 1541 1986 ut
1555 1960 1588 1986 ab
1605 1966 1639 1986 eo
1655 1959 1758 1992 accepi,
1785 1966 1833 1986 ex-

1048 2002 1181 2029 promam.
1196 1995 1342 2021 Athentens
1358 2002 1416 2029 pag.
1432 1994 1485 2021 200
1511 1993 1637 2021 editionis
1666 1993 1833 2029 Lugdunen-

1044 2028 1083 2058 sis
1104 2031 1130 2057 in
1150 2030 1254 2064 prolixo
1266 2028 1403 2057 Callixeni'
1425 2029 1520 2056 Rhodii
1538 2029 1608 2060 loco,
1640 2036 1734 2064 Vocem
1749 2028 1834 2064 λημί-

1043 2073 1118 2097 σκοις
1126 2065 1213 2095 habet.
1223 2073 1283 2099 qua:
1293 2065 1318 2092 in
1327 2064 1447 2099 margine
1457 2065 1495 2091 sic
1506 2066 1675 2094 emendatur.
1687 2063 1832 2096 λινίσκόις,

1041 2107 1124 2134 atque
1140 2101 1176 2127 ita
1207 2100 1271 2161 leIgit
1301 2099 1456 2126 Eustathius
1483 2099 1510 2126 in
1540 2107 1647 2126 versum
1662 2099 1715 2126 570
1733 2100 1831 2127 decimi

1041 2135 1129 2161 octavi
1149 2135 1208 2161 libri
1241 2135 1337 2161 (indos.
1349 2135 1393 2161 ubi
1414 2135 1485 2161 hunc
1498 2135 1585 2161 insunt
1597 2135 1631 2161 ab
1644 2134 1779 2161 Athenaeo
1794 2135 1831 2161 al-

1041 2135 1129 2162 octavi
1149 2135 1208 2162 libri
1224 2134 1337 2167 Iliados,
1349 2135 1393 2162 ubi
1414 2135 1485 2161 hunc
1498 2135 1585 2169 ipsum
1597 2135 1631 2161 ab
1644 2134 1779 2162 Athenaeo
1794 2135 1833 2161 al-

1041 2170 1125 2198 latum
1152 2171 1239 2197 locum
1268 2170 1362 2198 refert.
1387 2169 1494 2197 lsaacus
1512 2177 1575 2196 vero
1597 2169 1779 2197 Casaubonus
1803 2171 1830 2197 in

1041 2205 1117 2232 Notis
1141 2210 1187 2232 aut
1202 2205 1375 2240 λεμνίσκοις,
1391 2209 1438 2231 aut
1459 2204 1590 2236 λινίσχοις
1607 2205 1750 2240 legendum
1771 2212 1832 2232 esse

205 2240 252 2269 sed
270 2249 320 2269 non
337 2243 374 2269 ita
392 2240 518 2269 accurate
552 2247 632 2276 atque
662 2242 787 2269 distincte
802 2249 808 2268 :
826 2249 885 2276 ρυλε
906 2248 986 2268 causa
1007 2247 1028 2274 Ι)
1044 2241 1117 2273 dicit,
1132 2241 1178 2267 sed
1191 2247 1314 2267 neutram
1328 2240 1406 2267 alteri
1418 2240 1561 2276 lectionem
1579 2240 1709 2274 praeferre
1734 2240 1827 2267 audet.

205 2283 265 2305 erat
281 2282 309 2303 ut
321 2277 365 2304 illa
382 2277 407 2304 in
424 2282 497 2304 textu
514 2276 616 2309 relicta,
634 2276 718 2304 altera
735 2284 794 2311 qua:
810 2276 905 2303 melior
918 2277 990 2304 vide—

206 2312 297 2344 batur,
315 2320 347 2339 ex
365 2312 631 2346 aliisintcrpretibus
648 2312 822 2347 petita,rhuic
844 2311 990 2347 subjunge-

206 2353 291 2374 retnr.
310 2347 403 2382 Neque
414 2347 486 2374 enim
503 2346 654 2382 putandum
670 2352 724 2378 est.
743 2346 990 2382 Origeuemvirnm

204 2383 349 2410 admodum
370 2388 536 2415 accuratum,
551 2382 597 2416 qui
625 2387 678 2409 tam
704 2382 844 2416 diligenter
857 2381 898 2408 vel
913 2381 991 2408 levis-

204 2418 270 2452 sima
283 2425 342 2452 quae
354 2417 523 2444 addebantur
534 2417 675 2448 asterisco,
684 2423 711 2444 et
722 2425 780 2451 qua:
789 2417 918 2444 demenda
932 2421 991 2442 erat

203 2454 281 2480 obelo
290 2452 539 2489 An_otabat.»nullamr
552 2453 712 2489 apposuisse
726 2458 826 2489 notamr
837 2452 870 2479 iis
883 2452 908 2478 in
925 2452 991 2478 locis

202 2496 270 2515 sane
286 2487 484 2521 frequentibus,
498 2488 541 2514 tibi
557 2488 651 2514 relicta
668 2488 751 2522 priori
768 2488 882 2515 lectione
894 2494 990 2513 novam

205 2528 293 2550 tamen
309 2523 424 2550 addebat
443 2529 476 2549 cx
490 2522 580 2556 aliquo
595 2523 771 2557 interpretum
790 2523 987 2556 desumptanm

205 2558 304 2585 Deinde
317 2578 325 2587 .
358 2558 438 2584 allato
462 2559 577 2590 quodam
594 2559 717 2592 exemplo
744 2558 813 2584 unde
829 2558 990 2584 sententiam

203 2602 281 2620 suam
299 2593 451 2625 conﬁrmat,
461 2594 500 2620 sic
516 2593 689 2627 prosequitur
698 2593 822 2620 eruditus
831 2593 872 2619 vir
887 2601 893 2619 :
911 2593 991 2619 «Cre-

205 2629 297 2664 derem
311 2629 544 2664 bypoletnniscum
567 2632 630 2655 tunc
651 2629 803 2663 appositum
819 2628 910 2657 fuisse.
930 2635 990 2664 cum

205 2663 284 2690 lectio
311 2662 355 2690 illa
385 2669 476 2690 notata
490 2683 497 2694 ,
517 2663 694 2698 Septuaginta
715 2663 891 2697 luterpretum
905 2662 990 2690 solum

205 2703 274 2729 erat,
292 2700 361 2733 quod
379 2706 432 2725 uno
455 2699 549 2725 subtus
568 2699 664 2725 lineam
675 2699 762 2733 posito
779 2703 878 2732 puncto
891 2698 992 2724 indica-

205 2733 284 2760 batur
312 2743 318 2760 :
347 2733 504 2760 lemniscmn
541 2740 605 2768 vero
640 2741 701 2760 cum
729 2733 836 2761 duobus
865 2733 991 2768 punctis.

206 2768 316 2803 quando
330 2776 383 2795 non
399 2769 575 2803 Septuaginta
592 2767 775 2803 lntcrpretum
801 2767 915 2802 tantum,
944 2768 992 2796 sed

205 2802 255 2828 etis
264 2810 288 2828 m
300 2802 492 2830 ’l'heodotionis
506 2802 579 2830 erat.
591 2813 600 2829 ι

243 2836 299 2870 (99)
317 2837 480 2872 Multumque
494 2838 614 2872 fallitur,
630 2847 688 2865 cum
714 2839 867 2866 vocabulum
893 2837 991 2873 λημνί-

208 2879 283 2903 σκος,
297 2876 350 2898 etc.
370 2881 379 2897 ι
399 2872 436 2899 De
451 2873 528 2908 hujus
541 2874 658 2901 nominis
670 2878 773 2908 etymo,
797 2874 883 2908 inquit
907 2873 938 2899 D.
960 2874 992 2901 de

1041 2275 1151 2302 Certum
1165 2281 1211 2311 est
1223 2281 1323 2307 autem.
1344 2282 1436 2311 vocem
1454 2275 1615 2311 λημνίσκος,
1635 2283 1695 2311 quae
1704 2277 1832 2309 primitus

1042 2317 1183 2345 augustam
1201 2310 1313 2338 fasciam
1336 2310 1518 2346 significabat,
1528 2318 1560 2337 ex
1574 2310 1736 2346 νυεεξλῆνος,
1756 2310 1830 2343 latin,

1042 2346 1192 2373 derivatum
1203 2353 1275 2379 esse,
1292 2346 1355 2380 quia
1366 2345 1410 2373 ’ab
1423 2346 1482 2380 ipsa
1497 2346 1600 2380 origine
1627 2345 1722 2372 fascia:
1737 2347 1832 2379 hujus-

1042 2381 1113 2408 modi
1128 2381 1212 2408 lanea
1229 2386 1317 2408 erant.
1337 2381 1405 2408 Hinc
1418 2388 1481 2408 vero
1501 2381 1666 2416 Syracusani
1696 2382 1831 2413 singulari

1042 2416 1214 2447 formatione.
1231 2416 1290 2443 loco
1303 2415 1350 2442 τοῦ
1363 2416 1491 2451 ληνίσκος
1505 2415 1611 2452 inserto
1633 2425 1662 2452 μ,
1679 2416 1832 2451 λημνίσκος

1042 2452 1164 2478 fecerunt
1180 2460 1188 2478 :
1206 2459 1266 2486 quae
1281 2459 1362 2487 causa
1384 2452 1433 2478 fuit
1458 2457 1486 2478 ut
1503 2451 1561 2478 ha-c
1577 2459 1628 2478 vox
1646 2459 1694 2485 pro
1712 2455 1830 2487 Syracu-

1042 2494 1107 2512 sana
1124 2487 1279 2514 haberetur.
1292 2486 1453 2522 Hesychius,
1469 2486 1637 2522 λημνίσκους
1659 2487 1710 2518 τὰς
1735 2486 1830 2518 ἀτενὲς

1042 2522 1221 2558 Συρακούσττοι
1235 2521 1353 2554 ταινίαςζ
1369 2523 1541 2557 subiutelbge
1553 2522 1675 2556 λέγουσι,
1697 2523 1768 2549 llinc
1792 2523 1830 2558 ad

1042 2557 1094 2583 alia
1112 2557 1287 2591 signiﬁcanda
1303 2562 1430 2592 usurpata
1449 2564 1500 2584 vox
1518 2558 1588 2590 fuit;
1607 2565 1704 2592 nempe
1723 2565 1772 2592 pro
1788 2557 1829 2583 fa-

1042 2593 1116 2624 sciis.
1132 2593 1231 2626 quibus
1248 2600 1356 2620 corona:
1370 2592 1665 2627 circumplicabantur;
1681 2600 1730 2627 pro
1745 2593 1830 2620 linea-

1043 2633 1134 2654 mento
1148 2628 1293 2654 convolnto
1304 2627 1460 2655 vulneribus
1477 2628 1641 2663 inserendo;
1667 2629 1829 2663 delirumque

1043 2670 1091 2696 pro
1104 2667 1165 2689 nota
1178 2663 1318 2695 librorum,
1336 2664 1369 2689 de
1383 2670 1436 2697 qua
1451 2662 1567 2689 Isidorus
1581 2671 1587 2689 :
1605 2662 1756 2689 Linmiscus
1768 2683 1776 2692 .
1803 2663 1828 2688 id

1042 2703 1089 2730 est,
1104 2697 1204 2731 virgula
1216 2698 1410 2732 inlargeminos
1432 2703 1541 2731 puncto;
1551 2698 1644 2732 jaceus
1658 2719 1665 2730 .
1686 2698 1829 2731 apponilur

1042 2733 1070 2759 in
1084 2734 1117 2759 iis
1132 2733 1206 2764 Iocis,
1222 2741 1280 2767 qua:
1291 2740 1375 2759 sacris
1400 2732 1546 2766 Scriptum
1569 2733 1722 2766 interpretes
1741 2732 1827 2759 eodem

1042 2776 1129 2798 sensu,
1147 2768 1191 2794 scd
1218 2768 1329 2795 diversis
1346 2767 1511 2794 sermonibus
1540 2767 1747 2794 transtulerunt.
1775 2767 1827 2793 Hoc

1045 2803 1141 2836 triplici
1158 2802 1355 2836 significatione
1371 2810 1420 2829 vox
1434 2801 1583 2838 λημνίσκος
1600 2808 1730 2838 usurpata
1758 2802 1826 2833 fuit,

1043 2845 1139 2872 nempe
1153 2839 1186 2863 ad
1207 2845 1250 2865 res
1261 2838 1454 2872 significandas
1469 2839 1592 2872 angustis
1608 2837 1701 2864 fasciis
1715 2837 1826 2868 similes.

1044 2880 1111 2907 quas
1129 2873 1289 2908 Syracusani
1305 2872 1468 2908 λεμνισκους
1481 2873 1623 2901 vocabant.
1638 2872 1701 2900 lude
1719 2878 1827 2900 vocatus
