  <div class='ocr_page' id='page_1' title='image "/cluster/home/n/w/nwhite01/storage/ocr_20150623/17/njp.32101010944583/853.png"; bbox 0 0 1908 3071; ppageno 0'>
   <div class='ocr_carea' id='block_1_1' title="bbox 217 135 285 163">
    <p class='ocr_par' dir='ltr' id='par_1_1' title="bbox 217 135 285 163">
     <span class='ocr_line' id='line_1_1' title="bbox 217 135 285 163; baseline -0.029 0"><span class='ocrx_word' id='word_1_1' title='bbox 217 135 285 163; x_wconf 69' lang='grc'><strong>1247</strong></span> 
     </span>
    </p>
   </div>
   <div class='ocr_carea' id='block_1_2' title="bbox 851 120 1208 162">
    <p class='ocr_par' dir='ltr' id='par_1_2' title="bbox 851 120 1208 162">
     <span class='ocr_line' id='line_1_2' title="bbox 851 120 1208 162; baseline -0.02 -9"><span class='ocrx_word' id='word_1_2' title='bbox 851 126 892 162; x_wconf 47' lang='lat' dir='ltr'><strong>t&#39;P.</strong></span> <span class='ocrx_word' id='word_1_3' title='bbox 913 121 1077 151; x_wconf 75' lang='lat' dir='ltr'><strong>DANlELlS-</strong></span> <span class='ocrx_word' id='word_1_4' title='bbox 1092 120 1208 149; x_wconf 79' lang='lat' dir='ltr'><strong>HUETII</strong></span> 
     </span>
    </p>
   </div>
   <div class='ocr_carea' id='block_1_3' title="bbox 1777 114 1844 142">
    <p class='ocr_par' dir='ltr' id='par_1_3' title="bbox 1777 114 1844 142">
     <span class='ocr_line' id='line_1_3' title="bbox 1777 114 1844 142; baseline 0.015 -1"><span class='ocrx_word' id='word_1_5' title='bbox 1777 114 1844 142; x_wconf 61' lang='grc' dir='ltr'><strong>ηδε</strong></span> 
     </span>
    </p>
   </div>
   <div class='ocr_carea' id='block_1_4' title="bbox 218 176 1843 228">
    <p class='ocr_par' dir='ltr' id='par_1_4' title="bbox 218 176 1843 228">
     <span class='ocr_line' id='line_1_4' title="bbox 218 176 1843 228; baseline -0.012 -7"><span class='ocrx_word' id='word_1_6' title='bbox 218 195 336 228; x_wconf 67' lang='lat' dir='ltr'><strong>legitima</strong></span> <span class='ocrx_word' id='word_1_7' title='bbox 350 192 404 220; x_wconf 81' lang='grc' dir='ltr'><strong>τῶν</strong></span> <span class='ocrx_word' id='word_1_8' title='bbox 420 192 448 217; x_wconf 87' lang='lat'><strong>0&#39;</strong></span> <span class='ocrx_word' id='word_1_9' title='bbox 465 189 546 216; x_wconf 87' lang='lat' dir='ltr'><strong>verba</strong></span> <span class='ocrx_word' id='word_1_10' title='bbox 562 196 576 216; x_wconf 85' lang='lat' dir='ltr'><strong>a</strong></span> <span class='ocrx_word' id='word_1_11' title='bbox 601 187 786 215; x_wconf 82' lang='lat' dir='ltr'><strong>Tlteodotione</strong></span> <span class='ocrx_word' id='word_1_12' title='bbox 800 189 929 214; x_wconf 89' lang='lat' dir='ltr'><strong>accurate</strong></span> <span class='ocrx_word' id='word_1_13' title='bbox 956 191 1000 212; x_wconf 88' lang='lat' dir='ltr'><strong>se-</strong></span> <span class='ocrx_word' id='word_1_14' title='bbox 1015 184 1038 212; x_wconf 77' lang='grc' dir='ltr'><strong>Δ</strong></span> <span class='ocrx_word' id='word_1_15' title='bbox 1052 189 1117 216; x_wconf 74' lang='lat' dir='ltr'><strong>ergo</strong></span> <span class='ocrx_word' id='word_1_16' title='bbox 1131 181 1216 215; x_wconf 82' lang='lat' dir='ltr'><strong>magis</strong></span> <span class='ocrx_word' id='word_1_17' title='bbox 1239 179 1377 228; x_wconf 67' lang='lat' dir='ltr'><strong>magisque</strong></span> <span class='ocrx_word' id='word_1_18' title='bbox 1400 177 1456 228; x_wconf 49' lang='lat' dir='ltr'><strong>hac</strong></span> <span class='ocrx_word' id='word_1_19' title='bbox 1469 176 1597 228; x_wconf 72' lang='lat' dir='ltr'><strong>editione,</strong></span> <span class='ocrx_word' id='word_1_20' title='bbox 1618 176 1765 228; x_wconf 75' lang='lat' dir='ltr'><strong>restituere</strong></span> <span class='ocrx_word' id='word_1_21' title='bbox 1783 184 1843 228; x_wconf 73' lang='lat' dir='ltr'><strong>eam</strong></span> 
     </span>
    </p>
   </div>
   <div class='ocr_carea' id='block_1_5' title="bbox 217 230 1002 269">
    <p class='ocr_par' dir='ltr' id='par_1_5' title="bbox 217 230 1002 269">
     <span class='ocr_line' id='line_1_5' title="bbox 217 230 1002 269; baseline -0.014 -2"><span class='ocrx_word' id='word_1_22' title='bbox 217 239 410 267; x_wconf 76' lang='lat' dir='ltr'><strong>cernebantur.</strong></span> <span class='ocrx_word' id='word_1_23' title='bbox 442 236 532 269; x_wconf 85' lang='lat' dir='ltr'><strong>Itaque</strong></span> <span class='ocrx_word' id='word_1_24' title='bbox 554 241 601 268; x_wconf 89' lang='lat' dir='ltr'><strong>pro</strong></span> <span class='ocrx_word' id='word_1_25' title='bbox 615 233 727 268; x_wconf 77' lang='lat' dir='ltr'><strong>legentis</strong></span> <span class='ocrx_word' id='word_1_26' title='bbox 740 232 887 260; x_wconf 71' lang='lat' dir='ltr'><strong>attentione</strong></span> <span class='ocrx_word' id='word_1_27' title='bbox 903 235 928 258; x_wconf 92' lang='lat' dir='ltr'><strong>et</strong></span> <span class='ocrx_word' id='word_1_28' title='bbox 944 230 1002 257; x_wconf 89' lang='lat' dir='ltr'><strong>dili-</strong></span> 
     </span>
    </p>
   </div>
   <div class='ocr_carea' id='block_1_6' title="bbox 219 277 1003 320">
    <p class='ocr_par' dir='ltr' id='par_1_6' title="bbox 219 277 1003 320">
     <span class='ocr_line' id='line_1_6' title="bbox 219 277 1003 320; baseline -0.011 -8"><span class='ocrx_word' id='word_1_29' title='bbox 219 286 307 320; x_wconf 80' lang='lat' dir='ltr'><strong>gentia</strong></span> <span class='ocrx_word' id='word_1_30' title='bbox 335 286 460 316; x_wconf 86' lang='lat' dir='ltr'><strong>corrupta</strong></span> <span class='ocrx_word' id='word_1_31' title='bbox 476 285 564 313; x_wconf 87' lang='lat' dir='ltr'><strong>erant,</strong></span> <span class='ocrx_word' id='word_1_32' title='bbox 581 280 622 307; x_wconf 98' lang='lat' dir='ltr'><strong>vel</strong></span> <span class='ocrx_word' id='word_1_33' title='bbox 649 279 803 306; x_wconf 82' lang='lat' dir='ltr'><strong>emendata.</strong></span> <span class='ocrx_word' id='word_1_34' title='bbox 827 277 960 311; x_wconf 84' lang='lat' dir='ltr'><strong>Quocirca</strong></span> <span class='ocrx_word' id='word_1_35' title='bbox 976 277 1003 303; x_wconf 91' lang='lat' dir='ltr'><strong>in</strong></span> 
     </span>
    </p>
   </div>
   <div class='ocr_carea' id='block_1_7' title="bbox 219 323 1004 362">
    <p class='ocr_par' dir='ltr' id='par_1_7' title="bbox 219 323 1004 362">
     <span class='ocr_line' id='line_1_7' title="bbox 219 323 1004 362; baseline -0.011 -4"><span class='ocrx_word' id='word_1_36' title='bbox 219 333 311 359; x_wconf 87' lang='lat' dir='ltr'><strong>eadem</strong></span> <span class='ocrx_word' id='word_1_37' title='bbox 327 329 361 355; x_wconf 82' lang='lat' dir='ltr'><strong>ad</strong></span> <span class='ocrx_word' id='word_1_38' title='bbox 386 327 562 362; x_wconf 68' lang='lat' dir='ltr'><strong>Augustinum</strong></span> <span class='ocrx_word' id='word_1_39' title='bbox 584 325 695 360; x_wconf 86' lang='lat' dir='ltr'><strong>epistola</strong></span> <span class='ocrx_word' id='word_1_40' title='bbox 712 325 749 351; x_wconf 90' lang='lat' dir='ltr'><strong>ita</strong></span> <span class='ocrx_word' id='word_1_41' title='bbox 767 324 853 359; x_wconf 85' lang='lat' dir='ltr'><strong>pergit</strong></span> <span class='ocrx_word' id='word_1_42' title='bbox 874 323 1004 357; x_wconf 84' lang='lat' dir='ltr'><strong>llierony-</strong></span> 
     </span>
    </p>
   </div>
   <div class='ocr_carea' id='block_1_8' title="bbox 220 368 1004 403">
    <p class='ocr_par' dir='ltr' id='par_1_8' title="bbox 220 368 1004 403">
     <span class='ocr_line' id='line_1_8' title="bbox 220 368 1004 403; baseline -0.009 -2"><span class='ocrx_word' id='word_1_43' title='bbox 220 383 279 402; x_wconf 85' lang='lat' dir='ltr'><strong>mus</strong></span> <span class='ocrx_word' id='word_1_44' title='bbox 303 382 310 400; x_wconf 76' lang='grc' dir='ltr'><strong><em>τ</em></strong></span> <span class='ocrx_word' id='word_1_45' title='bbox 330 383 339 398; x_wconf 85' lang='grc' dir='ltr'>ι</span> <span class='ocrx_word' id='word_1_46' title='bbox 351 373 399 400; x_wconf 83' lang='lat' dir='ltr'><strong>Vis</strong></span> <span class='ocrx_word' id='word_1_47' title='bbox 416 378 521 399; x_wconf 79' lang='lat' dir='ltr'><strong>amator</strong></span> <span class='ocrx_word' id='word_1_48' title='bbox 538 378 599 398; x_wconf 87' lang='lat' dir='ltr'><strong>esse</strong></span> <span class='ocrx_word' id='word_1_49' title='bbox 620 377 701 396; x_wconf 91' lang='lat' dir='ltr'><strong>verus</strong></span> <span class='ocrx_word' id='word_1_50' title='bbox 719 369 894 403; x_wconf 80' lang='lat' dir='ltr'><strong>Septuaginta</strong></span> <span class='ocrx_word' id='word_1_51' title='bbox 918 368 1004 395; x_wconf 82' lang='lat' dir='ltr'><strong>Inter-</strong></span> 
     </span>
    </p>
   </div>
   <div class='ocr_carea' id='block_1_9' title="bbox 218 412 1004 454">
    <p class='ocr_par' dir='ltr' id='par_1_9' title="bbox 218 412 1004 454">
     <span class='ocr_line' id='line_1_9' title="bbox 218 412 1004 454; baseline -0.008 -8"><span class='ocrx_word' id='word_1_52' title='bbox 218 418 343 454; x_wconf 88' lang='lat' dir='ltr'><strong>prettttn?</strong></span> <span class='ocrx_word' id='word_1_53' title='bbox 360 417 417 444; x_wconf 85' lang='lat' dir='ltr'><strong>Non</strong></span> <span class='ocrx_word' id='word_1_54' title='bbox 429 417 501 452; x_wconf 83' lang='lat' dir='ltr'><strong>legas</strong></span> <span class='ocrx_word' id='word_1_55' title='bbox 514 423 544 443; x_wconf 91' lang='lat' dir='ltr'><strong>ea</strong></span> <span class='ocrx_word' id='word_1_56' title='bbox 562 423 622 450; x_wconf 65' lang='lat' dir='ltr'><strong>qua:</strong></span> <span class='ocrx_word' id='word_1_57' title='bbox 636 413 686 442; x_wconf 90' lang='lat' dir='ltr'><strong>sub</strong></span> <span class='ocrx_word' id='word_1_58' title='bbox 698 413 835 441; x_wconf 75' lang='lat' dir='ltr'><strong>asteriscis</strong></span> <span class='ocrx_word' id='word_1_59' title='bbox 847 417 929 446; x_wconf 87' lang='lat' dir='ltr'><strong>sunt;</strong></span> <span class='ocrx_word' id='word_1_60' title='bbox 950 412 1004 440; x_wconf 92' lang='lat' dir='ltr'><strong>imo</strong></span> 
     </span>
    </p>
   </div>
   <div class='ocr_carea' id='block_1_10' title="bbox 219 463 557 492">
    <p class='ocr_par' dir='ltr' id='par_1_10' title="bbox 219 463 557 492">
     <span class='ocr_line' id='line_1_10' title="bbox 219 463 557 492; baseline -0.012 0"><span class='ocrx_word' id='word_1_61' title='bbox 219 466 283 492; x_wconf 77' lang='lat' dir='ltr'><strong>ratio</strong></span> <span class='ocrx_word' id='word_1_62' title='bbox 297 465 330 492; x_wconf 89' lang='lat' dir='ltr'><strong>de</strong></span> <span class='ocrx_word' id='word_1_63' title='bbox 343 463 534 492; x_wconf 80' lang='lat' dir='ltr'><strong>voluminibus.</strong></span> <span class='ocrx_word' id='word_1_64' title='bbox 547 471 557 488; x_wconf 75' lang='grc' dir='ltr'><strong><em>ι</em></strong></span> 
     </span>
    </p>
   </div>
   <div class='ocr_carea' id='block_1_11' title="bbox 256 504 1003 542">
    <p class='ocr_par' dir='ltr' id='par_1_11' title="bbox 256 504 1003 542">
     <span class='ocr_line' id='line_1_11' title="bbox 256 504 1003 542; baseline -0.005 -6"><span class='ocrx_word' id='word_1_65' title='bbox 256 509 373 537; x_wconf 86' lang='lat' dir='ltr'><strong>Editioni</strong></span> <span class='ocrx_word' id='word_1_66' title='bbox 392 508 445 534; x_wconf 81' lang='grc' dir='ltr'><strong>τῶν</strong></span> <span class='ocrx_word' id='word_1_67' title='bbox 459 506 497 541; x_wconf 82' lang='grc' dir='ltr'><strong>θ’,</strong></span> <span class='ocrx_word' id='word_1_68' title='bbox 514 514 573 542; x_wconf 63' lang='lat' dir='ltr'><strong>qua</strong></span> <span class='ocrx_word' id='word_1_69' title='bbox 588 511 646 533; x_wconf 89' lang='lat' dir='ltr'><strong>erat</strong></span> <span class='ocrx_word' id='word_1_70' title='bbox 659 506 686 532; x_wconf 92' lang='lat' dir='ltr'><strong>in</strong></span> <span class='ocrx_word' id='word_1_71' title='bbox 700 505 841 539; x_wconf 73' lang='lat' dir='ltr'><strong>Tetraplir,</strong></span> <span class='ocrx_word' id='word_1_72' title='bbox 853 504 955 532; x_wconf 82' lang='lat' dir='ltr'><strong>scholia</strong></span> <span class='ocrx_word' id='word_1_73' title='bbox 970 505 1003 532; x_wconf 90' lang='lat' dir='ltr'><strong>ad</strong></span> 
     </span>
    </p>
   </div>
   <div class='ocr_carea' id='block_1_12' title="bbox 218 551 1004 589">
    <p class='ocr_par' dir='ltr' id='par_1_12' title="bbox 218 551 1004 589">
     <span class='ocr_line' id='line_1_12' title="bbox 218 551 1004 589; baseline -0.008 -6"><span class='ocrx_word' id='word_1_74' title='bbox 218 556 331 583; x_wconf 87' lang='lat' dir='ltr'><strong>limbum</strong></span> <span class='ocrx_word' id='word_1_75' title='bbox 348 555 437 589; x_wconf 85' lang='lat' dir='ltr'><strong>aliqua</strong></span> <span class='ocrx_word' id='word_1_76' title='bbox 461 553 593 588; x_wconf 72' lang='lat' dir='ltr'><strong>adiecisse</strong></span> <span class='ocrx_word' id='word_1_77' title='bbox 606 553 748 587; x_wconf 80' lang='lat' dir='ltr'><strong>Origenem</strong></span> <span class='ocrx_word' id='word_1_78' title='bbox 763 551 891 578; x_wconf 81' lang='lat' dir='ltr'><strong>discimus</strong></span> <span class='ocrx_word' id='word_1_79' title='bbox 901 559 934 578; x_wconf 81' lang='lat' dir='ltr'><strong>cx</strong></span> <span class='ocrx_word' id='word_1_80' title='bbox 948 558 1004 578; x_wconf 88' lang='lat' dir='ltr'><strong>me-</strong></span> 
     </span>
    </p>
   </div>
   <div class='ocr_carea' id='block_1_13' title="bbox 219 597 1004 633">
    <p class='ocr_par' dir='ltr' id='par_1_13' title="bbox 219 597 1004 633">
     <span class='ocr_line' id='line_1_13' title="bbox 219 597 1004 633; baseline -0.006 -5"><span class='ocrx_word' id='word_1_81' title='bbox 219 606 324 628; x_wconf 90' lang='lat' dir='ltr'><strong>morato</strong></span> <span class='ocrx_word' id='word_1_82' title='bbox 340 601 432 628; x_wconf 78' lang='lat' dir='ltr'><strong>codice</strong></span> <span class='ocrx_word' id='word_1_83' title='bbox 450 599 589 630; x_wconf 81' lang='lat' dir='ltr'><strong>Marebali,</strong></span> <span class='ocrx_word' id='word_1_84' title='bbox 617 606 697 633; x_wconf 91' lang='lat' dir='ltr'><strong>quem</strong></span> <span class='ocrx_word' id='word_1_85' title='bbox 723 598 824 625; x_wconf 83' lang='lat' dir='ltr'><strong>habent</strong></span> <span class='ocrx_word' id='word_1_86' title='bbox 844 597 1004 624; x_wconf 85' lang='lat' dir='ltr'><strong>Claromon-</strong></span> 
     </span>
    </p>
   </div>
   <div class='ocr_carea' id='block_1_14' title="bbox 219 643 1005 675">
    <p class='ocr_par' dir='ltr' id='par_1_14' title="bbox 219 643 1005 675">
     <span class='ocr_line' id='line_1_14' title="bbox 219 643 1005 675; baseline -0.009 0"><span class='ocrx_word' id='word_1_87' title='bbox 219 648 274 675; x_wconf 81' lang='lat' dir='ltr'><strong>tani</strong></span> <span class='ocrx_word' id='word_1_88' title='bbox 295 647 389 674; x_wconf 87' lang='lat' dir='ltr'><strong>Patres</strong></span> <span class='ocrx_word' id='word_1_89' title='bbox 411 646 554 673; x_wconf 87' lang='lat' dir='ltr'><strong>Societatis</strong></span> <span class='ocrx_word' id='word_1_90' title='bbox 574 643 636 671; x_wconf 80' lang='lat' dir='ltr'><strong>Jesu</strong></span> <span class='ocrx_word' id='word_1_91' title='bbox 665 644 843 671; x_wconf 85' lang='lat' dir='ltr'><strong>:adnolalum</strong></span> <span class='ocrx_word' id='word_1_92' title='bbox 863 643 935 670; x_wconf 88' lang='lat' dir='ltr'><strong>enim</strong></span> <span class='ocrx_word' id='word_1_93' title='bbox 962 647 1005 669; x_wconf 85' lang='lat' dir='ltr'><strong>est</strong></span> 
     </span>
    </p>
   </div>
   <div class='ocr_carea' id='block_1_15' title="bbox 219 687 1004 723">
    <p class='ocr_par' dir='ltr' id='par_1_15' title="bbox 219 687 1004 723">
     <span class='ocr_line' id='line_1_15' title="bbox 219 687 1004 723; baseline -0.008 -3"><span class='ocrx_word' id='word_1_94' title='bbox 219 698 282 720; x_wconf 85' lang='lat' dir='ltr'><strong>ante</strong></span> <span class='ocrx_word' id='word_1_95' title='bbox 298 692 480 723; x_wconf 85' lang='lat' dir='ltr'><strong>Ezecltielem,</strong></span> <span class='ocrx_word' id='word_1_96' title='bbox 498 691 597 718; x_wconf 87' lang='lat' dir='ltr'><strong>librutn</strong></span> <span class='ocrx_word' id='word_1_97' title='bbox 621 690 693 716; x_wconf 89' lang='lat' dir='ltr'><strong>hunc</strong></span> <span class='ocrx_word' id='word_1_98' title='bbox 715 697 747 716; x_wconf 84' lang='lat' dir='ltr'><strong>ex</strong></span> <span class='ocrx_word' id='word_1_99' title='bbox 760 688 887 722; x_wconf 68' lang='lat' dir='ltr'><strong>Ilexaplis</strong></span> <span class='ocrx_word' id='word_1_100' title='bbox 901 687 1004 716; x_wconf 87' lang='lat' dir='ltr'><strong>descri-</strong></span> 
     </span>
    </p>
   </div>
   <div class='ocr_carea' id='block_1_16' title="bbox 219 735 1003 775">
    <p class='ocr_par' dir='ltr' id='par_1_16' title="bbox 219 735 1003 775">
     <span class='ocr_line' id='line_1_16' title="bbox 219 735 1003 775; baseline -0.005 -10"><span class='ocrx_word' id='word_1_101' title='bbox 219 745 294 775; x_wconf 90' lang='lat' dir='ltr'><strong>ptum</strong></span> <span class='ocrx_word' id='word_1_102' title='bbox 308 746 382 769; x_wconf 87' lang='lat' dir='ltr'><strong>esse;</strong></span> <span class='ocrx_word' id='word_1_103' title='bbox 396 743 547 765; x_wconf 88' lang='lat' dir='ltr'><strong>correctum</strong></span> <span class='ocrx_word' id='word_1_104' title='bbox 574 744 638 763; x_wconf 87' lang='lat' dir='ltr'><strong>vero</strong></span> <span class='ocrx_word' id='word_1_105' title='bbox 653 737 685 763; x_wconf 89' lang='lat' dir='ltr'><strong>ad</strong></span> <span class='ocrx_word' id='word_1_106' title='bbox 702 735 884 769; x_wconf 83' lang='lat' dir='ltr'><strong>Tetraplorum</strong></span> <span class='ocrx_word' id='word_1_107' title='bbox 900 736 978 761; x_wconf 87' lang='lat' dir='ltr'><strong>tidem</strong></span> <span class='ocrx_word' id='word_1_108' title='bbox 996 744 1003 762; x_wconf 88' lang='lat'><strong>:</strong></span> 
     </span>
    </p>
   </div>
   <div class='ocr_carea' id='block_1_17' title="bbox 220 779 1004 820">
    <p class='ocr_par' dir='ltr' id='par_1_17' title="bbox 220 779 1004 820">
     <span class='ocr_line' id='line_1_17' title="bbox 220 779 1004 820; baseline -0.006 -9"><span class='ocrx_word' id='word_1_109' title='bbox 220 784 388 820; x_wconf 81' lang='lat' dir='ltr'><strong>postmodum</strong></span> <span class='ocrx_word' id='word_1_110' title='bbox 412 783 524 810; x_wconf 82' lang='lat' dir='ltr'><strong>subest:</strong></span> <span class='ocrx_word' id='word_1_111' title='bbox 544 782 640 808; x_wconf 75' lang='grc' dir='ltr'><strong>’Ἁτινα</strong></span> <span class='ocrx_word' id='word_1_112' title='bbox 659 781 706 808; x_wconf 73' lang='grc' dir='ltr'><strong>καὶ</strong></span> <span class='ocrx_word' id='word_1_113' title='bbox 725 781 807 808; x_wconf 80' lang='grc' dir='ltr'><strong>αὑτοῦ</strong></span> <span class='ocrx_word' id='word_1_114' title='bbox 823 779 1004 817; x_wconf 79' lang='grc' dir='ltr'><strong>(Ὡριγένους)</strong></span> 
     </span>
    </p>
   </div>
   <div class='ocr_carea' id='block_1_18' title="bbox 220 826 1005 866">
    <p class='ocr_par' dir='ltr' id='par_1_18' title="bbox 220 826 1005 866">
     <span class='ocr_line' id='line_1_18' title="bbox 220 826 1005 866; baseline -0.005 -10"><span class='ocrx_word' id='word_1_115' title='bbox 220 830 290 866; x_wconf 81' lang='grc' dir='ltr'>χειρὶ</span> <span class='ocrx_word' id='word_1_116' title='bbox 303 829 449 865; x_wconf 74' lang='grc' dir='ltr'><strong>διώρϐωτο,</strong></span> <span class='ocrx_word' id='word_1_117' title='bbox 466 828 512 854; x_wconf 70' lang='grc' dir='ltr'>καὶ</span> <span class='ocrx_word' id='word_1_118' title='bbox 529 827 777 863; x_wconf 73' lang='grc' dir='ltr'><strong>ὶσχολιογράφητο·</strong></span> <span class='ocrx_word' id='word_1_119' title='bbox 797 827 858 853; x_wconf 83' lang='grc' dir='ltr'><strong>ὅθεν</strong></span> <span class='ocrx_word' id='word_1_120' title='bbox 876 826 1005 858; x_wconf 71' lang='grc' dir='ltr'><strong>Εὐσέϐιος</strong></span> 
     </span>
    </p>
   </div>
   <div class='ocr_carea' id='block_1_19' title="bbox 1054 222 1845 256">
    <p class='ocr_par' dir='ltr' id='par_1_19' title="bbox 1054 222 1845 256">
     <span class='ocr_line' id='line_1_19' title="bbox 1054 222 1845 256; baseline -0.009 -1"><span class='ocrx_word' id='word_1_121' title='bbox 1054 227 1142 255; x_wconf 80' lang='lat' dir='ltr'><strong>conati</strong></span> <span class='ocrx_word' id='word_1_122' title='bbox 1167 232 1231 254; x_wconf 83' lang='lat' dir='ltr'><strong>sunt</strong></span> <span class='ocrx_word' id='word_1_123' title='bbox 1248 225 1377 253; x_wconf 81' lang='lat' dir='ltr'><strong>Eusebius</strong></span> <span class='ocrx_word' id='word_1_124' title='bbox 1392 229 1419 252; x_wconf 89' lang='lat' dir='ltr'><strong>et</strong></span> <span class='ocrx_word' id='word_1_125' title='bbox 1439 223 1606 256; x_wconf 82' lang='lat' dir='ltr'><strong>Pamphilus,</strong></span> <span class='ocrx_word' id='word_1_126' title='bbox 1624 229 1657 250; x_wconf 75' lang='lat' dir='ltr'><strong>ex</strong></span> <span class='ocrx_word' id='word_1_127' title='bbox 1682 222 1743 256; x_wconf 90' lang='lat' dir='ltr'><strong>ipso</strong></span> <span class='ocrx_word' id='word_1_128' title='bbox 1765 223 1845 248; x_wconf 70' lang='grc' dir='ltr'><strong>αὑτο-</strong></span> 
     </span>
    </p>
   </div>
   <div class='ocr_carea' id='block_1_20' title="bbox 1054 268 1846 310">
    <p class='ocr_par' dir='ltr' id='par_1_20' title="bbox 1054 268 1846 310">
     <span class='ocr_line' id='line_1_20' title="bbox 1054 268 1846 310; baseline -0.009 -9"><span class='ocrx_word' id='word_1_129' title='bbox 1054 274 1165 310; x_wconf 76' lang='grc' dir='ltr'>γράφῳ,</span> <span class='ocrx_word' id='word_1_130' title='bbox 1178 274 1249 307; x_wconf 89' lang='lat' dir='ltr'><strong>quod</strong></span> <span class='ocrx_word' id='word_1_131' title='bbox 1264 276 1323 299; x_wconf 83' lang='lat' dir='ltr'><strong>erat</strong></span> <span class='ocrx_word' id='word_1_132' title='bbox 1336 271 1362 297; x_wconf 93' lang='lat' dir='ltr'><strong>in</strong></span> <span class='ocrx_word' id='word_1_133' title='bbox 1382 268 1540 297; x_wconf 63' lang='lat' dir='ltr'><strong>Caesariensi</strong></span> <span class='ocrx_word' id='word_1_134' title='bbox 1558 268 1742 299; x_wconf 83' lang='lat' dir='ltr'><strong>bibliotheca;</strong></span> <span class='ocrx_word' id='word_1_135' title='bbox 1765 268 1846 294; x_wconf 85' lang='lat' dir='ltr'><strong>resti-</strong></span> 
     </span>
    </p>
   </div>
   <div class='ocr_carea' id='block_1_21' title="bbox 1055 314 1845 351">
    <p class='ocr_par' dir='ltr' id='par_1_21' title="bbox 1055 314 1845 351">
     <span class='ocr_line' id='line_1_21' title="bbox 1055 314 1845 351; baseline -0.01 -3"><span class='ocrx_word' id='word_1_136' title='bbox 1055 327 1139 348; x_wconf 85' lang='lat' dir='ltr'><strong>tutam</strong></span> <span class='ocrx_word' id='word_1_137' title='bbox 1154 328 1218 347; x_wconf 88' lang='lat' dir='ltr'><strong>vero</strong></span> <span class='ocrx_word' id='word_1_138' title='bbox 1228 324 1255 347; x_wconf 89' lang='lat' dir='ltr'><strong>et</strong></span> <span class='ocrx_word' id='word_1_139' title='bbox 1268 324 1389 346; x_wconf 82' lang='lat' dir='ltr'><strong>seorsum</strong></span> <span class='ocrx_word' id='word_1_140' title='bbox 1404 324 1500 351; x_wconf 82' lang='lat' dir='ltr'><strong>magna</strong></span> <span class='ocrx_word' id='word_1_141' title='bbox 1514 315 1653 350; x_wconf 75' lang='lat' dir='ltr'><strong>diligentia</strong></span> <span class='ocrx_word' id='word_1_142' title='bbox 1676 314 1845 348; x_wconf 77' lang='lat' dir='ltr'><strong>descriptam</strong></span> 
     </span>
    </p>
   </div>
   <div class='ocr_carea' id='block_1_22' title="bbox 1055 361 1845 402">
    <p class='ocr_par' dir='ltr' id='par_1_22' title="bbox 1055 361 1845 402">
     <span class='ocr_line' id='line_1_22' title="bbox 1055 361 1845 402; baseline -0.009 -8"><span class='ocrx_word' id='word_1_143' title='bbox 1055 366 1274 402; x_wconf 88' lang='lat' dir='ltr'><strong>publicaverunt.</strong></span> <span class='ocrx_word' id='word_1_144' title='bbox 1289 365 1377 399; x_wconf 83' lang='lat' dir='ltr'><strong>Atque</strong></span> <span class='ocrx_word' id='word_1_145' title='bbox 1397 370 1428 390; x_wconf 79' lang='lat' dir='ltr'><strong>ea</strong></span> <span class='ocrx_word' id='word_1_146' title='bbox 1442 362 1525 390; x_wconf 82' lang='lat' dir='ltr'><strong>editio</strong></span> <span class='ocrx_word' id='word_1_147' title='bbox 1540 361 1682 389; x_wconf 61' lang='lat' dir='ltr'><strong>Palaestina</strong></span> <span class='ocrx_word' id='word_1_148' title='bbox 1697 361 1772 388; x_wconf 86' lang='lat' dir='ltr'><strong>dicta</strong></span> <span class='ocrx_word' id='word_1_149' title='bbox 1792 366 1845 387; x_wconf 84' lang='lat' dir='ltr'><strong>est.</strong></span> 
     </span>
    </p>
   </div>
   <div class='ocr_carea' id='block_1_23' title="bbox 1054 405 1846 445">
    <p class='ocr_par' dir='ltr' id='par_1_23' title="bbox 1054 405 1846 445">
     <span class='ocr_line' id='line_1_23' title="bbox 1054 405 1846 445; baseline -0.009 -5"><span class='ocrx_word' id='word_1_150' title='bbox 1054 414 1167 440; x_wconf 86' lang='lat' dir='ltr'><strong>Summo</strong></span> <span class='ocrx_word' id='word_1_151' title='bbox 1179 411 1280 440; x_wconf 77' lang='lat' dir='ltr'><strong>scilicet</strong></span> <span class='ocrx_word' id='word_1_152' title='bbox 1300 411 1428 445; x_wconf 85' lang='lat' dir='ltr'><strong>applausu</strong></span> <span class='ocrx_word' id='word_1_153' title='bbox 1451 408 1502 435; x_wconf 81' lang='lat' dir='ltr'><strong>fuit</strong></span> <span class='ocrx_word' id='word_1_154' title='bbox 1514 412 1637 442; x_wconf 77' lang='lat' dir='ltr'><strong>excepta,</strong></span> <span class='ocrx_word' id='word_1_155' title='bbox 1650 405 1715 434; x_wconf 78' lang='lat' dir='ltr'><strong>etin</strong></span> <span class='ocrx_word' id='word_1_156' title='bbox 1730 406 1846 434; x_wconf 80' lang='lat' dir='ltr'><strong>Jerosu-</strong></span> 
     </span>
    </p>
   </div>
   <div class='ocr_carea' id='block_1_24' title="bbox 1055 453 1846 494">
    <p class='ocr_par' dir='ltr' id='par_1_24' title="bbox 1055 453 1846 494">
     <span class='ocr_line' id='line_1_24' title="bbox 1055 453 1846 494; baseline -0.009 -9"><span class='ocrx_word' id='word_1_157' title='bbox 1055 458 1133 494; x_wconf 72' lang='lat' dir='ltr'><strong>lyma:</strong></span> <span class='ocrx_word' id='word_1_158' title='bbox 1158 457 1273 492; x_wconf 74' lang='lat' dir='ltr'><strong>aliisque</strong></span> <span class='ocrx_word' id='word_1_159' title='bbox 1288 456 1404 484; x_wconf 77' lang='lat' dir='ltr'><strong>Orientis</strong></span> <span class='ocrx_word' id='word_1_160' title='bbox 1425 453 1552 481; x_wconf 86' lang='lat' dir='ltr'><strong>Ecclesiis</strong></span> <span class='ocrx_word' id='word_1_161' title='bbox 1575 453 1713 481; x_wconf 76' lang='lat' dir='ltr'><strong>decantari</strong></span> <span class='ocrx_word' id='word_1_162' title='bbox 1741 457 1846 486; x_wconf 73' lang='lat' dir='ltr'><strong>empta,</strong></span> 
     </span>
    </p>
   </div>
   <div class='ocr_carea' id='block_1_25' title="bbox 1054 499 1847 536">
    <p class='ocr_par' dir='ltr' id='par_1_25' title="bbox 1054 499 1847 536">
     <span class='ocr_line' id='line_1_25' title="bbox 1054 499 1847 536; baseline -0.008 -6"><span class='ocrx_word' id='word_1_163' title='bbox 1054 509 1080 532; x_wconf 86' lang='lat' dir='ltr'><strong>et</strong></span> <span class='ocrx_word' id='word_1_164' title='bbox 1091 503 1261 530; x_wconf 88' lang='lat' dir='ltr'><strong>librariorum</strong></span> <span class='ocrx_word' id='word_1_165' title='bbox 1276 509 1346 536; x_wconf 68' lang='lat' dir='ltr'><strong>saepe</strong></span> <span class='ocrx_word' id='word_1_166' title='bbox 1359 509 1417 529; x_wconf 89' lang='lat' dir='ltr'><strong>eam</strong></span> <span class='ocrx_word' id='word_1_167' title='bbox 1434 502 1459 528; x_wconf 88' lang='lat' dir='ltr'><strong>itt</strong></span> <span class='ocrx_word' id='word_1_168' title='bbox 1474 500 1596 535; x_wconf 84' lang='lat' dir='ltr'><strong>publicos</strong></span> <span class='ocrx_word' id='word_1_169' title='bbox 1609 507 1673 527; x_wconf 89' lang='lat' dir='ltr'><strong>usus</strong></span> <span class='ocrx_word' id='word_1_170' title='bbox 1683 499 1847 526; x_wconf 76' lang='lat' dir='ltr'><strong>exscriben-</strong></span> 
     </span>
    </p>
   </div>
   <div class='ocr_carea' id='block_1_26' title="bbox 1055 547 1844 582">
    <p class='ocr_par' dir='ltr' id='par_1_26' title="bbox 1055 547 1844 582">
     <span class='ocr_line' id='line_1_26' title="bbox 1055 547 1844 582; baseline -0.008 -6"><span class='ocrx_word' id='word_1_171' title='bbox 1055 549 1120 576; x_wconf 87' lang='lat' dir='ltr'><strong>tium</strong></span> <span class='ocrx_word' id='word_1_172' title='bbox 1138 548 1231 576; x_wconf 88' lang='lat' dir='ltr'><strong>labore</strong></span> <span class='ocrx_word' id='word_1_173' title='bbox 1242 547 1414 576; x_wconf 80' lang='lat' dir='ltr'><strong>disseminata</strong></span> <span class='ocrx_word' id='word_1_174' title='bbox 1432 547 1531 582; x_wconf 82' lang='lat' dir='ltr'><strong>passim</strong></span> <span class='ocrx_word' id='word_1_175' title='bbox 1545 553 1576 573; x_wconf 82' lang='lat' dir='ltr'><strong>ac</strong></span> <span class='ocrx_word' id='word_1_176' title='bbox 1587 551 1756 580; x_wconf 74' lang='lat' dir='ltr'><strong>propagata;</strong></span> <span class='ocrx_word' id='word_1_177' title='bbox 1781 553 1844 572; x_wconf 88' lang='lat' dir='ltr'><strong>cum</strong></span> 
     </span>
    </p>
   </div>
   <div class='ocr_carea' id='block_1_27' title="bbox 1055 592 1845 630">
    <p class='ocr_par' dir='ltr' id='par_1_27' title="bbox 1055 592 1845 630">
     <span class='ocr_line' id='line_1_27' title="bbox 1055 592 1845 630; baseline -0.006 -8"><span class='ocrx_word' id='word_1_178' title='bbox 1055 601 1164 630; x_wconf 90' lang='lat' dir='ltr'><strong>propter</strong></span> <span class='ocrx_word' id='word_1_179' title='bbox 1190 596 1310 623; x_wconf 77' lang='lat' dir='ltr'><strong>auctoris</strong></span> <span class='ocrx_word' id='word_1_180' title='bbox 1334 595 1443 627; x_wconf 78' lang='lat' dir='ltr'><strong>tamam,</strong></span> <span class='ocrx_word' id='word_1_181' title='bbox 1461 599 1486 621; x_wconf 91' lang='lat' dir='ltr'><strong>et</strong></span> <span class='ocrx_word' id='word_1_182' title='bbox 1506 593 1710 621; x_wconf 86' lang='lat' dir='ltr'><strong>emendatorum</strong></span> <span class='ocrx_word' id='word_1_183' title='bbox 1725 592 1845 619; x_wconf 81' lang='lat' dir='ltr'><strong>nobilem</strong></span> 
     </span>
    </p>
   </div>
   <div class='ocr_carea' id='block_1_28' title="bbox 1055 638 1845 677">
    <p class='ocr_par' dir='ltr' id='par_1_28' title="bbox 1055 638 1845 677">
     <span class='ocr_line' id='line_1_28' title="bbox 1055 638 1845 677; baseline -0.008 -8"><span class='ocrx_word' id='word_1_184' title='bbox 1055 643 1215 675; x_wconf 83' lang='lat' dir='ltr'><strong>doctrinam,</strong></span> <span class='ocrx_word' id='word_1_185' title='bbox 1241 646 1298 669; x_wconf 90' lang='lat' dir='ltr'><strong>tum</strong></span> <span class='ocrx_word' id='word_1_186' title='bbox 1314 647 1423 677; x_wconf 88' lang='lat' dir='ltr'><strong>propter</strong></span> <span class='ocrx_word' id='word_1_187' title='bbox 1449 640 1539 674; x_wconf 85' lang='lat' dir='ltr'><strong>operis</strong></span> <span class='ocrx_word' id='word_1_188' title='bbox 1556 639 1642 673; x_wconf 83' lang='lat' dir='ltr'><strong>ipsius</strong></span> <span class='ocrx_word' id='word_1_189' title='bbox 1671 638 1845 673; x_wconf 78' lang='lat' dir='ltr'><strong>dignitatem.</strong></span> 
     </span>
    </p>
   </div>
   <div class='ocr_carea' id='block_1_29' title="bbox 1056 685 1847 721">
    <p class='ocr_par' dir='ltr' id='par_1_29' title="bbox 1056 685 1847 721">
     <span class='ocr_line' id='line_1_29' title="bbox 1056 685 1847 721; baseline -0.005 -7"><span class='ocrx_word' id='word_1_190' title='bbox 1056 688 1142 721; x_wconf 80' lang='lat' dir='ltr'><strong>Hujus</strong></span> <span class='ocrx_word' id='word_1_191' title='bbox 1155 688 1281 715; x_wconf 90' lang='lat' dir='ltr'><strong>editionis</strong></span> <span class='ocrx_word' id='word_1_192' title='bbox 1295 692 1322 715; x_wconf 89' lang='lat' dir='ltr'><strong>et</strong></span> <span class='ocrx_word' id='word_1_193' title='bbox 1348 687 1543 714; x_wconf 83' lang='lat' dir='ltr'><strong>emendationis</strong></span> <span class='ocrx_word' id='word_1_194' title='bbox 1560 685 1726 712; x_wconf 85' lang='lat' dir='ltr'><strong>luculentum</strong></span> <span class='ocrx_word' id='word_1_195' title='bbox 1756 689 1847 711; x_wconf 72' lang='lat' dir='ltr'><strong>exstat</strong></span> 
     </span>
    </p>
   </div>
   <div class='ocr_carea' id='block_1_30' title="bbox 1057 729 1846 764">
    <p class='ocr_par' dir='ltr' id='par_1_30' title="bbox 1057 729 1846 764">
     <span class='ocr_line' id='line_1_30' title="bbox 1057 729 1846 764; baseline -0.003 -6"><span class='ocrx_word' id='word_1_196' title='bbox 1057 737 1261 759; x_wconf 82' lang='lat' dir='ltr'><strong>monumentum</strong></span> <span class='ocrx_word' id='word_1_197' title='bbox 1277 732 1302 758; x_wconf 90' lang='lat' dir='ltr'><strong>in</strong></span> <span class='ocrx_word' id='word_1_198' title='bbox 1318 732 1410 759; x_wconf 86' lang='lat' dir='ltr'><strong>codice</strong></span> <span class='ocrx_word' id='word_1_199' title='bbox 1423 731 1519 758; x_wconf 68' lang='lat' dir='ltr'><strong>[leuati</strong></span> <span class='ocrx_word' id='word_1_200' title='bbox 1532 729 1671 762; x_wconf 78' lang='lat' dir='ltr'><strong>Marchali.</strong></span> <span class='ocrx_word' id='word_1_201' title='bbox 1696 729 1756 763; x_wconf 87' lang='lat' dir='ltr'><strong>jam</strong></span> <span class='ocrx_word' id='word_1_202' title='bbox 1774 737 1846 764; x_wconf 60' lang='lat' dir='ltr'><strong>saepe</strong></span> 
     </span>
    </p>
   </div>
   <div class='ocr_carea' id='block_1_31' title="bbox 1057 776 1846 812">
    <p class='ocr_par' dir='ltr' id='par_1_31' title="bbox 1057 776 1846 812">
     <span class='ocr_line' id='line_1_31' title="bbox 1057 776 1846 812; baseline -0.003 -9"><span class='ocrx_word' id='word_1_203' title='bbox 1057 777 1181 810; x_wconf 74' lang='lat' dir='ltr'><strong>laudato,</strong></span> <span class='ocrx_word' id='word_1_204' title='bbox 1199 778 1225 805; x_wconf 91' lang='lat' dir='ltr'><strong>in</strong></span> <span class='ocrx_word' id='word_1_205' title='bbox 1237 785 1289 812; x_wconf 90' lang='lat' dir='ltr'><strong>quo</strong></span> <span class='ocrx_word' id='word_1_206' title='bbox 1303 782 1362 811; x_wconf 89' lang='lat' dir='ltr'><strong>post</strong></span> <span class='ocrx_word' id='word_1_207' title='bbox 1373 777 1497 804; x_wconf 74' lang='lat' dir='ltr'><strong>Jerentia:</strong></span> <span class='ocrx_word' id='word_1_208' title='bbox 1508 777 1604 804; x_wconf 88' lang='lat' dir='ltr'><strong>librum</strong></span> <span class='ocrx_word' id='word_1_209' title='bbox 1618 776 1777 803; x_wconf 84' lang='lat' dir='ltr'><strong>adnotatum</strong></span> <span class='ocrx_word' id='word_1_210' title='bbox 1791 780 1846 807; x_wconf 78' lang='lat' dir='ltr'><strong>est,</strong></span> 
     </span>
    </p>
   </div>
   <div class='ocr_carea' id='block_1_32' title="bbox 1057 821 1847 858">
    <p class='ocr_par' dir='ltr' id='par_1_32' title="bbox 1057 821 1847 858">
     <span class='ocr_line' id='line_1_32' title="bbox 1057 821 1847 858; baseline -0.003 -8"><span class='ocrx_word' id='word_1_211' title='bbox 1057 824 1221 857; x_wconf 87' lang='lat' dir='ltr'><strong>descriptum</strong></span> <span class='ocrx_word' id='word_1_212' title='bbox 1235 831 1296 850; x_wconf 87' lang='lat' dir='ltr'><strong>eum</strong></span> <span class='ocrx_word' id='word_1_213' title='bbox 1310 831 1369 851; x_wconf 85' lang='lat' dir='ltr'><strong>esse</strong></span> <span class='ocrx_word' id='word_1_214' title='bbox 1381 831 1412 850; x_wconf 88' lang='lat' dir='ltr'><strong>ex</strong></span> <span class='ocrx_word' id='word_1_215' title='bbox 1429 823 1552 858; x_wconf 72' lang='lat' dir='ltr'><strong>Origenis</strong></span> <span class='ocrx_word' id='word_1_216' title='bbox 1564 821 1704 857; x_wconf 71' lang='lat' dir='ltr'><strong>Hexaplis.</strong></span> <span class='ocrx_word' id='word_1_217' title='bbox 1715 827 1744 849; x_wconf 90' lang='lat' dir='ltr'><strong>et</strong></span> <span class='ocrx_word' id='word_1_218' title='bbox 1758 829 1847 849; x_wconf 71' lang='lat' dir='ltr'><strong>enica-</strong></span> 
     </span>
    </p>
   </div>
   <div class='ocr_carea' id='block_1_33' title="bbox 221 863 1008 912">
    <p class='ocr_par' dir='ltr' id='par_1_33' title="bbox 221 863 1008 912">
     <span class='ocr_line' id='line_1_33' title="bbox 221 863 1008 912; baseline -0.006 -9"><span class='ocrx_word' id='word_1_219' title='bbox 299 876 333 902; x_wconf 78' lang='grc' dir='ltr'>τὰ</span> <span class='ocrx_word' id='word_1_220' title='bbox 355 863 448 911; x_wconf 55' lang='grc' dir='ltr'><strong>ᾇχὸλια</strong></span> <span class='ocrx_word' id='word_1_221' title='bbox 469 874 622 909; x_wconf 78' lang='grc' dir='ltr'><strong>παρέθηκα·</strong></span> <span class='ocrx_word' id='word_1_222' title='bbox 640 874 780 908; x_wconf 77' lang='grc' dir='ltr'><strong>Πάμφιλος</strong></span> <span class='ocrx_word' id='word_1_223' title='bbox 803 873 850 900; x_wconf 72' lang='grc' dir='ltr'><strong>καὶ</strong></span> <span class='ocrx_word' id='word_1_224' title='bbox 873 872 1008 904; x_wconf 74' lang='grc' dir='ltr'><strong>Ἐυσέὸιος</strong></span> 
     </span>
    </p>
   </div>
   <div class='ocr_carea' id='block_1_34' title="bbox 1061 863 1847 912">
    <p class='ocr_par' dir='ltr' id='par_1_34' title="bbox 1061 868 1847 905">
     <span class='ocr_line' id='line_1_34' title="bbox 1061 868 1847 905; baseline -0.001 -9"><span class='ocrx_word' id='word_1_225' title='bbox 1061 870 1150 897; x_wconf 89' lang='lat' dir='ltr'><strong>datttm</strong></span> <span class='ocrx_word' id='word_1_226' title='bbox 1175 878 1207 897; x_wconf 83' lang='lat' dir='ltr'><strong>ex</strong></span> <span class='ocrx_word' id='word_1_227' title='bbox 1225 869 1353 903; x_wconf 75' lang='lat' dir='ltr'><strong>Tetraplis</strong></span> <span class='ocrx_word' id='word_1_228' title='bbox 1381 877 1461 896; x_wconf 87' lang='lat' dir='ltr'><strong>tuauu</strong></span> <span class='ocrx_word' id='word_1_229' title='bbox 1490 869 1574 905; x_wconf 86' lang='lat' dir='ltr'><strong>ipsius</strong></span> <span class='ocrx_word' id='word_1_230' title='bbox 1594 869 1739 901; x_wconf 81' lang='lat' dir='ltr'><strong>exaratis;</strong></span> <span class='ocrx_word' id='word_1_231' title='bbox 1765 868 1847 903; x_wconf 83' lang='lat' dir='ltr'><strong>idque</strong></span> 
     </span>
    </p>
   </div>
   <div class='ocr_carea' id='block_1_35' title="bbox 219 917 1008 958">
    <p class='ocr_par' dir='ltr' id='par_1_35' title="bbox 219 917 1008 958">
     <span class='ocr_line' id='line_1_35' title="bbox 219 917 1008 958; baseline -0.01 -8"><span class='ocrx_word' id='word_1_232' title='bbox 219 921 420 958; x_wconf 75' lang='grc' dir='ltr'><strong>διωρθώσαντο.</strong></span> <span class='ocrx_word' id='word_1_233' title='bbox 446 929 454 945; x_wconf 82' lang='lat' dir='ltr'><strong>t</strong></span> <span class='ocrx_word' id='word_1_234' title='bbox 467 920 531 952; x_wconf 65' lang='lat' dir='ltr'><strong>Qua}</strong></span> <span class='ocrx_word' id='word_1_235' title='bbox 544 918 688 954; x_wconf 80' lang='lat' dir='ltr'><strong>(Tetrupla)</strong></span> <span class='ocrx_word' id='word_1_236' title='bbox 701 919 782 953; x_wconf 87' lang='lat' dir='ltr'><strong>ipsius</strong></span> <span class='ocrx_word' id='word_1_237' title='bbox 793 917 937 952; x_wconf 81' lang='lat' dir='ltr'><strong>(Origenis)</strong></span> <span class='ocrx_word' id='word_1_238' title='bbox 952 924 1008 943; x_wconf 88' lang='lat' dir='ltr'><strong>ma-</strong></span> 
     </span>
    </p>
   </div>
   <div class='ocr_carea' id='block_1_36' title="bbox 220 962 1008 998">
    <p class='ocr_par' dir='ltr' id='par_1_36' title="bbox 220 962 1008 998">
     <span class='ocr_line' id='line_1_36' title="bbox 220 962 1008 998; baseline -0.008 -3"><span class='ocrx_word' id='word_1_239' title='bbox 220 977 256 996; x_wconf 88' lang='lat' dir='ltr'><strong>nu</strong></span> <span class='ocrx_word' id='word_1_240' title='bbox 271 968 424 998; x_wconf 81' lang='lat' dir='ltr'><strong>ententlatn,</strong></span> <span class='ocrx_word' id='word_1_241' title='bbox 440 971 466 993; x_wconf 89' lang='lat' dir='ltr'><strong>et</strong></span> <span class='ocrx_word' id='word_1_242' title='bbox 480 965 589 992; x_wconf 86' lang='lat' dir='ltr'><strong>scholiis</strong></span> <span class='ocrx_word' id='word_1_243' title='bbox 601 964 737 991; x_wconf 86' lang='lat' dir='ltr'><strong>succincta</strong></span> <span class='ocrx_word' id='word_1_244' title='bbox 752 968 830 990; x_wconf 84' lang='lat' dir='ltr'><strong>erant</strong></span> <span class='ocrx_word' id='word_1_245' title='bbox 842 972 848 990; x_wconf 89' lang='lat'><strong>:</strong></span> <span class='ocrx_word' id='word_1_246' title='bbox 860 963 927 996; x_wconf 81' lang='lat'><strong>(99&#39;)</strong></span> <span class='ocrx_word' id='word_1_247' title='bbox 939 962 1008 989; x_wconf 91' lang='lat' dir='ltr'><strong>unde</strong></span> 
     </span>
    </p>
   </div>
   <div class='ocr_carea' id='block_1_37' title="bbox 220 1008 1009 1049">
    <p class='ocr_par' dir='ltr' id='par_1_37' title="bbox 220 1008 1009 1049">
     <span class='ocr_line' id='line_1_37' title="bbox 220 1008 1009 1049; baseline -0.009 -8"><span class='ocrx_word' id='word_1_248' title='bbox 220 1022 270 1049; x_wconf 82' lang='lat' dir='ltr'><strong>ego</strong></span> <span class='ocrx_word' id='word_1_249' title='bbox 289 1013 419 1040; x_wconf 80' lang='lat' dir='ltr'><strong>Eusebius</strong></span> <span class='ocrx_word' id='word_1_250' title='bbox 442 1011 541 1039; x_wconf 86' lang='lat' dir='ltr'><strong>scholia</strong></span> <span class='ocrx_word' id='word_1_251' title='bbox 558 1010 667 1044; x_wconf 88' lang='lat' dir='ltr'><strong>apposui</strong></span> <span class='ocrx_word' id='word_1_252' title='bbox 687 1019 693 1037; x_wconf 88' lang='lat'><em>:</em></span> <span class='ocrx_word' id='word_1_253' title='bbox 711 1008 865 1044; x_wconf 86' lang='lat' dir='ltr'><strong>Pamphilus</strong></span> <span class='ocrx_word' id='word_1_254' title='bbox 881 1013 910 1036; x_wconf 86' lang='lat' dir='ltr'><strong>et</strong></span> <span class='ocrx_word' id='word_1_255' title='bbox 924 1008 1009 1035; x_wconf 88' lang='lat' dir='ltr'><strong>Euse-</strong></span> 
     </span>
    </p>
   </div>
   <div class='ocr_carea' id='block_1_38' title="bbox 221 1059 503 1088">
    <p class='ocr_par' dir='ltr' id='par_1_38' title="bbox 221 1059 503 1088">
     <span class='ocr_line' id='line_1_38' title="bbox 221 1059 503 1088; baseline -0.018 -1"><span class='ocrx_word' id='word_1_256' title='bbox 221 1061 282 1088; x_wconf 85' lang='lat' dir='ltr'><strong>bius</strong></span> <span class='ocrx_word' id='word_1_257' title='bbox 295 1059 482 1086; x_wconf 81' lang='lat' dir='ltr'><strong>emeutlaruut.</strong></span> <span class='ocrx_word' id='word_1_258' title='bbox 493 1067 503 1082; x_wconf 74' lang='grc' dir='ltr'><strong><em>ι</em></strong></span> 
     </span>
    </p>
   </div>
   <div class='ocr_carea' id='block_1_39' title="bbox 257 1101 1009 1138">
    <p class='ocr_par' dir='ltr' id='par_1_39' title="bbox 257 1101 1009 1138">
     <span class='ocr_line' id='line_1_39' title="bbox 257 1101 1009 1138; baseline -0.007 -5"><span class='ocrx_word' id='word_1_259' title='bbox 257 1105 323 1133; x_wconf 83' lang='lat' dir='ltr'><strong>Vlll.</strong></span> <span class='ocrx_word' id='word_1_260' title='bbox 341 1105 415 1138; x_wconf 77' lang='lat' dir='ltr'><strong>Apud</strong></span> <span class='ocrx_word' id='word_1_261' title='bbox 441 1104 539 1131; x_wconf 91' lang='lat' dir='ltr'><strong>multos</strong></span> <span class='ocrx_word' id='word_1_262' title='bbox 563 1104 633 1131; x_wconf 86' lang='lat' dir='ltr'><strong>hanc</strong></span> <span class='ocrx_word' id='word_1_263' title='bbox 647 1102 800 1138; x_wconf 88' lang='lat' dir='ltr'><strong>opinionem</strong></span> <span class='ocrx_word' id='word_1_264' title='bbox 822 1101 1009 1136; x_wconf 82' lang='lat' dir='ltr'><strong>percrebuisse</strong></span> 
     </span>
    </p>
   </div>
   <div class='ocr_carea' id='block_1_40' title="bbox 221 1148 1010 1184">
    <p class='ocr_par' dir='ltr' id='par_1_40' title="bbox 221 1148 1010 1184">
     <span class='ocr_line' id='line_1_40' title="bbox 221 1148 1010 1184; baseline -0.005 -6"><span class='ocrx_word' id='word_1_265' title='bbox 221 1152 312 1184; x_wconf 83' lang='lat' dir='ltr'><strong>video,</strong></span> <span class='ocrx_word' id='word_1_266' title='bbox 326 1151 470 1184; x_wconf 85' lang='lat' dir='ltr'><strong>Origenem</strong></span> <span class='ocrx_word' id='word_1_267' title='bbox 486 1156 538 1183; x_wconf 89' lang='lat' dir='ltr'><strong>quo</strong></span> <span class='ocrx_word' id='word_1_268' title='bbox 556 1148 703 1183; x_wconf 87' lang='lat' dir='ltr'><strong>parabilior</strong></span> <span class='ocrx_word' id='word_1_269' title='bbox 715 1148 939 1174; x_wconf 82' lang='lat' dir='ltr'><strong>essetemendata</strong></span> <span class='ocrx_word' id='word_1_270' title='bbox 952 1154 966 1172; x_wconf 85' lang='lat' dir='ltr'><strong>a</strong></span> <span class='ocrx_word' id='word_1_271' title='bbox 980 1154 1010 1174; x_wconf 86' lang='lat' dir='ltr'><strong>se</strong></span> 
     </span>
    </p>
   </div>
   <div class='ocr_carea' id='block_1_41' title="bbox 221 1194 1007 1230">
    <p class='ocr_par' dir='ltr' id='par_1_41' title="bbox 221 1194 1007 1230">
     <span class='ocr_line' id='line_1_41' title="bbox 221 1194 1007 1230; baseline -0.008 -6"><span class='ocrx_word' id='word_1_272' title='bbox 221 1197 303 1225; x_wconf 88' lang='lat' dir='ltr'><strong>editio</strong></span> <span class='ocrx_word' id='word_1_273' title='bbox 318 1196 460 1223; x_wconf 86' lang='lat' dir='ltr'><strong>Seniornm</strong></span> <span class='ocrx_word' id='word_1_274' title='bbox 473 1194 661 1230; x_wconf 73' lang='lat' dir='ltr'><strong>Septuaginta,</strong></span> <span class='ocrx_word' id='word_1_275' title='bbox 675 1194 791 1221; x_wconf 83' lang='lat' dir='ltr'><strong>edidisse</strong></span> <span class='ocrx_word' id='word_1_276' title='bbox 803 1200 864 1220; x_wconf 88' lang='lat' dir='ltr'><strong>eam</strong></span> <span class='ocrx_word' id='word_1_277' title='bbox 874 1200 1007 1224; x_wconf 89' lang='lat' dir='ltr'><strong>seorsum,</strong></span> 
     </span>
    </p>
   </div>
   <div class='ocr_carea' id='block_1_42' title="bbox 222 1239 1010 1277">
    <p class='ocr_par' dir='ltr' id='par_1_42' title="bbox 222 1239 1010 1277">
     <span class='ocr_line' id='line_1_42' title="bbox 222 1239 1010 1277; baseline -0.008 -7"><span class='ocrx_word' id='word_1_278' title='bbox 222 1248 250 1270; x_wconf 91' lang='lat' dir='ltr'><strong>et</strong></span> <span class='ocrx_word' id='word_1_279' title='bbox 269 1251 301 1270; x_wconf 79' lang='lat' dir='ltr'><strong>ex</strong></span> <span class='ocrx_word' id='word_1_280' title='bbox 322 1242 423 1277; x_wconf 78' lang='lat' dir='ltr'><strong>ingenti</strong></span> <span class='ocrx_word' id='word_1_281' title='bbox 440 1241 621 1275; x_wconf 70' lang='lat' dir='ltr'><strong>Hexuplorum</strong></span> <span class='ocrx_word' id='word_1_282' title='bbox 641 1239 711 1267; x_wconf 90' lang='lat' dir='ltr'><strong>mole</strong></span> <span class='ocrx_word' id='word_1_283' title='bbox 726 1239 876 1271; x_wconf 75' lang='lat' dir='ltr'><strong>exemisse;</strong></span> <span class='ocrx_word' id='word_1_284' title='bbox 901 1239 968 1266; x_wconf 89' lang='lat' dir='ltr'><strong>adeo</strong></span> <span class='ocrx_word' id='word_1_285' title='bbox 981 1242 1010 1265; x_wconf 89' lang='lat' dir='ltr'><strong>ut</strong></span> 
     </span>
    </p>
   </div>
   <div class='ocr_carea' id='block_1_43' title="bbox 222 1283 1009 1321">
    <p class='ocr_par' dir='ltr' id='par_1_43' title="bbox 222 1283 1009 1321">
     <span class='ocr_line' id='line_1_43' title="bbox 222 1283 1009 1321; baseline -0.008 -5"><span class='ocrx_word' id='word_1_286' title='bbox 222 1289 342 1316; x_wconf 88' lang='lat' dir='ltr'><strong>solitaria</strong></span> <span class='ocrx_word' id='word_1_287' title='bbox 368 1288 422 1318; x_wconf 84' lang='lat' dir='ltr'><strong>illa.</strong></span> <span class='ocrx_word' id='word_1_288' title='bbox 440 1287 551 1314; x_wconf 89' lang='lat' dir='ltr'><strong>alterius</strong></span> <span class='ocrx_word' id='word_1_289' title='bbox 576 1294 636 1321; x_wconf 67' lang='lat' dir='ltr'><strong>qua:</strong></span> <span class='ocrx_word' id='word_1_290' title='bbox 653 1286 805 1313; x_wconf 85' lang='lat' dir='ltr'><strong>habebatur</strong></span> <span class='ocrx_word' id='word_1_291' title='bbox 830 1285 857 1312; x_wconf 89' lang='lat' dir='ltr'><strong>in</strong></span> <span class='ocrx_word' id='word_1_292' title='bbox 882 1283 1009 1318; x_wconf 71' lang='lat' dir='ltr'><strong>Ilexaplir</strong></span> 
     </span>
    </p>
   </div>
   <div class='ocr_carea' id='block_1_44' title="bbox 222 1331 1011 1367">
    <p class='ocr_par' dir='ltr' id='par_1_44' title="bbox 222 1331 1011 1367">
     <span class='ocr_line' id='line_1_44' title="bbox 222 1331 1011 1367; baseline -0.006 -6"><span class='ocrx_word' id='word_1_293' title='bbox 222 1335 294 1362; x_wconf 89' lang='lat' dir='ltr'><strong>unde</strong></span> <span class='ocrx_word' id='word_1_294' title='bbox 305 1338 363 1361; x_wconf 90' lang='lat' dir='ltr'><strong>erat</strong></span> <span class='ocrx_word' id='word_1_295' title='bbox 376 1333 505 1367; x_wconf 82' lang='lat' dir='ltr'><strong>profecta,</strong></span> <span class='ocrx_word' id='word_1_296' title='bbox 520 1339 648 1367; x_wconf 83' lang='lat' dir='ltr'><strong>germana</strong></span> <span class='ocrx_word' id='word_1_297' title='bbox 661 1335 742 1362; x_wconf 83' lang='lat' dir='ltr'><strong>esset,</strong></span> <span class='ocrx_word' id='word_1_298' title='bbox 759 1336 787 1358; x_wconf 91' lang='lat' dir='ltr'><strong>et</strong></span> <span class='ocrx_word' id='word_1_299' title='bbox 801 1331 874 1358; x_wconf 91' lang='lat' dir='ltr'><strong>omni</strong></span> <span class='ocrx_word' id='word_1_300' title='bbox 890 1337 923 1357; x_wconf 83' lang='lat' dir='ltr'><strong>ex</strong></span> <span class='ocrx_word' id='word_1_301' title='bbox 936 1335 1011 1364; x_wconf 88' lang='lat' dir='ltr'><strong>parte</strong></span> 
     </span>
    </p>
   </div>
   <div class='ocr_carea' id='block_1_45' title="bbox 223 1376 1008 1411">
    <p class='ocr_par' dir='ltr' id='par_1_45' title="bbox 223 1376 1008 1411">
     <span class='ocr_line' id='line_1_45' title="bbox 223 1376 1008 1411; baseline -0.005 -5"><span class='ocrx_word' id='word_1_302' title='bbox 223 1380 328 1407; x_wconf 83' lang='lat' dir='ltr'><strong>similis.</strong></span> <span class='ocrx_word' id='word_1_303' title='bbox 346 1379 425 1406; x_wconf 75' lang='lat' dir='ltr'><strong>natio</strong></span> <span class='ocrx_word' id='word_1_304' title='bbox 449 1379 526 1405; x_wconf 89' lang='lat' dir='ltr'><strong>istius</strong></span> <span class='ocrx_word' id='word_1_305' title='bbox 541 1378 675 1411; x_wconf 88' lang='lat' dir='ltr'><strong>opinionis</strong></span> <span class='ocrx_word' id='word_1_306' title='bbox 688 1377 775 1404; x_wconf 87' lang='lat' dir='ltr'><strong>valida</strong></span> <span class='ocrx_word' id='word_1_307' title='bbox 793 1376 863 1403; x_wconf 93' lang='lat' dir='ltr'><strong>nulla</strong></span> <span class='ocrx_word' id='word_1_308' title='bbox 887 1376 1008 1403; x_wconf 77' lang='lat' dir='ltr'><strong>allertur.</strong></span> 
     </span>
    </p>
   </div>
   <div class='ocr_carea' id='block_1_46' title="bbox 223 1420 1010 1455">
    <p class='ocr_par' dir='ltr' id='par_1_46' title="bbox 223 1420 1010 1455">
     <span class='ocr_line' id='line_1_46' title="bbox 223 1420 1010 1455; baseline -0.008 -3"><span class='ocrx_word' id='word_1_309' title='bbox 223 1424 394 1452; x_wconf 86' lang='lat' dir='ltr'><strong>Probabilior</strong></span> <span class='ocrx_word' id='word_1_310' title='bbox 409 1423 474 1450; x_wconf 88' lang='lat' dir='ltr'><strong>tuilti</strong></span> <span class='ocrx_word' id='word_1_311' title='bbox 493 1423 600 1450; x_wconf 89' lang='lat' dir='ltr'><strong>videtur</strong></span> <span class='ocrx_word' id='word_1_312' title='bbox 627 1421 761 1449; x_wconf 88' lang='lat' dir='ltr'><strong>sententia</strong></span> <span class='ocrx_word' id='word_1_313' title='bbox 783 1421 895 1448; x_wconf 79' lang='lat' dir='ltr'><strong>Joannis</strong></span> <span class='ocrx_word' id='word_1_314' title='bbox 918 1420 1010 1455; x_wconf 78' lang='lat' dir='ltr'><strong>Bapti-</strong></span> 
     </span>
    </p>
   </div>
   <div class='ocr_carea' id='block_1_47' title="bbox 224 1467 1010 1502">
    <p class='ocr_par' dir='ltr' id='par_1_47' title="bbox 224 1467 1010 1502">
     <span class='ocr_line' id='line_1_47' title="bbox 224 1467 1010 1502; baseline -0.004 -5"><span class='ocrx_word' id='word_1_315' title='bbox 224 1477 273 1498; x_wconf 81' lang='lat' dir='ltr'><strong>sta:</strong></span> <span class='ocrx_word' id='word_1_316' title='bbox 294 1470 388 1496; x_wconf 84' lang='lat' dir='ltr'><strong>Morini</strong></span> <span class='ocrx_word' id='word_1_317' title='bbox 399 1469 433 1502; x_wconf 80' lang='lat'><strong>“,</strong></span> <span class='ocrx_word' id='word_1_318' title='bbox 450 1469 501 1495; x_wconf 91' lang='lat' dir='ltr'><strong>viri</strong></span> <span class='ocrx_word' id='word_1_319' title='bbox 521 1467 680 1500; x_wconf 84' lang='lat' dir='ltr'><strong>doctissimi,</strong></span> <span class='ocrx_word' id='word_1_320' title='bbox 698 1467 843 1495; x_wconf 88' lang='lat' dir='ltr'><strong>editionem</strong></span> <span class='ocrx_word' id='word_1_321' title='bbox 858 1467 938 1499; x_wconf 76' lang='lat' dir='ltr'><strong>.illam</strong></span> <span class='ocrx_word' id='word_1_322' title='bbox 955 1467 1010 1494; x_wconf 82' lang='grc' dir='ltr'><strong>τῶν</strong></span> 
     </span>
    </p>
   </div>
   <div class='ocr_carea' id='block_1_48' title="bbox 223 1513 1010 1550">
    <p class='ocr_par' dir='ltr' id='par_1_48' title="bbox 223 1513 1010 1550">
     <span class='ocr_line' id='line_1_48' title="bbox 223 1513 1010 1550; baseline -0.004 -7"><span class='ocrx_word' id='word_1_323' title='bbox 223 1515 251 1543; x_wconf 87' lang='lat'><strong>0&#39;</strong></span> <span class='ocrx_word' id='word_1_324' title='bbox 269 1524 301 1543; x_wconf 79' lang='lat' dir='ltr'><strong>ex</strong></span> <span class='ocrx_word' id='word_1_325' title='bbox 317 1515 487 1550; x_wconf 84' lang='lat' dir='ltr'><strong>Origenianis</strong></span> <span class='ocrx_word' id='word_1_326' title='bbox 503 1513 630 1547; x_wconf 69' lang='lat' dir='ltr'><strong>Ilexaplt&#39;s</strong></span> <span class='ocrx_word' id='word_1_327' title='bbox 654 1514 816 1548; x_wconf 84' lang='lat' dir='ltr'><strong>descriptam</strong></span> <span class='ocrx_word' id='word_1_328' title='bbox 845 1513 878 1540; x_wconf 86' lang='lat' dir='ltr'><strong>ab</strong></span> <span class='ocrx_word' id='word_1_329' title='bbox 896 1513 1010 1541; x_wconf 83' lang='lat' dir='ltr'><strong>Eusebio</strong></span> 
     </span>
    </p>
   </div>
   <div class='ocr_carea' id='block_1_49' title="bbox 223 1559 1006 1596">
    <p class='ocr_par' dir='ltr' id='par_1_49' title="bbox 223 1559 1006 1596">
     <span class='ocr_line' id='line_1_49' title="bbox 223 1559 1006 1596; baseline -0.005 -6"><span class='ocrx_word' id='word_1_330' title='bbox 223 1567 251 1590; x_wconf 88' lang='lat' dir='ltr'><strong>et</strong></span> <span class='ocrx_word' id='word_1_331' title='bbox 276 1561 430 1596; x_wconf 85' lang='lat' dir='ltr'><strong>Pamphilo,</strong></span> <span class='ocrx_word' id='word_1_332' title='bbox 459 1566 488 1587; x_wconf 92' lang='lat' dir='ltr'><strong>ct</strong></span> <span class='ocrx_word' id='word_1_333' title='bbox 513 1561 627 1595; x_wconf 89' lang='lat' dir='ltr'><strong>primum</strong></span> <span class='ocrx_word' id='word_1_334' title='bbox 653 1560 803 1593; x_wconf 82' lang='lat' dir='ltr'><strong>evulgatam</strong></span> <span class='ocrx_word' id='word_1_335' title='bbox 828 1559 1006 1592; x_wconf 85' lang='lat' dir='ltr'><strong>arbitrantis;</strong></span> 
     </span>
    </p>
   </div>
   <div class='ocr_carea' id='block_1_50' title="bbox 221 1604 1009 1644">
    <p class='ocr_par' dir='ltr' id='par_1_50' title="bbox 221 1604 1009 1644">
     <span class='ocr_line' id='line_1_50' title="bbox 221 1604 1009 1644; baseline -0.005 -10"><span class='ocrx_word' id='word_1_336' title='bbox 221 1609 299 1644; x_wconf 84' lang='lat' dir='ltr'><strong>juxta</strong></span> <span class='ocrx_word' id='word_1_337' title='bbox 323 1607 387 1634; x_wconf 85' lang='lat' dir='ltr'><strong>illud</strong></span> <span class='ocrx_word' id='word_1_338' title='bbox 414 1606 568 1640; x_wconf 88' lang='lat' dir='ltr'><strong>llieronymi</strong></span> <span class='ocrx_word' id='word_1_339' title='bbox 593 1606 619 1632; x_wconf 89' lang='lat' dir='ltr'><strong>in</strong></span> <span class='ocrx_word' id='word_1_340' title='bbox 644 1605 752 1632; x_wconf 61' lang='lat' dir='ltr'><strong>Praefat.</strong></span> <span class='ocrx_word' id='word_1_341' title='bbox 778 1605 811 1631; x_wconf 89' lang='lat' dir='ltr'><strong>ad</strong></span> <span class='ocrx_word' id='word_1_342' title='bbox 838 1604 954 1638; x_wconf 89' lang='lat' dir='ltr'><strong>Paralip.</strong></span> <span class='ocrx_word' id='word_1_343' title='bbox 974 1605 1009 1631; x_wconf 85' lang='lat' dir='ltr'><strong>od</strong></span> 
     </span>
    </p>
   </div>
   <div class='ocr_carea' id='block_1_51' title="bbox 224 1650 1009 1685">
    <p class='ocr_par' dir='ltr' id='par_1_51' title="bbox 224 1650 1009 1685">
     <span class='ocr_line' id='line_1_51' title="bbox 224 1650 1009 1685; baseline -0.004 -5"><span class='ocrx_word' id='word_1_344' title='bbox 224 1654 402 1682; x_wconf 80' lang='lat' dir='ltr'><strong>Chromatium</strong></span> <span class='ocrx_word' id='word_1_345' title='bbox 420 1659 429 1678; x_wconf 88' lang='lat'><strong><em>:</em></strong></span> <span class='ocrx_word' id='word_1_346' title='bbox 454 1662 462 1677; x_wconf 77' lang='grc' dir='ltr'>ι</span> <span class='ocrx_word' id='word_1_347' title='bbox 474 1651 635 1680; x_wconf 79' lang='lat' dir='ltr'><strong>Alexandria</strong></span> <span class='ocrx_word' id='word_1_348' title='bbox 652 1655 679 1678; x_wconf 87' lang='lat' dir='ltr'><strong>et</strong></span> <span class='ocrx_word' id='word_1_349' title='bbox 693 1650 824 1685; x_wconf 64' lang='lat' dir='ltr'><strong>Egyptus</strong></span> <span class='ocrx_word' id='word_1_350' title='bbox 843 1650 870 1677; x_wconf 93' lang='lat' dir='ltr'><strong>in</strong></span> <span class='ocrx_word' id='word_1_351' title='bbox 894 1650 1009 1685; x_wconf 85' lang='lat' dir='ltr'><strong>Septua-</strong></span> 
     </span>
    </p>
   </div>
   <div class='ocr_carea' id='block_1_52' title="bbox 224 1697 1010 1735">
    <p class='ocr_par' dir='ltr' id='par_1_52' title="bbox 224 1697 1010 1735">
     <span class='ocr_line' id='line_1_52' title="bbox 224 1697 1010 1735; baseline -0.005 -8"><span class='ocrx_word' id='word_1_352' title='bbox 224 1701 297 1735; x_wconf 90' lang='lat' dir='ltr'><strong>ginta</strong></span> <span class='ocrx_word' id='word_1_353' title='bbox 312 1699 369 1726; x_wconf 77' lang='lat' dir='ltr'><strong>suis</strong></span> <span class='ocrx_word' id='word_1_354' title='bbox 383 1697 643 1734; x_wconf 86' lang='lat' dir='ltr'><strong>llesychiumlaudat</strong></span> <span class='ocrx_word' id='word_1_355' title='bbox 658 1701 805 1724; x_wconf 86' lang='lat' dir='ltr'><strong>auctorem.</strong></span> <span class='ocrx_word' id='word_1_356' title='bbox 820 1697 1010 1724; x_wconf 82' lang='lat' dir='ltr'><strong>Constantino-</strong></span> 
     </span>
    </p>
   </div>
   <div class='ocr_carea' id='block_1_53' title="bbox 224 1741 1008 1781">
    <p class='ocr_par' dir='ltr' id='par_1_53' title="bbox 224 1741 1008 1781">
     <span class='ocr_line' id='line_1_53' title="bbox 224 1741 1008 1781; baseline -0.006 -8"><span class='ocrx_word' id='word_1_357' title='bbox 224 1747 294 1781; x_wconf 87' lang='lat' dir='ltr'><strong>polis</strong></span> <span class='ocrx_word' id='word_1_358' title='bbox 313 1752 396 1778; x_wconf 88' lang='lat' dir='ltr'><strong>usque</strong></span> <span class='ocrx_word' id='word_1_359' title='bbox 419 1743 590 1770; x_wconf 83' lang='lat' dir='ltr'><strong>Antiochiam</strong></span> <span class='ocrx_word' id='word_1_360' title='bbox 606 1741 716 1769; x_wconf 62' lang='lat' dir='ltr'><strong>ltuciani</strong></span> <span class='ocrx_word' id='word_1_361' title='bbox 737 1743 862 1777; x_wconf 80' lang='lat' dir='ltr'><strong>martyris</strong></span> <span class='ocrx_word' id='word_1_362' title='bbox 873 1743 1008 1778; x_wconf 83' lang='lat' dir='ltr'><strong>exempla-</strong></span> 
     </span>
    </p>
   </div>
   <div class='ocr_carea' id='block_1_54' title="bbox 225 1788 1010 1827">
    <p class='ocr_par' dir='ltr' id='par_1_54' title="bbox 225 1788 1010 1827">
     <span class='ocr_line' id='line_1_54' title="bbox 225 1788 1010 1827; baseline -0.004 -8"><span class='ocrx_word' id='word_1_363' title='bbox 225 1793 263 1820; x_wconf 84' lang='lat' dir='ltr'><strong>ria</strong></span> <span class='ocrx_word' id='word_1_364' title='bbox 281 1792 387 1827; x_wconf 84' lang='lat' dir='ltr'><strong>probat.</strong></span> <span class='ocrx_word' id='word_1_365' title='bbox 415 1790 507 1817; x_wconf 77' lang='lat' dir='ltr'><strong>Mediae</strong></span> <span class='ocrx_word' id='word_1_366' title='bbox 526 1790 595 1816; x_wconf 87' lang='lat' dir='ltr'><strong>inter</strong></span> <span class='ocrx_word' id='word_1_367' title='bbox 614 1789 662 1815; x_wconf 84' lang='lat' dir='ltr'><strong>bas</strong></span> <span class='ocrx_word' id='word_1_368' title='bbox 683 1789 828 1822; x_wconf 56' lang='lat' dir='ltr'><strong>provinciae</strong></span> <span class='ocrx_word' id='word_1_369' title='bbox 854 1788 1010 1816; x_wconf 63' lang='lat' dir='ltr'><strong>Paltpstinos</strong></span> 
     </span>
    </p>
   </div>
   <div class='ocr_carea' id='block_1_55' title="bbox 225 1834 1010 1872">
    <p class='ocr_par' dir='ltr' id='par_1_55' title="bbox 225 1834 1010 1872">
     <span class='ocr_line' id='line_1_55' title="bbox 225 1834 1010 1872; baseline -0.004 -7"><span class='ocrx_word' id='word_1_370' title='bbox 225 1838 331 1865; x_wconf 82' lang='lat' dir='ltr'><strong>codices</strong></span> <span class='ocrx_word' id='word_1_371' title='bbox 345 1838 457 1872; x_wconf 75' lang='lat' dir='ltr'><strong>legunt;</strong></span> <span class='ocrx_word' id='word_1_372' title='bbox 484 1843 552 1870; x_wconf 87' lang='lat' dir='ltr'><strong>quos</strong></span> <span class='ocrx_word' id='word_1_373' title='bbox 568 1835 602 1862; x_wconf 91' lang='lat' dir='ltr'><strong>ab</strong></span> <span class='ocrx_word' id='word_1_374' title='bbox 625 1834 740 1868; x_wconf 84' lang='lat' dir='ltr'><strong>Origene</strong></span> <span class='ocrx_word' id='word_1_375' title='bbox 764 1835 916 1862; x_wconf 87' lang='lat' dir='ltr'><strong>elaboratos</strong></span> <span class='ocrx_word' id='word_1_376' title='bbox 927 1835 1010 1862; x_wconf 86' lang='lat' dir='ltr'><strong>Euse-</strong></span> 
     </span>
    </p>
   </div>
   <div class='ocr_carea' id='block_1_56' title="bbox 226 1880 1010 1916">
    <p class='ocr_par' dir='ltr' id='par_1_56' title="bbox 226 1880 1010 1916">
     <span class='ocr_line' id='line_1_56' title="bbox 226 1880 1010 1916; baseline -0.005 -4"><span class='ocrx_word' id='word_1_377' title='bbox 226 1885 286 1912; x_wconf 87' lang='lat' dir='ltr'><strong>bius</strong></span> <span class='ocrx_word' id='word_1_378' title='bbox 301 1889 327 1910; x_wconf 89' lang='lat' dir='ltr'><strong>et</strong></span> <span class='ocrx_word' id='word_1_379' title='bbox 340 1881 495 1916; x_wconf 84' lang='lat' dir='ltr'><strong>Pamphilus</strong></span> <span class='ocrx_word' id='word_1_380' title='bbox 506 1881 690 1916; x_wconf 74' lang='lat' dir='ltr'><strong>vulgarerunt.</strong></span> <span class='ocrx_word' id='word_1_381' title='bbox 705 1890 714 1906; x_wconf 76' lang='grc' dir='ltr'><strong><em>ι</em></strong></span> <span class='ocrx_word' id='word_1_382' title='bbox 731 1880 797 1908; x_wconf 80' lang='lat' dir='ltr'><strong>Nam</strong></span> <span class='ocrx_word' id='word_1_383' title='bbox 811 1889 870 1908; x_wconf 91' lang='lat' dir='ltr'><strong>cum</strong></span> <span class='ocrx_word' id='word_1_384' title='bbox 888 1881 1010 1916; x_wconf 82' lang='lat' dir='ltr'><strong>frequen-</strong></span> 
     </span>
    </p>
   </div>
   <div class='ocr_carea' id='block_1_57' title="bbox 227 1926 1009 1961">
    <p class='ocr_par' dir='ltr' id='par_1_57' title="bbox 227 1926 1009 1961">
     <span class='ocr_line' id='line_1_57' title="bbox 227 1926 1009 1961; baseline -0.001 -5"><span class='ocrx_word' id='word_1_385' title='bbox 227 1934 268 1957; x_wconf 89' lang='lat' dir='ltr'><strong>ter</strong></span> <span class='ocrx_word' id='word_1_386' title='bbox 282 1929 502 1956; x_wconf 77' lang='lat' dir='ltr'><strong>exscriberentur</strong></span> <span class='ocrx_word' id='word_1_387' title='bbox 515 1926 634 1961; x_wconf 75' lang='lat' dir='ltr'><strong>Hexapla</strong></span> <span class='ocrx_word' id='word_1_388' title='bbox 655 1927 680 1954; x_wconf 88' lang='lat' dir='ltr'><strong>in</strong></span> <span class='ocrx_word' id='word_1_389' title='bbox 702 1926 893 1960; x_wconf 83' lang='lat' dir='ltr'><strong>Ecclesiarum,</strong></span> <span class='ocrx_word' id='word_1_390' title='bbox 915 1929 1009 1956; x_wconf 84' lang='lat' dir='ltr'><strong>docto-</strong></span> 
     </span>
    </p>
   </div>
   <div class='ocr_carea' id='block_1_58' title="bbox 226 1973 1009 2010">
    <p class='ocr_par' dir='ltr' id='par_1_58' title="bbox 226 1973 1009 2010">
     <span class='ocr_line' id='line_1_58' title="bbox 226 1973 1009 2010; baseline -0.001 -8"><span class='ocrx_word' id='word_1_391' title='bbox 226 1982 340 2010; x_wconf 86' lang='lat' dir='ltr'><strong>rumque</strong></span> <span class='ocrx_word' id='word_1_392' title='bbox 359 1974 495 2001; x_wconf 89' lang='lat' dir='ltr'><strong>hominum</strong></span> <span class='ocrx_word' id='word_1_393' title='bbox 515 1981 603 2005; x_wconf 84' lang='lat' dir='ltr'><strong>usum,</strong></span> <span class='ocrx_word' id='word_1_394' title='bbox 621 1973 696 2000; x_wconf 89' lang='lat' dir='ltr'><strong>novis</strong></span> <span class='ocrx_word' id='word_1_395' title='bbox 709 1973 733 2000; x_wconf 93' lang='lat' dir='ltr'><strong>in</strong></span> <span class='ocrx_word' id='word_1_396' title='bbox 754 1973 810 2000; x_wconf 90' lang='lat' dir='ltr'><strong>dies</strong></span> <span class='ocrx_word' id='word_1_397' title='bbox 822 1973 1009 2002; x_wconf 75' lang='lat' dir='ltr'><strong>deformabun-</strong></span> 
     </span>
    </p>
   </div>
   <div class='ocr_carea' id='block_1_59' title="bbox 227 2021 1009 2056">
    <p class='ocr_par' dir='ltr' id='par_1_59' title="bbox 227 2021 1009 2056">
     <span class='ocr_line' id='line_1_59' title="bbox 227 2021 1009 2056; baseline -0.001 -6"><span class='ocrx_word' id='word_1_398' title='bbox 227 2028 270 2050; x_wconf 91' lang='lat' dir='ltr'><strong>Iur</strong></span> <span class='ocrx_word' id='word_1_399' title='bbox 284 2022 402 2050; x_wconf 89' lang='lat' dir='ltr'><strong>sordium</strong></span> <span class='ocrx_word' id='word_1_400' title='bbox 421 2021 649 2056; x_wconf 85' lang='lat' dir='ltr'><strong>inquinamentis;</strong></span> <span class='ocrx_word' id='word_1_401' title='bbox 676 2028 735 2048; x_wconf 86' lang='lat' dir='ltr'><strong>cum</strong></span> <span class='ocrx_word' id='word_1_402' title='bbox 751 2022 897 2055; x_wconf 62' lang='lat' dir='ltr'><strong>praesertim</strong></span> <span class='ocrx_word' id='word_1_403' title='bbox 915 2023 1009 2050; x_wconf 83' lang='lat' dir='ltr'><strong>asteri-</strong></span> 
     </span>
    </p>
   </div>
   <div class='ocr_carea' id='block_1_60' title="bbox 226 2067 1008 2102">
    <p class='ocr_par' dir='ltr' id='par_1_60' title="bbox 226 2067 1008 2102">
     <span class='ocr_line' id='line_1_60' title="bbox 226 2067 1008 2102; baseline 0 -6"><span class='ocrx_word' id='word_1_404' title='bbox 226 2077 335 2096; x_wconf 90' lang='lat' dir='ltr'><strong>scorum</strong></span> <span class='ocrx_word' id='word_1_405' title='bbox 348 2074 374 2095; x_wconf 91' lang='lat' dir='ltr'><strong>et</strong></span> <span class='ocrx_word' id='word_1_406' title='bbox 391 2068 531 2095; x_wconf 87' lang='lat' dir='ltr'><strong>obelorum</strong></span> <span class='ocrx_word' id='word_1_407' title='bbox 547 2068 746 2094; x_wconf 79' lang='lat' dir='ltr'><strong>adnotationem</strong></span> <span class='ocrx_word' id='word_1_408' title='bbox 757 2068 797 2095; x_wconf 83' lang='lat' dir='ltr'><strong>vel</strong></span> <span class='ocrx_word' id='word_1_409' title='bbox 811 2067 1008 2102; x_wconf 86' lang='lat' dir='ltr'><strong>insuperhabe-</strong></span> 
     </span>
    </p>
   </div>
   <div class='ocr_carea' id='block_1_61' title="bbox 226 2111 1010 2146">
    <p class='ocr_par' dir='ltr' id='par_1_61' title="bbox 226 2111 1010 2146">
     <span class='ocr_line' id='line_1_61' title="bbox 226 2111 1010 2146; baseline 0.001 -6"><span class='ocrx_word' id='word_1_410' title='bbox 226 2118 287 2141; x_wconf 85' lang='lat' dir='ltr'><strong>rent</strong></span> <span class='ocrx_word' id='word_1_411' title='bbox 311 2113 424 2143; x_wconf 85' lang='lat' dir='ltr'><strong>librarli,</strong></span> <span class='ocrx_word' id='word_1_412' title='bbox 448 2111 489 2138; x_wconf 85' lang='lat' dir='ltr'><strong>vel</strong></span> <span class='ocrx_word' id='word_1_413' title='bbox 510 2119 561 2138; x_wconf 91' lang='lat' dir='ltr'><strong>non</strong></span> <span class='ocrx_word' id='word_1_414' title='bbox 581 2112 648 2138; x_wconf 85' lang='lat' dir='ltr'><strong>satis</strong></span> <span class='ocrx_word' id='word_1_415' title='bbox 667 2112 810 2146; x_wconf 77' lang='lat' dir='ltr'><strong>diligenter</strong></span> <span class='ocrx_word' id='word_1_416' title='bbox 836 2113 1010 2141; x_wconf 79' lang='lat' dir='ltr'><strong>administra-</strong></span> 
     </span>
    </p>
   </div>
   <div class='ocr_carea' id='block_1_62' title="bbox 226 2158 1011 2192">
    <p class='ocr_par' dir='ltr' id='par_1_62' title="bbox 226 2158 1011 2192">
     <span class='ocr_line' id='line_1_62' title="bbox 226 2158 1011 2192; baseline -0.003 -6"><span class='ocrx_word' id='word_1_417' title='bbox 226 2164 285 2186; x_wconf 89' lang='lat' dir='ltr'><strong>rent</strong></span> <span class='ocrx_word' id='word_1_418' title='bbox 298 2167 305 2185; x_wconf 88' lang='lat'><strong><em>:</em></strong></span> <span class='ocrx_word' id='word_1_419' title='bbox 319 2159 388 2185; x_wconf 86' lang='lat' dir='ltr'><strong>unde</strong></span> <span class='ocrx_word' id='word_1_420' title='bbox 403 2158 496 2192; x_wconf 82' lang='lat' dir='ltr'><strong>ingens</strong></span> <span class='ocrx_word' id='word_1_421' title='bbox 508 2158 641 2184; x_wconf 88' lang='lat' dir='ltr'><strong>incidebat</strong></span> <span class='ocrx_word' id='word_1_422' title='bbox 653 2164 741 2184; x_wconf 88' lang='lat' dir='ltr'><strong>rerum</strong></span> <span class='ocrx_word' id='word_1_423' title='bbox 754 2158 929 2191; x_wconf 83' lang='lat' dir='ltr'><strong>perturbatio,</strong></span> <span class='ocrx_word' id='word_1_424' title='bbox 947 2165 1011 2184; x_wconf 86' lang='lat' dir='ltr'><strong>cou-</strong></span> 
     </span>
    </p>
   </div>
   <div class='ocr_carea' id='block_1_63' title="bbox 225 2202 1005 2238">
    <p class='ocr_par' dir='ltr' id='par_1_63' title="bbox 225 2202 1005 2238">
     <span class='ocr_line' id='line_1_63' title="bbox 225 2202 1005 2238; baseline -0.005 -6"><span class='ocrx_word' id='word_1_425' title='bbox 225 2205 292 2232; x_wconf 82' lang='lat' dir='ltr'><strong>fusis</strong></span> <span class='ocrx_word' id='word_1_426' title='bbox 305 2210 332 2231; x_wconf 87' lang='lat' dir='ltr'><strong>et</strong></span> <span class='ocrx_word' id='word_1_427' title='bbox 343 2203 480 2238; x_wconf 84' lang='lat' dir='ltr'><strong>permistis</strong></span> <span class='ocrx_word' id='word_1_428' title='bbox 495 2211 555 2230; x_wconf 89' lang='lat' dir='ltr'><strong>cum</strong></span> <span class='ocrx_word' id='word_1_429' title='bbox 571 2202 745 2237; x_wconf 81' lang='lat' dir='ltr'><strong>Septuaginta</strong></span> <span class='ocrx_word' id='word_1_430' title='bbox 761 2203 861 2230; x_wconf 89' lang='lat' dir='ltr'><strong>Senum</strong></span> <span class='ocrx_word' id='word_1_431' title='bbox 876 2203 1005 2236; x_wconf 75' lang='lat' dir='ltr'><strong>interpre-</strong></span> 
     </span>
    </p>
   </div>
   <div class='ocr_carea' id='block_1_64' title="bbox 227 2248 1007 2278">
    <p class='ocr_par' dir='ltr' id='par_1_64' title="bbox 227 2248 1007 2278">
     <span class='ocr_line' id='line_1_64' title="bbox 227 2248 1007 2278; baseline -0.004 -1"><span class='ocrx_word' id='word_1_432' title='bbox 227 2251 328 2278; x_wconf 75' lang='lat' dir='ltr'><strong>talione</strong></span> <span class='ocrx_word' id='word_1_433' title='bbox 339 2250 531 2277; x_wconf 84' lang='lat' dir='ltr'><strong>Tbeodotionis</strong></span> <span class='ocrx_word' id='word_1_434' title='bbox 555 2249 746 2276; x_wconf 85' lang='lat' dir='ltr'><strong>additamentis</strong></span> <span class='ocrx_word' id='word_1_435' title='bbox 767 2258 774 2276; x_wconf 91' lang='lat'>:</span> <span class='ocrx_word' id='word_1_436' title='bbox 801 2258 810 2274; x_wconf 79' lang='grc' dir='ltr'>ἰ</span> <span class='ocrx_word' id='word_1_437' title='bbox 827 2248 1007 2275; x_wconf 74' lang='lat' dir='ltr'><strong>Misericordia</strong></span> 
     </span>
    </p>
   </div>
   <div class='ocr_carea' id='block_1_65' title="bbox 225 2295 1009 2331">
    <p class='ocr_par' dir='ltr' id='par_1_65' title="bbox 225 2295 1009 2331">
     <span class='ocr_line' id='line_1_65' title="bbox 225 2295 1009 2331; baseline 0.001 -8"><span class='ocrx_word' id='word_1_438' title='bbox 225 2302 249 2324; x_wconf 80' lang='lat' dir='ltr'><strong>et</strong></span> <span class='ocrx_word' id='word_1_439' title='bbox 273 2298 380 2328; x_wconf 72' lang='lat' dir='ltr'><strong>ueritas,</strong></span> <span class='ocrx_word' id='word_1_440' title='bbox 397 2297 483 2330; x_wconf 84' lang='lat' dir='ltr'><strong>inquit</strong></span> <span class='ocrx_word' id='word_1_441' title='bbox 505 2296 684 2331; x_wconf 85' lang='lat' dir='ltr'><strong>Hieronymus</strong></span> <span class='ocrx_word' id='word_1_442' title='bbox 702 2296 728 2322; x_wconf 90' lang='lat' dir='ltr'><strong>in</strong></span> <span class='ocrx_word' id='word_1_443' title='bbox 746 2295 832 2330; x_wconf 86' lang='lat' dir='ltr'><strong>Epist.</strong></span> <span class='ocrx_word' id='word_1_444' title='bbox 850 2296 883 2322; x_wconf 86' lang='lat' dir='ltr'><strong>ad</strong></span> <span class='ocrx_word' id='word_1_445' title='bbox 899 2295 965 2324; x_wconf 89' lang='lat' dir='ltr'><strong>Sun.</strong></span> <span class='ocrx_word' id='word_1_446' title='bbox 982 2302 1009 2324; x_wconf 86' lang='lat' dir='ltr'><strong>et</strong></span> 
     </span>
    </p>
   </div>
   <div class='ocr_carea' id='block_1_66' title="bbox 228 2341 1007 2375">
    <p class='ocr_par' dir='ltr' id='par_1_66' title="bbox 228 2341 1007 2375">
     <span class='ocr_line' id='line_1_66' title="bbox 228 2341 1007 2375; baseline 0.001 -7"><span class='ocrx_word' id='word_1_447' title='bbox 228 2342 348 2373; x_wconf 84' lang='lat' dir='ltr'><strong>Frelell.,</strong></span> <span class='ocrx_word' id='word_1_448' title='bbox 357 2342 522 2368; x_wconf 82' lang='lat' dir='ltr'><strong>obviaverunt</strong></span> <span class='ocrx_word' id='word_1_449' title='bbox 532 2342 581 2367; x_wconf 75' lang='lat' dir='ltr'><strong>sibi</strong></span> <span class='ocrx_word' id='word_1_450' title='bbox 595 2341 616 2356; x_wconf 74' lang='grc'><strong>⁸⁵</strong></span> <span class='ocrx_word' id='word_1_451' title='bbox 628 2350 634 2368; x_wconf 87' lang='lat'>:</span> <span class='ocrx_word' id='word_1_452' title='bbox 645 2345 672 2368; x_wconf 87' lang='lat' dir='ltr'><strong>ct</strong></span> <span class='ocrx_word' id='word_1_453' title='bbox 682 2341 772 2368; x_wconf 86' lang='lat' dir='ltr'><strong>dicitis</strong></span> <span class='ocrx_word' id='word_1_454' title='bbox 783 2341 853 2375; x_wconf 89' lang='lat' dir='ltr'><strong>quod</strong></span> <span class='ocrx_word' id='word_1_455' title='bbox 868 2342 892 2367; x_wconf 90' lang='lat' dir='ltr'><strong>in</strong></span> <span class='ocrx_word' id='word_1_456' title='bbox 904 2341 1007 2373; x_wconf 60' lang='lat' dir='ltr'><strong>Graeco,</strong></span> 
     </span>
    </p>
   </div>
   <div class='ocr_carea' id='block_1_67' title="bbox 226 2386 1009 2423">
    <p class='ocr_par' dir='ltr' id='par_1_67' title="bbox 226 2386 1009 2423">
     <span class='ocr_line' id='line_1_67' title="bbox 226 2386 1009 2423; baseline -0.001 -9"><span class='ocrx_word' id='word_1_457' title='bbox 226 2387 287 2420; x_wconf 86' lang='lat' dir='ltr'><strong>sibi,</strong></span> <span class='ocrx_word' id='word_1_458' title='bbox 317 2394 368 2414; x_wconf 90' lang='lat' dir='ltr'><strong>non</strong></span> <span class='ocrx_word' id='word_1_459' title='bbox 393 2387 524 2413; x_wconf 82' lang='lat' dir='ltr'><strong>habeatur</strong></span> <span class='ocrx_word' id='word_1_460' title='bbox 546 2396 552 2413; x_wconf 87' lang='lat'><strong>:</strong></span> <span class='ocrx_word' id='word_1_461' title='bbox 576 2386 647 2418; x_wconf 71' lang='grc' dir='ltr'><strong>ἔλεος</strong></span> <span class='ocrx_word' id='word_1_462' title='bbox 674 2387 720 2414; x_wconf 80' lang='grc' dir='ltr'><strong>καὶ</strong></span> <span class='ocrx_word' id='word_1_463' title='bbox 741 2386 852 2422; x_wconf 80' lang='grc' dir='ltr'><strong>ἀλήθεια.</strong></span> <span class='ocrx_word' id='word_1_464' title='bbox 877 2388 1009 2423; x_wconf 82' lang='grc' dir='ltr'><strong>συνήντη-</strong></span> 
     </span>
    </p>
   </div>
   <div class='ocr_carea' id='block_1_68' title="bbox 227 2431 1010 2466">
    <p class='ocr_par' dir='ltr' id='par_1_68' title="bbox 227 2431 1010 2466">
     <span class='ocr_line' id='line_1_68' title="bbox 227 2431 1010 2466; baseline -0.001 -6"><span class='ocrx_word' id='word_1_465' title='bbox 227 2442 291 2460; x_wconf 78' lang='grc' dir='ltr'><strong>σαν·</strong></span> <span class='ocrx_word' id='word_1_466' title='bbox 319 2433 345 2459; x_wconf 89' lang='lat' dir='ltr'><strong>id</strong></span> <span class='ocrx_word' id='word_1_467' title='bbox 359 2437 411 2464; x_wconf 86' lang='lat' dir='ltr'><strong>est,</strong></span> <span class='ocrx_word' id='word_1_468' title='bbox 432 2431 612 2458; x_wconf 80' lang='lat' dir='ltr'><strong>Misericordia</strong></span> <span class='ocrx_word' id='word_1_469' title='bbox 633 2436 656 2458; x_wconf 84' lang='lat' dir='ltr'><strong>et</strong></span> <span class='ocrx_word' id='word_1_470' title='bbox 682 2432 776 2459; x_wconf 77' lang='lat' dir='ltr'><strong>veritas</strong></span> <span class='ocrx_word' id='word_1_471' title='bbox 805 2439 1010 2466; x_wconf 80' lang='lat' dir='ltr'><strong>concurrerunt;</strong></span> 
     </span>
    </p>
   </div>
   <div class='ocr_carea' id='block_1_69' title="bbox 226 2478 1011 2512">
    <p class='ocr_par' dir='ltr' id='par_1_69' title="bbox 226 2478 1011 2512">
     <span class='ocr_line' id='line_1_69' title="bbox 226 2478 1011 2512; baseline 0 -6"><span class='ocrx_word' id='word_1_472' title='bbox 226 2479 265 2506; x_wconf 87' lang='lat' dir='ltr'><strong>sic</strong></span> <span class='ocrx_word' id='word_1_473' title='bbox 281 2480 307 2506; x_wconf 93' lang='lat' dir='ltr'><strong>in</strong></span> <span class='ocrx_word' id='word_1_474' title='bbox 327 2478 439 2506; x_wconf 67' lang='lat' dir='ltr'><strong>Hebra‘o</strong></span> <span class='ocrx_word' id='word_1_475' title='bbox 457 2478 582 2510; x_wconf 90' lang='lat' dir='ltr'><strong>habetur,</strong></span> <span class='ocrx_word' id='word_1_476' title='bbox 601 2483 629 2504; x_wconf 91' lang='lat' dir='ltr'><strong>et</strong></span> <span class='ocrx_word' id='word_1_477' title='bbox 653 2479 721 2512; x_wconf 88' lang='lat' dir='ltr'><strong>apud</strong></span> <span class='ocrx_word' id='word_1_478' title='bbox 739 2478 913 2512; x_wconf 79' lang='lat' dir='ltr'><strong>Septuaginta</strong></span> <span class='ocrx_word' id='word_1_479' title='bbox 933 2479 1011 2506; x_wconf 88' lang='lat' dir='ltr'><strong>obelo</strong></span> 
     </span>
    </p>
   </div>
   <div class='ocr_carea' id='block_1_70' title="bbox 226 2523 1010 2558">
    <p class='ocr_par' dir='ltr' id='par_1_70' title="bbox 226 2523 1010 2558">
     <span class='ocr_line' id='line_1_70' title="bbox 226 2523 1010 2558; baseline 0 -8"><span class='ocrx_word' id='word_1_480' title='bbox 226 2528 402 2558; x_wconf 66' lang='lat' dir='ltr'><strong>prtenotatum</strong></span> <span class='ocrx_word' id='word_1_481' title='bbox 421 2528 487 2550; x_wconf 87' lang='lat' dir='ltr'><strong>est:</strong></span> <span class='ocrx_word' id='word_1_482' title='bbox 511 2530 570 2557; x_wconf 70' lang='lat' dir='ltr'><strong>qua:</strong></span> <span class='ocrx_word' id='word_1_483' title='bbox 588 2523 662 2556; x_wconf 79' lang='lat' dir='ltr'><strong>signa</strong></span> <span class='ocrx_word' id='word_1_484' title='bbox 689 2523 751 2549; x_wconf 92' lang='lat' dir='ltr'><strong>dum</strong></span> <span class='ocrx_word' id='word_1_485' title='bbox 776 2530 824 2556; x_wconf 87' lang='lat' dir='ltr'><strong>per</strong></span> <span class='ocrx_word' id='word_1_486' title='bbox 848 2523 1010 2557; x_wconf 82' lang='lat' dir='ltr'><strong>scriptorum</strong></span> 
     </span>
    </p>
   </div>
   <div class='ocr_carea' id='block_1_71' title="bbox 227 2567 1013 2605">
    <p class='ocr_par' dir='ltr' id='par_1_71' title="bbox 227 2567 1013 2605">
     <span class='ocr_line' id='line_1_71' title="bbox 227 2567 1013 2605; baseline 0 -10"><span class='ocrx_word' id='word_1_487' title='bbox 227 2570 420 2605; x_wconf 72' lang='lat' dir='ltr'><strong>negligentiam</strong></span> <span class='ocrx_word' id='word_1_488' title='bbox 436 2577 450 2596; x_wconf 91' lang='lat' dir='ltr'><strong>a</strong></span> <span class='ocrx_word' id='word_1_489' title='bbox 474 2569 609 2603; x_wconf 85' lang='lat' dir='ltr'><strong>plerisque</strong></span> <span class='ocrx_word' id='word_1_490' title='bbox 623 2567 699 2603; x_wconf 86' lang='lat' dir='ltr'><strong>quasi</strong></span> <span class='ocrx_word' id='word_1_491' title='bbox 711 2568 843 2602; x_wconf 86' lang='lat' dir='ltr'><strong>superﬂua</strong></span> <span class='ocrx_word' id='word_1_492' title='bbox 856 2568 1013 2603; x_wconf 89' lang='lat' dir='ltr'><strong>relinquun-</strong></span> 
     </span>
    </p>
   </div>
   <div class='ocr_carea' id='block_1_72' title="bbox 230 2612 1012 2649">
    <p class='ocr_par' dir='ltr' id='par_1_72' title="bbox 230 2612 1012 2649">
     <span class='ocr_line' id='line_1_72' title="bbox 230 2612 1012 2649; baseline -0.001 -9"><span class='ocrx_word' id='word_1_493' title='bbox 230 2620 286 2646; x_wconf 84' lang='lat' dir='ltr'><strong>tnr,</strong></span> <span class='ocrx_word' id='word_1_494' title='bbox 309 2623 423 2649; x_wconf 86' lang='lat' dir='ltr'><strong>magnus</strong></span> <span class='ocrx_word' id='word_1_495' title='bbox 440 2615 466 2642; x_wconf 91' lang='lat' dir='ltr'><strong>in</strong></span> <span class='ocrx_word' id='word_1_496' title='bbox 487 2614 598 2648; x_wconf 76' lang='lat' dir='ltr'><strong>legendo</strong></span> <span class='ocrx_word' id='word_1_497' title='bbox 615 2621 692 2640; x_wconf 89' lang='lat' dir='ltr'><strong>error</strong></span> <span class='ocrx_word' id='word_1_498' title='bbox 713 2613 845 2640; x_wconf 88' lang='lat' dir='ltr'><strong>oboritttr.</strong></span> <span class='ocrx_word' id='word_1_499' title='bbox 858 2623 866 2638; x_wconf 74' lang='grc' dir='ltr'><strong><em>ι</em></strong></span> <span class='ocrx_word' id='word_1_500' title='bbox 881 2612 1012 2644; x_wconf 80' lang='lat' dir='ltr'><strong>Loquitur</strong></span> 
     </span>
    </p>
   </div>
   <div class='ocr_carea' id='block_1_73' title="bbox 228 2659 1012 2694">
    <p class='ocr_par' dir='ltr' id='par_1_73' title="bbox 228 2659 1012 2694">
     <span class='ocr_line' id='line_1_73' title="bbox 228 2659 1012 2694; baseline -0.001 -7"><span class='ocrx_word' id='word_1_501' title='bbox 228 2661 260 2687; x_wconf 86' lang='lat' dir='ltr'><strong>de</strong></span> <span class='ocrx_word' id='word_1_502' title='bbox 273 2661 389 2688; x_wconf 88' lang='lat' dir='ltr'><strong>editione</strong></span> <span class='ocrx_word' id='word_1_503' title='bbox 401 2661 454 2687; x_wconf 83' lang='grc' dir='ltr'><strong>τῶν</strong></span> <span class='ocrx_word' id='word_1_504' title='bbox 466 2660 492 2687; x_wconf 93' lang='lat'><strong>0&#39;</strong></span> <span class='ocrx_word' id='word_1_505' title='bbox 505 2668 563 2694; x_wconf 69' lang='lat' dir='ltr'><strong>quae</strong></span> <span class='ocrx_word' id='word_1_506' title='bbox 580 2659 707 2694; x_wconf 74' lang='lat' dir='ltr'><strong>Hexuplis</strong></span> <span class='ocrx_word' id='word_1_507' title='bbox 720 2660 814 2686; x_wconf 88' lang='lat' dir='ltr'><strong>inerat.</strong></span> <span class='ocrx_word' id='word_1_508' title='bbox 828 2659 1012 2694; x_wconf 81' lang='lat' dir='ltr'><strong>Degeneranlc</strong></span> 
     </span>
    </p>
   </div>
   <div class='ocr_carea' id='block_1_74' title="bbox 264 2739 812 2768">
    <p class='ocr_par' dir='ltr' id='par_1_74' title="bbox 264 2739 812 2768">
     <span class='ocr_line' id='line_1_74' title="bbox 264 2739 812 2768; baseline 0.002 -3"><span class='ocrx_word' id='word_1_509' title='bbox 264 2739 371 2767; x_wconf 73' lang='lat' dir='ltr'><strong>&quot;Joan.</strong></span> <span class='ocrx_word' id='word_1_510' title='bbox 383 2740 413 2768; x_wconf 90' lang='grc' dir='ltr'><strong>Β.</strong></span> <span class='ocrx_word' id='word_1_511' title='bbox 429 2740 524 2767; x_wconf 83' lang='lat' dir='ltr'><strong>Morio.</strong></span> <span class='ocrx_word' id='word_1_512' title='bbox 539 2741 564 2767; x_wconf 92' lang='lat' dir='ltr'><strong>in</strong></span> <span class='ocrx_word' id='word_1_513' title='bbox 581 2740 660 2767; x_wconf 65' lang='lat' dir='ltr'><strong>Praef.</strong></span> <span class='ocrx_word' id='word_1_514' title='bbox 679 2740 711 2767; x_wconf 88' lang='lat' dir='ltr'><strong>ad</strong></span> <span class='ocrx_word' id='word_1_515' title='bbox 729 2739 812 2766; x_wconf 75' lang='lat' dir='ltr'><strong>LXX.</strong></span> 
     </span>
    </p>
   </div>
   <div class='ocr_carea' id='block_1_75' title="bbox 265 2787 1010 2822">
    <p class='ocr_par' dir='ltr' id='par_1_75' title="bbox 265 2787 1010 2822">
     <span class='ocr_line' id='line_1_75' title="bbox 265 2787 1010 2822; baseline 0.003 -9"><span class='ocrx_word' id='word_1_516' title='bbox 265 2787 329 2820; x_wconf 63' lang='grc' dir='ltr'><strong>(θεν)</strong></span> <span class='ocrx_word' id='word_1_517' title='bbox 347 2787 419 2814; x_wconf 80' lang='lat' dir='ltr'><strong>Unde</strong></span> <span class='ocrx_word' id='word_1_518' title='bbox 435 2797 481 2822; x_wconf 80' lang='lat' dir='ltr'><strong>ego</strong></span> <span class='ocrx_word' id='word_1_519' title='bbox 499 2787 626 2814; x_wconf 72' lang='lat' dir='ltr'><strong>Eusebius</strong></span> <span class='ocrx_word' id='word_1_520' title='bbox 643 2788 742 2814; x_wconf 78' lang='lat' dir='ltr'><strong>scholia</strong></span> <span class='ocrx_word' id='word_1_521' title='bbox 762 2788 880 2821; x_wconf 78' lang='lat' dir='ltr'><strong>apposui,</strong></span> <span class='ocrx_word' id='word_1_522' title='bbox 898 2793 950 2813; x_wconf 83' lang='lat' dir='ltr'><strong>etc.</strong></span> <span class='ocrx_word' id='word_1_523' title='bbox 972 2787 1010 2815; x_wconf 85' lang='lat' dir='ltr'><strong>Ex</strong></span> 
     </span>
    </p>
   </div>
   <div class='ocr_carea' id='block_1_76' title="bbox 230 2821 1009 2857">
    <p class='ocr_par' dir='ltr' id='par_1_76' title="bbox 230 2821 1009 2857">
     <span class='ocr_line' id='line_1_76' title="bbox 230 2821 1009 2857; baseline 0.006 -13"><span class='ocrx_word' id='word_1_524' title='bbox 230 2821 273 2857; x_wconf 71' lang='lat' dir='ltr'><strong>his</strong></span> <span class='ocrx_word' id='word_1_525' title='bbox 287 2827 359 2853; x_wconf 73' lang='lat' dir='ltr'><strong>patet</strong></span> <span class='ocrx_word' id='word_1_526' title='bbox 375 2821 504 2855; x_wconf 64' lang='lat' dir='ltr'><strong>Ten-tibiis</strong></span> <span class='ocrx_word' id='word_1_527' title='bbox 524 2830 590 2849; x_wconf 85' lang='lat' dir='ltr'><strong>nova</strong></span> <span class='ocrx_word' id='word_1_528' title='bbox 605 2823 747 2849; x_wconf 75' lang='lat' dir='ltr'><strong>Eusebium</strong></span> <span class='ocrx_word' id='word_1_529' title='bbox 764 2822 894 2857; x_wconf 80' lang='lat' dir='ltr'><strong>adjecisse</strong></span> <span class='ocrx_word' id='word_1_530' title='bbox 908 2822 1009 2850; x_wconf 88' lang='lat' dir='ltr'><strong>scholia</strong></span> 
     </span>
    </p>
   </div>
   <div class='ocr_carea' id='block_1_77' title="bbox 233 2855 1013 2891">
    <p class='ocr_par' dir='ltr' id='par_1_77' title="bbox 233 2855 1013 2891">
     <span class='ocr_line' id='line_1_77' title="bbox 233 2855 1013 2891; baseline 0.006 -11"><span class='ocrx_word' id='word_1_531' title='bbox 233 2855 258 2881; x_wconf 82' lang='lat' dir='ltr'><strong>in</strong></span> <span class='ocrx_word' id='word_1_532' title='bbox 271 2856 426 2889; x_wconf 84' lang='lat' dir='ltr'><strong>quibusdam</strong></span> <span class='ocrx_word' id='word_1_533' title='bbox 441 2857 534 2884; x_wconf 78' lang='lat' dir='ltr'><strong>saltem</strong></span> <span class='ocrx_word' id='word_1_534' title='bbox 548 2857 693 2891; x_wconf 78' lang='lat' dir='ltr'><strong>Scriptura:</strong></span> <span class='ocrx_word' id='word_1_535' title='bbox 705 2857 779 2884; x_wconf 87' lang='lat' dir='ltr'><strong>libris</strong></span> <span class='ocrx_word' id='word_1_536' title='bbox 795 2855 892 2891; x_wconf 52' lang='lat' dir='ltr'><strong>Tidque</strong></span> <span class='ocrx_word' id='word_1_537' title='bbox 907 2857 933 2883; x_wconf 91' lang='lat' dir='ltr'><strong>in</strong></span> <span class='ocrx_word' id='word_1_538' title='bbox 946 2857 1013 2891; x_wconf 83' lang='lat' dir='ltr'><strong>alio,</strong></span> 
     </span>
    </p>
   </div>
   <div class='ocr_carea' id='block_1_78' title="bbox 1057 914 1448 951">
    <p class='ocr_par' dir='ltr' id='par_1_78' title="bbox 1057 914 1448 951">
     <span class='ocr_line' id='line_1_78' title="bbox 1057 914 1448 951; baseline -0.005 -7"><span class='ocrx_word' id='word_1_539' title='bbox 1057 923 1138 951; x_wconf 88' lang='lat' dir='ltr'><strong>opera</strong></span> <span class='ocrx_word' id='word_1_540' title='bbox 1151 916 1281 950; x_wconf 81' lang='lat' dir='ltr'><strong>Pamphili</strong></span> <span class='ocrx_word' id='word_1_541' title='bbox 1293 920 1320 942; x_wconf 93' lang='lat' dir='ltr'><strong>et</strong></span> <span class='ocrx_word' id='word_1_542' title='bbox 1332 914 1448 942; x_wconf 87' lang='lat' dir='ltr'><strong>Eusebii.</strong></span> 
     </span>
    </p>
   </div>
   <div class='ocr_carea' id='block_1_79' title="bbox 1093 960 1847 997">
    <p class='ocr_par' dir='ltr' id='par_1_79' title="bbox 1093 960 1847 997">
     <span class='ocr_line' id='line_1_79' title="bbox 1093 960 1847 997; baseline 0 -9"><span class='ocrx_word' id='word_1_543' title='bbox 1093 962 1132 989; x_wconf 78' lang='lat' dir='ltr'><strong>En</strong></span> <span class='ocrx_word' id='word_1_544' title='bbox 1148 962 1193 989; x_wconf 89' lang='lat' dir='ltr'><strong>tibi</strong></span> <span class='ocrx_word' id='word_1_545' title='bbox 1209 962 1265 997; x_wconf 84' lang='lat' dir='ltr'><strong>jam</strong></span> <span class='ocrx_word' id='word_1_546' title='bbox 1286 963 1377 997; x_wconf 86' lang='lat' dir='ltr'><strong>itaque</strong></span> <span class='ocrx_word' id='word_1_547' title='bbox 1393 961 1488 996; x_wconf 76' lang='lat' dir='ltr'><strong>triplex</strong></span> <span class='ocrx_word' id='word_1_548' title='bbox 1505 961 1588 988; x_wconf 85' lang='lat' dir='ltr'><strong>editio</strong></span> <span class='ocrx_word' id='word_1_549' title='bbox 1603 960 1781 995; x_wconf 73' lang='lat' dir='ltr'><strong>Septuaginta</strong></span> <span class='ocrx_word' id='word_1_550' title='bbox 1798 960 1847 988; x_wconf 78' lang='lat' dir='ltr'><strong>Se-</strong></span> 
     </span>
    </p>
   </div>
   <div class='ocr_carea' id='block_1_80' title="bbox 1058 1006 1847 1043">
    <p class='ocr_par' dir='ltr' id='par_1_80' title="bbox 1058 1006 1847 1043">
     <span class='ocr_line' id='line_1_80' title="bbox 1058 1006 1847 1043; baseline -0.001 -8"><span class='ocrx_word' id='word_1_551' title='bbox 1058 1016 1140 1041; x_wconf 80' lang='lat' dir='ltr'><strong>num;</strong></span> <span class='ocrx_word' id='word_1_552' title='bbox 1161 1009 1321 1043; x_wconf 75' lang='lat' dir='ltr'><strong>Origeniana</strong></span> <span class='ocrx_word' id='word_1_553' title='bbox 1347 1009 1404 1035; x_wconf 75' lang='lat' dir='ltr'><strong>haec</strong></span> <span class='ocrx_word' id='word_1_554' title='bbox 1426 1008 1522 1041; x_wconf 65' lang='lat' dir='ltr'><strong>quaain</strong></span> <span class='ocrx_word' id='word_1_555' title='bbox 1538 1006 1662 1040; x_wconf 67' lang='lat' dir='ltr'><strong>&quot;emptis</strong></span> <span class='ocrx_word' id='word_1_556' title='bbox 1688 1007 1847 1034; x_wconf 82' lang='lat' dir='ltr'><strong>contineba-</strong></span> 
     </span>
    </p>
   </div>
   <div class='ocr_carea' id='block_1_81' title="bbox 1059 1052 1847 1088">
    <p class='ocr_par' dir='ltr' id='par_1_81' title="bbox 1059 1052 1847 1088">
     <span class='ocr_line' id='line_1_81' title="bbox 1059 1052 1847 1088; baseline -0.005 -7"><span class='ocrx_word' id='word_1_557' title='bbox 1059 1058 1121 1086; x_wconf 86' lang='lat' dir='ltr'><strong>tur;</strong></span> <span class='ocrx_word' id='word_1_558' title='bbox 1145 1053 1228 1082; x_wconf 87' lang='lat' dir='ltr'><strong>altera</strong></span> <span class='ocrx_word' id='word_1_559' title='bbox 1252 1054 1375 1088; x_wconf 81' lang='lat' dir='ltr'><strong>privatim</strong></span> <span class='ocrx_word' id='word_1_560' title='bbox 1395 1054 1465 1080; x_wconf 89' lang='lat' dir='ltr'><strong>edita</strong></span> <span class='ocrx_word' id='word_1_561' title='bbox 1483 1053 1516 1079; x_wconf 85' lang='lat' dir='ltr'><strong>ab</strong></span> <span class='ocrx_word' id='word_1_562' title='bbox 1538 1052 1654 1080; x_wconf 87' lang='lat' dir='ltr'><strong>Eusebio</strong></span> <span class='ocrx_word' id='word_1_563' title='bbox 1668 1057 1696 1079; x_wconf 90' lang='lat' dir='ltr'><strong>et</strong></span> <span class='ocrx_word' id='word_1_564' title='bbox 1718 1052 1847 1086; x_wconf 88' lang='lat' dir='ltr'><strong>Pamphi-</strong></span> 
     </span>
    </p>
   </div>
   <div class='ocr_carea' id='block_1_82' title="bbox 1059 1098 1846 1134">
    <p class='ocr_par' dir='ltr' id='par_1_82' title="bbox 1059 1098 1846 1134">
     <span class='ocr_line' id='line_1_82' title="bbox 1059 1098 1846 1134; baseline -0.005 -7"><span class='ocrx_word' id='word_1_565' title='bbox 1059 1099 1095 1132; x_wconf 83' lang='lat' dir='ltr'><strong>lo,</strong></span> <span class='ocrx_word' id='word_1_566' title='bbox 1121 1107 1181 1134; x_wconf 69' lang='lat' dir='ltr'><strong>quae</strong></span> <span class='ocrx_word' id='word_1_567' title='bbox 1202 1100 1298 1134; x_wconf 89' lang='lat' dir='ltr'><strong>prioris</strong></span> <span class='ocrx_word' id='word_1_568' title='bbox 1322 1106 1395 1126; x_wconf 85' lang='lat' dir='ltr'><strong>mere</strong></span> <span class='ocrx_word' id='word_1_569' title='bbox 1418 1105 1544 1133; x_wconf 68' lang='lat' dir='ltr'><strong>germana</strong></span> <span class='ocrx_word' id='word_1_570' title='bbox 1568 1103 1645 1131; x_wconf 87' lang='lat' dir='ltr'><strong>erat;</strong></span> <span class='ocrx_word' id='word_1_571' title='bbox 1669 1098 1749 1124; x_wconf 85' lang='lat' dir='ltr'><strong>tertia</strong></span> <span class='ocrx_word' id='word_1_572' title='bbox 1769 1102 1846 1123; x_wconf 83' lang='lat' dir='ltr'><strong>vetns</strong></span> 
     </span>
    </p>
   </div>
   <div class='ocr_carea' id='block_1_83' title="bbox 1060 1143 1846 1180">
    <p class='ocr_par' dir='ltr' id='par_1_83' title="bbox 1060 1143 1846 1180">
     <span class='ocr_line' id='line_1_83' title="bbox 1060 1143 1846 1180; baseline -0.004 -8"><span class='ocrx_word' id='word_1_573' title='bbox 1060 1145 1103 1173; x_wconf 91' lang='lat' dir='ltr'><strong>illa</strong></span> <span class='ocrx_word' id='word_1_574' title='bbox 1120 1153 1180 1180; x_wconf 66' lang='lat' dir='ltr'><strong>quae</strong></span> <span class='ocrx_word' id='word_1_575' title='bbox 1192 1145 1314 1180; x_wconf 86' lang='lat' dir='ltr'><strong>Origenis</strong></span> <span class='ocrx_word' id='word_1_576' title='bbox 1327 1144 1542 1172; x_wconf 85' lang='lat' dir='ltr'><strong>emendationem</strong></span> <span class='ocrx_word' id='word_1_577' title='bbox 1559 1143 1708 1178; x_wconf 85' lang='lat' dir='ltr'><strong>pra-cessit,</strong></span> <span class='ocrx_word' id='word_1_578' title='bbox 1723 1147 1753 1170; x_wconf 89' lang='lat' dir='ltr'><strong>et</strong></span> <span class='ocrx_word' id='word_1_579' title='bbox 1769 1143 1846 1178; x_wconf 76' lang='grc' dir='ltr'><strong>κοινὴ</strong></span> 
     </span>
    </p>
   </div>
   <div class='ocr_carea' id='block_1_84' title="bbox 1059 1188 1847 1226">
    <p class='ocr_par' dir='ltr' id='par_1_84' title="bbox 1059 1188 1847 1226">
     <span class='ocr_line' id='line_1_84' title="bbox 1059 1188 1847 1226; baseline -0.006 -7"><span class='ocrx_word' id='word_1_580' title='bbox 1059 1199 1106 1219; x_wconf 84' lang='lat' dir='ltr'><strong>seu</strong></span> <span class='ocrx_word' id='word_1_581' title='bbox 1119 1191 1231 1226; x_wconf 78' lang='lat' dir='ltr'><strong>Vulgata</strong></span> <span class='ocrx_word' id='word_1_582' title='bbox 1245 1191 1376 1225; x_wconf 66' lang='lat' dir='ltr'><strong>appellata</strong></span> <span class='ocrx_word' id='word_1_583' title='bbox 1400 1194 1451 1221; x_wconf 86' lang='lat' dir='ltr'><strong>est,</strong></span> <span class='ocrx_word' id='word_1_584' title='bbox 1465 1197 1579 1224; x_wconf 64' lang='lat' dir='ltr'><strong>qumque</strong></span> <span class='ocrx_word' id='word_1_585' title='bbox 1601 1188 1741 1223; x_wconf 77' lang='lat' dir='ltr'><strong>multiplex</strong></span> <span class='ocrx_word' id='word_1_586' title='bbox 1764 1194 1793 1214; x_wconf 85' lang='lat' dir='ltr'><strong>et</strong></span> <span class='ocrx_word' id='word_1_587' title='bbox 1808 1189 1847 1214; x_wconf 91' lang='lat' dir='ltr'><strong>di-</strong></span> 
     </span>
    </p>
   </div>
   <div class='ocr_carea' id='block_1_85' title="bbox 1060 1233 1845 1271">
    <p class='ocr_par' dir='ltr' id='par_1_85' title="bbox 1060 1233 1845 1271">
     <span class='ocr_line' id='line_1_85' title="bbox 1060 1233 1845 1271; baseline -0.003 -9"><span class='ocrx_word' id='word_1_588' title='bbox 1060 1244 1137 1264; x_wconf 86' lang='lat' dir='ltr'><strong>versa</strong></span> <span class='ocrx_word' id='word_1_589' title='bbox 1153 1237 1214 1266; x_wconf 76' lang='lat' dir='ltr'><strong>fuit.</strong></span> <span class='ocrx_word' id='word_1_590' title='bbox 1228 1241 1322 1271; x_wconf 86' lang='lat' dir='ltr'><strong>utpote</strong></span> <span class='ocrx_word' id='word_1_591' title='bbox 1336 1236 1425 1262; x_wconf 86' lang='lat' dir='ltr'><strong>varias</strong></span> <span class='ocrx_word' id='word_1_592' title='bbox 1453 1242 1530 1268; x_wconf 85' lang='lat' dir='ltr'><strong>passa</strong></span> <span class='ocrx_word' id='word_1_593' title='bbox 1552 1235 1774 1262; x_wconf 85' lang='lat' dir='ltr'><strong>adulterationes.</strong></span> <span class='ocrx_word' id='word_1_594' title='bbox 1789 1233 1845 1260; x_wconf 80' lang='lat' dir='ltr'><strong>Non</strong></span> 
     </span>
    </p>
   </div>
   <div class='ocr_carea' id='block_1_86' title="bbox 1060 1280 1846 1316">
    <p class='ocr_par' dir='ltr' id='par_1_86' title="bbox 1060 1280 1846 1316">
     <span class='ocr_line' id='line_1_86' title="bbox 1060 1280 1846 1316; baseline -0.004 -7"><span class='ocrx_word' id='word_1_595' title='bbox 1060 1282 1113 1309; x_wconf 88' lang='lat' dir='ltr'><strong>alia</strong></span> <span class='ocrx_word' id='word_1_596' title='bbox 1132 1287 1220 1309; x_wconf 89' lang='lat' dir='ltr'><strong>autem</strong></span> <span class='ocrx_word' id='word_1_597' title='bbox 1239 1281 1410 1316; x_wconf 83' lang='lat' dir='ltr'><strong>Septuaginta</strong></span> <span class='ocrx_word' id='word_1_598' title='bbox 1432 1281 1611 1315; x_wconf 89' lang='lat' dir='ltr'><strong>lnterpretum</strong></span> <span class='ocrx_word' id='word_1_599' title='bbox 1637 1280 1719 1307; x_wconf 78' lang='lat' dir='ltr'><strong>editio</strong></span> <span class='ocrx_word' id='word_1_600' title='bbox 1734 1287 1846 1314; x_wconf 75' lang='lat' dir='ltr'><strong>usurpa—</strong></span> 
     </span>
    </p>
   </div>
   <div class='ocr_carea' id='block_1_87' title="bbox 1060 1326 1846 1362">
    <p class='ocr_par' dir='ltr' id='par_1_87' title="bbox 1060 1326 1846 1362">
     <span class='ocr_line' id='line_1_87' title="bbox 1060 1326 1846 1362; baseline -0.001 -8"><span class='ocrx_word' id='word_1_601' title='bbox 1060 1328 1139 1354; x_wconf 87' lang='lat' dir='ltr'><strong>batur</strong></span> <span class='ocrx_word' id='word_1_602' title='bbox 1155 1327 1234 1361; x_wconf 86' lang='lat' dir='ltr'><strong>vulgo</strong></span> <span class='ocrx_word' id='word_1_603' title='bbox 1246 1332 1309 1354; x_wconf 86' lang='lat' dir='ltr'><strong>ante</strong></span> <span class='ocrx_word' id='word_1_604' title='bbox 1329 1326 1484 1361; x_wconf 78' lang='lat' dir='ltr'><strong>Origenem.</strong></span> <span class='ocrx_word' id='word_1_605' title='bbox 1500 1334 1580 1361; x_wconf 87' lang='lat' dir='ltr'><strong>quam</strong></span> <span class='ocrx_word' id='word_1_606' title='bbox 1596 1334 1656 1361; x_wconf 71' lang='lat' dir='ltr'><strong>qua:</strong></span> <span class='ocrx_word' id='word_1_607' title='bbox 1676 1327 1756 1362; x_wconf 77' lang='grc' dir='ltr'>κοινὴ</span> <span class='ocrx_word' id='word_1_608' title='bbox 1774 1327 1846 1353; x_wconf 83' lang='lat' dir='ltr'><strong>dice-</strong></span> 
     </span>
    </p>
   </div>
   <div class='ocr_carea' id='block_1_88' title="bbox 1060 1373 1847 1407">
    <p class='ocr_par' dir='ltr' id='par_1_88' title="bbox 1060 1373 1847 1407">
     <span class='ocr_line' id='line_1_88' title="bbox 1060 1373 1847 1407; baseline -0.001 -7"><span class='ocrx_word' id='word_1_609' title='bbox 1060 1373 1149 1401; x_wconf 86' lang='lat' dir='ltr'><strong>batur.</strong></span> <span class='ocrx_word' id='word_1_610' title='bbox 1170 1373 1246 1400; x_wconf 86' lang='lat' dir='ltr'><strong>llanc</strong></span> <span class='ocrx_word' id='word_1_611' title='bbox 1267 1373 1471 1407; x_wconf 77' lang='lat' dir='ltr'><strong>appellationem</strong></span> <span class='ocrx_word' id='word_1_612' title='bbox 1492 1373 1593 1400; x_wconf 90' lang='lat' dir='ltr'><strong>idcirco</strong></span> <span class='ocrx_word' id='word_1_613' title='bbox 1611 1378 1758 1400; x_wconf 85' lang='lat' dir='ltr'><strong>consecuta</strong></span> <span class='ocrx_word' id='word_1_614' title='bbox 1777 1377 1847 1405; x_wconf 72' lang='lat' dir='ltr'><strong>erat,</strong></span> 
     </span>
    </p>
   </div>
   <div class='ocr_carea' id='block_1_89' title="bbox 1060 1419 1847 1454">
    <p class='ocr_par' dir='ltr' id='par_1_89' title="bbox 1060 1419 1847 1454">
     <span class='ocr_line' id='line_1_89' title="bbox 1060 1419 1847 1454; baseline -0.001 -8"><span class='ocrx_word' id='word_1_615' title='bbox 1060 1419 1131 1454; x_wconf 88' lang='lat' dir='ltr'><strong>quod</strong></span> <span class='ocrx_word' id='word_1_616' title='bbox 1151 1419 1220 1446; x_wconf 85' lang='lat' dir='ltr'><strong>nulla</strong></span> <span class='ocrx_word' id='word_1_617' title='bbox 1240 1426 1288 1453; x_wconf 88' lang='lat' dir='ltr'><strong>per</strong></span> <span class='ocrx_word' id='word_1_618' title='bbox 1302 1420 1439 1447; x_wconf 87' lang='lat' dir='ltr'><strong>Orientem</strong></span> <span class='ocrx_word' id='word_1_619' title='bbox 1461 1419 1608 1454; x_wconf 63' lang='lat' dir='ltr'><strong>Scriptura:</strong></span> <span class='ocrx_word' id='word_1_620' title='bbox 1620 1419 1704 1446; x_wconf 88' lang='lat' dir='ltr'><strong>editio</strong></span> <span class='ocrx_word' id='word_1_621' title='bbox 1718 1419 1847 1453; x_wconf 84' lang='lat' dir='ltr'><strong>frequen-</strong></span> 
     </span>
    </p>
   </div>
   <div class='ocr_carea' id='block_1_90' title="bbox 1061 1466 1848 1500">
    <p class='ocr_par' dir='ltr' id='par_1_90' title="bbox 1061 1466 1848 1500">
     <span class='ocr_line' id='line_1_90' title="bbox 1061 1466 1848 1500; baseline 0.001 -9"><span class='ocrx_word' id='word_1_622' title='bbox 1061 1466 1122 1492; x_wconf 90' lang='lat' dir='ltr'><strong>tiori</strong></span> <span class='ocrx_word' id='word_1_623' title='bbox 1140 1473 1189 1492; x_wconf 89' lang='lat' dir='ltr'><strong>ttsu</strong></span> <span class='ocrx_word' id='word_1_624' title='bbox 1213 1469 1409 1493; x_wconf 87' lang='lat' dir='ltr'><strong>contereretur.</strong></span> <span class='ocrx_word' id='word_1_625' title='bbox 1438 1466 1496 1500; x_wconf 82' lang='lat' dir='ltr'><strong>Quo</strong></span> <span class='ocrx_word' id='word_1_626' title='bbox 1521 1466 1619 1493; x_wconf 80' lang='lat' dir='ltr'><strong>factum</strong></span> <span class='ocrx_word' id='word_1_627' title='bbox 1641 1470 1692 1497; x_wconf 86' lang='lat' dir='ltr'><strong>est,</strong></span> <span class='ocrx_word' id='word_1_628' title='bbox 1707 1471 1738 1492; x_wconf 89' lang='lat' dir='ltr'><strong>ut</strong></span> <span class='ocrx_word' id='word_1_629' title='bbox 1764 1466 1848 1492; x_wconf 87' lang='lat' dir='ltr'><strong>editio</strong></span> 
     </span>
    </p>
   </div>
   <div class='ocr_carea' id='block_1_91' title="bbox 1062 1511 1846 1547">
    <p class='ocr_par' dir='ltr' id='par_1_91' title="bbox 1062 1511 1846 1547">
     <span class='ocr_line' id='line_1_91' title="bbox 1062 1511 1846 1547; baseline -0.001 -8"><span class='ocrx_word' id='word_1_630' title='bbox 1062 1512 1138 1547; x_wconf 79' lang='grc' dir='ltr'><strong>κοινὴ</strong></span> <span class='ocrx_word' id='word_1_631' title='bbox 1150 1520 1200 1539; x_wconf 93' lang='lat' dir='ltr'><strong>non</strong></span> <span class='ocrx_word' id='word_1_632' title='bbox 1219 1520 1298 1539; x_wconf 90' lang='lat' dir='ltr'><strong>uuam</strong></span> <span class='ocrx_word' id='word_1_633' title='bbox 1312 1512 1431 1547; x_wconf 87' lang='lat' dir='ltr'><strong>aliquant</strong></span> <span class='ocrx_word' id='word_1_634' title='bbox 1449 1519 1473 1540; x_wconf 91' lang='lat' dir='ltr'><strong>et</strong></span> <span class='ocrx_word' id='word_1_635' title='bbox 1493 1513 1655 1547; x_wconf 86' lang='lat' dir='ltr'><strong>peculiarem</strong></span> <span class='ocrx_word' id='word_1_636' title='bbox 1670 1511 1846 1547; x_wconf 77' lang='lat' dir='ltr'><strong>Septuaginta</strong></span> 
     </span>
    </p>
   </div>
   <div class='ocr_carea' id='block_1_92' title="bbox 1064 1557 1846 1592">
    <p class='ocr_par' dir='ltr' id='par_1_92' title="bbox 1064 1557 1846 1592">
     <span class='ocr_line' id='line_1_92' title="bbox 1064 1557 1846 1592; baseline -0.003 -6"><span class='ocrx_word' id='word_1_637' title='bbox 1064 1558 1161 1586; x_wconf 87' lang='lat' dir='ltr'><strong>Senum</strong></span> <span class='ocrx_word' id='word_1_638' title='bbox 1174 1559 1318 1586; x_wconf 87' lang='lat' dir='ltr'><strong>editionem</strong></span> <span class='ocrx_word' id='word_1_639' title='bbox 1331 1563 1425 1585; x_wconf 89' lang='lat' dir='ltr'><strong>notare</strong></span> <span class='ocrx_word' id='word_1_640' title='bbox 1441 1559 1538 1586; x_wconf 87' lang='lat' dir='ltr'><strong>deinde</strong></span> <span class='ocrx_word' id='word_1_641' title='bbox 1550 1559 1674 1592; x_wconf 67' lang='lat' dir='ltr'><strong>coeperit,</strong></span> <span class='ocrx_word' id='word_1_642' title='bbox 1693 1557 1740 1585; x_wconf 89' lang='lat' dir='ltr'><strong>sed</strong></span> <span class='ocrx_word' id='word_1_643' title='bbox 1761 1558 1846 1591; x_wconf 82' lang='lat' dir='ltr'><strong>ipsam</strong></span> 
     </span>
    </p>
   </div>
   <div class='ocr_carea' id='block_1_93' title="bbox 1062 1603 1846 1639">
    <p class='ocr_par' dir='ltr' id='par_1_93' title="bbox 1062 1603 1846 1639">
     <span class='ocr_line' id='line_1_93' title="bbox 1062 1603 1846 1639; baseline -0.003 -7"><span class='ocrx_word' id='word_1_644' title='bbox 1062 1604 1217 1632; x_wconf 89' lang='lat' dir='ltr'><strong>eorumdcm</strong></span> <span class='ocrx_word' id='word_1_645' title='bbox 1238 1604 1414 1639; x_wconf 84' lang='lat' dir='ltr'><strong>interpretum</strong></span> <span class='ocrx_word' id='word_1_646' title='bbox 1433 1604 1637 1631; x_wconf 85' lang='lat' dir='ltr'><strong>conversionem</strong></span> <span class='ocrx_word' id='word_1_647' title='bbox 1661 1603 1782 1638; x_wconf 82' lang='lat' dir='ltr'><strong>generali</strong></span> <span class='ocrx_word' id='word_1_648' title='bbox 1799 1611 1846 1638; x_wconf 82' lang='lat' dir='ltr'><strong>ap-</strong></span> 
     </span>
    </p>
   </div>
   <div class='ocr_carea' id='block_1_94' title="bbox 1062 1650 1845 1685">
    <p class='ocr_par' dir='ltr' id='par_1_94' title="bbox 1062 1650 1845 1685">
     <span class='ocr_line' id='line_1_94' title="bbox 1062 1650 1845 1685; baseline 0.003 -8"><span class='ocrx_word' id='word_1_649' title='bbox 1062 1650 1204 1685; x_wconf 85' lang='lat' dir='ltr'><strong>pellatione</strong></span> <span class='ocrx_word' id='word_1_650' title='bbox 1224 1650 1425 1684; x_wconf 80' lang='lat' dir='ltr'><strong>signiﬁcaverit.</strong></span> <span class='ocrx_word' id='word_1_651' title='bbox 1448 1650 1512 1677; x_wconf 80' lang='lat' dir='ltr'><strong>Rem</strong></span> <span class='ocrx_word' id='word_1_652' title='bbox 1545 1657 1598 1677; x_wconf 89' lang='lat' dir='ltr'><strong>ttno</strong></span> <span class='ocrx_word' id='word_1_653' title='bbox 1619 1651 1703 1677; x_wconf 83' lang='lat' dir='ltr'><strong>verbo</strong></span> <span class='ocrx_word' id='word_1_654' title='bbox 1719 1650 1845 1684; x_wconf 74' lang='lat' dir='ltr'><strong>expedio.</strong></span> 
     </span>
    </p>
   </div>
   <div class='ocr_carea' id='block_1_95' title="bbox 1064 1696 1848 1731">
    <p class='ocr_par' dir='ltr' id='par_1_95' title="bbox 1064 1696 1848 1731">
     <span class='ocr_line' id='line_1_95' title="bbox 1064 1696 1848 1731; baseline 0 -8"><span class='ocrx_word' id='word_1_655' title='bbox 1064 1696 1230 1723; x_wconf 87' lang='lat' dir='ltr'><strong>Vocabulum</strong></span> <span class='ocrx_word' id='word_1_656' title='bbox 1243 1696 1317 1729; x_wconf 79' lang='lat' dir='ltr'><strong>illud,</strong></span> <span class='ocrx_word' id='word_1_657' title='bbox 1331 1696 1418 1731; x_wconf 81' lang='grc' dir='ltr'><strong>κοινὴ,</strong></span> <span class='ocrx_word' id='word_1_658' title='bbox 1436 1696 1527 1730; x_wconf 90' lang='lat' dir='ltr'><strong>generi</strong></span> <span class='ocrx_word' id='word_1_659' title='bbox 1545 1700 1571 1723; x_wconf 92' lang='lat' dir='ltr'><strong>et</strong></span> <span class='ocrx_word' id='word_1_660' title='bbox 1588 1696 1687 1730; x_wconf 82' lang='lat' dir='ltr'><strong>speciei</strong></span> <span class='ocrx_word' id='word_1_661' title='bbox 1702 1704 1848 1724; x_wconf 85' lang='lat' dir='ltr'><strong>commune</strong></span> 
     </span>
    </p>
   </div>
   <div class='ocr_carea' id='block_1_96' title="bbox 1062 1742 1848 1777">
    <p class='ocr_par' dir='ltr' id='par_1_96' title="bbox 1062 1742 1848 1777">
     <span class='ocr_line' id='line_1_96' title="bbox 1062 1742 1848 1777; baseline -0.001 -8"><span class='ocrx_word' id='word_1_662' title='bbox 1062 1742 1123 1775; x_wconf 79' lang='lat' dir='ltr'><strong>fuit,</strong></span> <span class='ocrx_word' id='word_1_663' title='bbox 1139 1748 1167 1769; x_wconf 92' lang='lat' dir='ltr'><strong>ut</strong></span> <span class='ocrx_word' id='word_1_664' title='bbox 1182 1742 1241 1769; x_wconf 73' lang='lat' dir='ltr'><strong>aliae</strong></span> <span class='ocrx_word' id='word_1_665' title='bbox 1264 1742 1396 1776; x_wconf 61' lang='lat' dir='ltr'><strong>pleraeque</strong></span> <span class='ocrx_word' id='word_1_666' title='bbox 1412 1749 1490 1769; x_wconf 88' lang='lat' dir='ltr'><strong>voces</strong></span> <span class='ocrx_word' id='word_1_667' title='bbox 1508 1751 1514 1769; x_wconf 89' lang='lat'><strong>:</strong></span> <span class='ocrx_word' id='word_1_668' title='bbox 1537 1742 1640 1776; x_wconf 87' lang='lat' dir='ltr'><strong>generi,</strong></span> <span class='ocrx_word' id='word_1_669' title='bbox 1653 1750 1714 1768; x_wconf 90' lang='lat' dir='ltr'><strong>cum</strong></span> <span class='ocrx_word' id='word_1_670' title='bbox 1726 1743 1848 1777; x_wconf 78' lang='lat' dir='ltr'><strong>qualern-</strong></span> 
     </span>
    </p>
   </div>
   <div class='ocr_carea' id='block_1_97' title="bbox 1062 1788 1847 1823">
    <p class='ocr_par' dir='ltr' id='par_1_97' title="bbox 1062 1788 1847 1823">
     <span class='ocr_line' id='line_1_97' title="bbox 1062 1788 1847 1823; baseline -0.001 -8"><span class='ocrx_word' id='word_1_671' title='bbox 1062 1796 1167 1822; x_wconf 90' lang='lat' dir='ltr'><strong>cunque</strong></span> <span class='ocrx_word' id='word_1_672' title='bbox 1189 1788 1243 1814; x_wconf 85' lang='grc' dir='ltr'><strong>τῶν</strong></span> <span class='ocrx_word' id='word_1_673' title='bbox 1259 1790 1286 1814; x_wconf 86' lang='lat'><strong>0&#39;</strong></span> <span class='ocrx_word' id='word_1_674' title='bbox 1302 1789 1446 1816; x_wconf 92' lang='lat' dir='ltr'><strong>editioncm</strong></span> <span class='ocrx_word' id='word_1_675' title='bbox 1464 1789 1586 1821; x_wconf 80' lang='lat' dir='ltr'><strong>notarit;</strong></span> <span class='ocrx_word' id='word_1_676' title='bbox 1613 1789 1724 1823; x_wconf 86' lang='lat' dir='ltr'><strong>speciei,</strong></span> <span class='ocrx_word' id='word_1_677' title='bbox 1742 1797 1805 1815; x_wconf 90' lang='lat' dir='ltr'><strong>cum</strong></span> <span class='ocrx_word' id='word_1_678' title='bbox 1824 1789 1847 1815; x_wconf 86' lang='lat' dir='ltr'><strong>ei</strong></span> 
     </span>
    </p>
   </div>
   <div class='ocr_carea' id='block_1_98' title="bbox 1063 1834 1849 1869">
    <p class='ocr_par' dir='ltr' id='par_1_98' title="bbox 1063 1834 1849 1869">
     <span class='ocr_line' id='line_1_98' title="bbox 1063 1834 1849 1869; baseline -0.001 -6"><span class='ocrx_word' id='word_1_679' title='bbox 1063 1835 1110 1863; x_wconf 88' lang='lat' dir='ltr'><strong>soli</strong></span> <span class='ocrx_word' id='word_1_680' title='bbox 1126 1834 1232 1862; x_wconf 88' lang='lat' dir='ltr'><strong>addicta</strong></span> <span class='ocrx_word' id='word_1_681' title='bbox 1256 1839 1306 1867; x_wconf 83' lang='lat' dir='ltr'><strong>est,</strong></span> <span class='ocrx_word' id='word_1_682' title='bbox 1321 1842 1380 1868; x_wconf 76' lang='lat' dir='ltr'><strong>qua:</strong></span> <span class='ocrx_word' id='word_1_683' title='bbox 1402 1839 1463 1861; x_wconf 85' lang='lat' dir='ltr'><strong>ante</strong></span> <span class='ocrx_word' id='word_1_684' title='bbox 1484 1834 1608 1869; x_wconf 79' lang='lat' dir='ltr'><strong>Origeuis</strong></span> <span class='ocrx_word' id='word_1_685' title='bbox 1629 1835 1849 1862; x_wconf 78' lang='lat' dir='ltr'><strong>emendationem</strong></span> 
     </span>
    </p>
   </div>
   <div class='ocr_carea' id='block_1_99' title="bbox 1063 1880 1848 1915">
    <p class='ocr_par' dir='ltr' id='par_1_99' title="bbox 1063 1880 1848 1915">
     <span class='ocr_line' id='line_1_99' title="bbox 1063 1880 1848 1915; baseline -0.003 -6"><span class='ocrx_word' id='word_1_686' title='bbox 1063 1880 1311 1909; x_wconf 82' lang='lat' dir='ltr'><strong>circumlerebntnr.</strong></span> <span class='ocrx_word' id='word_1_687' title='bbox 1333 1880 1436 1914; x_wconf 87' lang='lat' dir='ltr'><strong>Speciei</strong></span> <span class='ocrx_word' id='word_1_688' title='bbox 1457 1881 1554 1907; x_wconf 91' lang='lat' dir='ltr'><strong>tributa</strong></span> <span class='ocrx_word' id='word_1_689' title='bbox 1576 1885 1618 1908; x_wconf 85' lang='lat' dir='ltr'><strong>est</strong></span> <span class='ocrx_word' id='word_1_690' title='bbox 1637 1881 1767 1915; x_wconf 91' lang='lat' dir='ltr'><strong>primum,</strong></span> <span class='ocrx_word' id='word_1_691' title='bbox 1787 1881 1848 1908; x_wconf 89' lang='lat' dir='ltr'><strong>inde</strong></span> 
     </span>
    </p>
   </div>
   <div class='ocr_carea' id='block_1_100' title="bbox 1063 1927 1852 1962">
    <p class='ocr_par' dir='ltr' id='par_1_100' title="bbox 1063 1927 1852 1962">
     <span class='ocr_line' id='line_1_100' title="bbox 1063 1927 1852 1962; baseline 0 -8"><span class='ocrx_word' id='word_1_692' title='bbox 1063 1929 1095 1954; x_wconf 92' lang='lat' dir='ltr'><strong>ad</strong></span> <span class='ocrx_word' id='word_1_693' title='bbox 1120 1934 1204 1962; x_wconf 88' lang='lat' dir='ltr'><strong>genus</strong></span> <span class='ocrx_word' id='word_1_694' title='bbox 1232 1927 1317 1961; x_wconf 91' lang='lat' dir='ltr'><strong>ipsum</strong></span> <span class='ocrx_word' id='word_1_695' title='bbox 1340 1928 1474 1955; x_wconf 86' lang='lat' dir='ltr'><strong>transivit.</strong></span> <span class='ocrx_word' id='word_1_696' title='bbox 1496 1927 1676 1960; x_wconf 82' lang='lat' dir='ltr'><strong>Quamobrem</strong></span> <span class='ocrx_word' id='word_1_697' title='bbox 1701 1927 1852 1961; x_wconf 86' lang='lat' dir='ltr'><strong>aliquando</strong></span> 
     </span>
    </p>
   </div>
   <div class='ocr_carea' id='block_1_101' title="bbox 1063 1973 1848 2009">
    <p class='ocr_par' dir='ltr' id='par_1_101' title="bbox 1063 1973 1848 2009">
     <span class='ocr_line' id='line_1_101' title="bbox 1063 1973 1848 2009; baseline 0.001 -9"><span class='ocrx_word' id='word_1_698' title='bbox 1063 1973 1243 2009; x_wconf 86' lang='lat' dir='ltr'><strong>Hieronymus</strong></span> <span class='ocrx_word' id='word_1_699' title='bbox 1255 1974 1318 2005; x_wconf 78' lang='grc' dir='ltr'><strong>τοὺς</strong></span> <span class='ocrx_word' id='word_1_700' title='bbox 1331 1975 1368 2006; x_wconf 83' lang='grc'><strong>0’,</strong></span> <span class='ocrx_word' id='word_1_701' title='bbox 1387 1974 1419 2001; x_wconf 83' lang='lat' dir='ltr'><strong>ab</strong></span> <span class='ocrx_word' id='word_1_702' title='bbox 1430 1973 1546 2009; x_wconf 84' lang='lat' dir='ltr'><strong>Origene</strong></span> <span class='ocrx_word' id='word_1_703' title='bbox 1563 1974 1665 2001; x_wconf 87' lang='lat' dir='ltr'><strong>scilicet</strong></span> <span class='ocrx_word' id='word_1_704' title='bbox 1679 1974 1848 2005; x_wconf 86' lang='lat' dir='ltr'><strong>emendatos.</strong></span> 
     </span>
    </p>
   </div>
   <div class='ocr_carea' id='block_1_102' title="bbox 1063 2020 1849 2056">
    <p class='ocr_par' dir='ltr' id='par_1_102' title="bbox 1063 2020 1849 2056">
     <span class='ocr_line' id='line_1_102' title="bbox 1063 2020 1849 2056; baseline 0 -9"><span class='ocrx_word' id='word_1_705' title='bbox 1063 2028 1078 2047; x_wconf 93' lang='lat' dir='ltr'><strong>a</strong></span> <span class='ocrx_word' id='word_1_706' title='bbox 1092 2022 1167 2056; x_wconf 83' lang='grc' dir='ltr'><strong>κοινῇ</strong></span> <span class='ocrx_word' id='word_1_707' title='bbox 1184 2020 1341 2055; x_wconf 87' lang='lat' dir='ltr'><strong>distinguit;</strong></span> <span class='ocrx_word' id='word_1_708' title='bbox 1358 2020 1501 2054; x_wconf 84' lang='lat' dir='ltr'><strong>aliquando</strong></span> <span class='ocrx_word' id='word_1_709' title='bbox 1517 2028 1577 2047; x_wconf 87' lang='lat' dir='ltr'><strong>cum</strong></span> <span class='ocrx_word' id='word_1_710' title='bbox 1603 2028 1634 2048; x_wconf 87' lang='lat' dir='ltr'><strong>ea</strong></span> <span class='ocrx_word' id='word_1_711' title='bbox 1655 2021 1803 2054; x_wconf 85' lang='lat' dir='ltr'><strong>permiscet</strong></span> <span class='ocrx_word' id='word_1_712' title='bbox 1822 2026 1849 2047; x_wconf 89' lang='lat' dir='ltr'><strong>et</strong></span> 
     </span>
    </p>
   </div>
   <div class='ocr_carea' id='block_1_103' title="bbox 1063 2066 1846 2101">
    <p class='ocr_par' dir='ltr' id='par_1_103' title="bbox 1063 2066 1846 2101">
     <span class='ocr_line' id='line_1_103' title="bbox 1063 2066 1846 2101; baseline 0 -7"><span class='ocrx_word' id='word_1_713' title='bbox 1063 2067 1212 2094; x_wconf 78' lang='lat' dir='ltr'><strong>confundit.</strong></span> <span class='ocrx_word' id='word_1_714' title='bbox 1231 2066 1375 2101; x_wconf 76' lang='lat' dir='ltr'><strong>Distinguit</strong></span> <span class='ocrx_word' id='word_1_715' title='bbox 1389 2067 1495 2100; x_wconf 88' lang='lat' dir='ltr'><strong>quidem</strong></span> <span class='ocrx_word' id='word_1_716' title='bbox 1507 2067 1533 2093; x_wconf 92' lang='lat' dir='ltr'><strong>in</strong></span> <span class='ocrx_word' id='word_1_717' title='bbox 1553 2067 1686 2093; x_wconf 73' lang='lat' dir='ltr'><strong>Prommin</strong></span> <span class='ocrx_word' id='word_1_718' title='bbox 1701 2067 1736 2094; x_wconf 78' lang='lat' dir='ltr'><strong>ad</strong></span> <span class='ocrx_word' id='word_1_719' title='bbox 1749 2067 1846 2094; x_wconf 88' lang='lat' dir='ltr'><strong>librum</strong></span> 
     </span>
    </p>
   </div>
   <div class='ocr_carea' id='block_1_104' title="bbox 1063 2111 1848 2147">
    <p class='ocr_par' dir='ltr' id='par_1_104' title="bbox 1063 2111 1848 2147">
     <span class='ocr_line' id='line_1_104' title="bbox 1063 2111 1848 2147; baseline -0.001 -7"><span class='ocrx_word' id='word_1_720' title='bbox 1063 2121 1108 2140; x_wconf 83' lang='lat' dir='ltr'><strong>xvt</strong></span> <span class='ocrx_word' id='word_1_721' title='bbox 1123 2113 1302 2140; x_wconf 90' lang='lat' dir='ltr'><strong>Commentar.</strong></span> <span class='ocrx_word' id='word_1_722' title='bbox 1316 2113 1343 2138; x_wconf 89' lang='lat' dir='ltr'><strong>in</strong></span> <span class='ocrx_word' id='word_1_723' title='bbox 1361 2111 1471 2141; x_wconf 82' lang='lat' dir='ltr'><strong>Isainm.</strong></span> <span class='ocrx_word' id='word_1_724' title='bbox 1490 2112 1635 2147; x_wconf 80' lang='lat' dir='ltr'><strong>tLiquido,</strong></span> <span class='ocrx_word' id='word_1_725' title='bbox 1651 2112 1748 2147; x_wconf 87' lang='lat' dir='ltr'><strong>inquit,</strong></span> <span class='ocrx_word' id='word_1_726' title='bbox 1765 2113 1848 2140; x_wconf 86' lang='lat' dir='ltr'><strong>conli-</strong></span> 
     </span>
    </p>
   </div>
   <div class='ocr_carea' id='block_1_105' title="bbox 1065 2157 1847 2192">
    <p class='ocr_par' dir='ltr' id='par_1_105' title="bbox 1065 2157 1847 2192">
     <span class='ocr_line' id='line_1_105' title="bbox 1065 2157 1847 2192; baseline -0.001 -6"><span class='ocrx_word' id='word_1_727' title='bbox 1065 2164 1150 2186; x_wconf 87' lang='lat' dir='ltr'><strong>tentes</strong></span> <span class='ocrx_word' id='word_1_728' title='bbox 1162 2159 1187 2186; x_wconf 91' lang='lat' dir='ltr'><strong>in</strong></span> <span class='ocrx_word' id='word_1_729' title='bbox 1202 2159 1333 2186; x_wconf 78' lang='lat' dir='ltr'><strong>llebraico</strong></span> <span class='ocrx_word' id='word_1_730' title='bbox 1348 2166 1399 2185; x_wconf 90' lang='lat' dir='ltr'><strong>non</strong></span> <span class='ocrx_word' id='word_1_731' title='bbox 1422 2158 1526 2190; x_wconf 87' lang='lat' dir='ltr'><strong>ltaberi,</strong></span> <span class='ocrx_word' id='word_1_732' title='bbox 1542 2166 1593 2185; x_wconf 89' lang='lat' dir='ltr'><strong>nec</strong></span> <span class='ocrx_word' id='word_1_733' title='bbox 1613 2166 1675 2185; x_wconf 87' lang='lat' dir='ltr'><strong>esse</strong></span> <span class='ocrx_word' id='word_1_734' title='bbox 1690 2159 1715 2185; x_wconf 88' lang='lat' dir='ltr'><strong>itt</strong></span> <span class='ocrx_word' id='word_1_735' title='bbox 1733 2157 1847 2192; x_wconf 80' lang='lat' dir='ltr'><strong>Septua-</strong></span> 
     </span>
    </p>
   </div>
   <div class='ocr_carea' id='block_1_106' title="bbox 1026 2203 1848 2246">
    <p class='ocr_par' dir='ltr' id='par_1_106' title="bbox 1026 2203 1848 2246">
     <span class='ocr_line' id='line_1_106' title="bbox 1026 2203 1848 2246; baseline -0.001 -15"><span class='ocrx_word' id='word_1_736' title='bbox 1026 2217 1048 2246; x_wconf 68' lang='grc' dir='ltr'><strong>ί)</strong></span> <span class='ocrx_word' id='word_1_737' title='bbox 1064 2206 1137 2240; x_wconf 79' lang='lat' dir='ltr'><strong>ginta</strong></span> <span class='ocrx_word' id='word_1_738' title='bbox 1155 2204 1361 2238; x_wconf 85' lang='lat' dir='ltr'><strong>lnterpretibns,</strong></span> <span class='ocrx_word' id='word_1_739' title='bbox 1376 2205 1422 2231; x_wconf 88' lang='lat' dir='ltr'><strong>sed</strong></span> <span class='ocrx_word' id='word_1_740' title='bbox 1445 2205 1470 2231; x_wconf 91' lang='lat' dir='ltr'><strong>in</strong></span> <span class='ocrx_word' id='word_1_741' title='bbox 1498 2203 1616 2232; x_wconf 84' lang='lat' dir='ltr'><strong>editione</strong></span> <span class='ocrx_word' id='word_1_742' title='bbox 1632 2204 1746 2238; x_wconf 81' lang='lat' dir='ltr'><strong>Vulgata</strong></span> <span class='ocrx_word' id='word_1_743' title='bbox 1757 2225 1765 2237; x_wconf 87' lang='lat'><strong>,</strong></span> <span class='ocrx_word' id='word_1_744' title='bbox 1790 2212 1848 2238; x_wconf 64' lang='lat' dir='ltr'><strong>quae</strong></span> 
     </span>
    </p>
   </div>
   <div class='ocr_carea' id='block_1_107' title="bbox 1063 2249 1844 2284">
    <p class='ocr_par' dir='ltr' id='par_1_107' title="bbox 1063 2249 1844 2284">
     <span class='ocr_line' id='line_1_107' title="bbox 1063 2249 1844 2284; baseline -0.003 -6"><span class='ocrx_word' id='word_1_745' title='bbox 1063 2250 1156 2278; x_wconf 73' lang='lat' dir='ltr'><strong>Grmce</strong></span> <span class='ocrx_word' id='word_1_746' title='bbox 1170 2249 1246 2284; x_wconf 76' lang='grc' dir='ltr'>κοινὴ</span> <span class='ocrx_word' id='word_1_747' title='bbox 1273 2250 1381 2282; x_wconf 88' lang='lat' dir='ltr'><strong>dicitur,</strong></span> <span class='ocrx_word' id='word_1_748' title='bbox 1399 2254 1425 2276; x_wconf 89' lang='lat' dir='ltr'><strong>et</strong></span> <span class='ocrx_word' id='word_1_749' title='bbox 1451 2250 1477 2276; x_wconf 94' lang='lat' dir='ltr'><strong>in</strong></span> <span class='ocrx_word' id='word_1_750' title='bbox 1495 2254 1550 2276; x_wconf 87' lang='lat' dir='ltr'><strong>toto</strong></span> <span class='ocrx_word' id='word_1_751' title='bbox 1566 2250 1633 2276; x_wconf 92' lang='lat' dir='ltr'><strong>orbe</strong></span> <span class='ocrx_word' id='word_1_752' title='bbox 1647 2250 1755 2277; x_wconf 72' lang='lat' dir='ltr'><strong>diversa</strong></span> <span class='ocrx_word' id='word_1_753' title='bbox 1769 2255 1822 2278; x_wconf 85' lang='lat' dir='ltr'><strong>est.</strong></span> <span class='ocrx_word' id='word_1_754' title='bbox 1835 2260 1844 2276; x_wconf 75' lang='grc' dir='ltr'>ι</span> 
     </span>
    </p>
   </div>
   <div class='ocr_carea' id='block_1_108' title="bbox 1064 2295 1847 2330">
    <p class='ocr_par' dir='ltr' id='par_1_108' title="bbox 1064 2295 1847 2330">
     <span class='ocr_line' id='line_1_108' title="bbox 1064 2295 1847 2330; baseline -0.005 -6"><span class='ocrx_word' id='word_1_755' title='bbox 1064 2296 1236 2330; x_wconf 80' lang='lat' dir='ltr'><strong>Septuaginta</strong></span> <span class='ocrx_word' id='word_1_756' title='bbox 1251 2295 1413 2330; x_wconf 84' lang='lat' dir='ltr'><strong>lnterpretcs</strong></span> <span class='ocrx_word' id='word_1_757' title='bbox 1433 2296 1521 2330; x_wconf 83' lang='lat' dir='ltr'><strong>signat</strong></span> <span class='ocrx_word' id='word_1_758' title='bbox 1534 2296 1567 2322; x_wconf 89' lang='lat' dir='ltr'><strong>ab</strong></span> <span class='ocrx_word' id='word_1_759' title='bbox 1582 2295 1699 2330; x_wconf 83' lang='lat' dir='ltr'><strong>Origene</strong></span> <span class='ocrx_word' id='word_1_760' title='bbox 1719 2296 1847 2323; x_wconf 88' lang='lat' dir='ltr'><strong>emenda-</strong></span> 
     </span>
    </p>
   </div>
   <div class='ocr_carea' id='block_1_109' title="bbox 1064 2339 1846 2378">
    <p class='ocr_par' dir='ltr' id='par_1_109' title="bbox 1064 2339 1846 2378">
     <span class='ocr_line' id='line_1_109' title="bbox 1064 2339 1846 2378; baseline 0.003 -9"><span class='ocrx_word' id='word_1_761' title='bbox 1064 2347 1105 2369; x_wconf 91' lang='lat' dir='ltr'><strong>tos</strong></span> <span class='ocrx_word' id='word_1_762' title='bbox 1115 2347 1141 2369; x_wconf 91' lang='lat' dir='ltr'><strong>et</strong></span> <span class='ocrx_word' id='word_1_763' title='bbox 1154 2342 1180 2368; x_wconf 93' lang='lat' dir='ltr'><strong>in</strong></span> <span class='ocrx_word' id='word_1_764' title='bbox 1195 2341 1313 2376; x_wconf 81' lang='lat' dir='ltr'><strong>Epistola</strong></span> <span class='ocrx_word' id='word_1_765' title='bbox 1324 2341 1356 2368; x_wconf 90' lang='lat' dir='ltr'><strong>ad</strong></span> <span class='ocrx_word' id='word_1_766' title='bbox 1374 2339 1441 2367; x_wconf 92' lang='lat' dir='ltr'><strong>Sun.</strong></span> <span class='ocrx_word' id='word_1_767' title='bbox 1454 2345 1481 2368; x_wconf 84' lang='lat' dir='ltr'><strong>et</strong></span> <span class='ocrx_word' id='word_1_768' title='bbox 1492 2341 1599 2369; x_wconf 84' lang='lat' dir='ltr'><strong>Fretell.</strong></span> <span class='ocrx_word' id='word_1_769' title='bbox 1613 2351 1620 2369; x_wconf 86' lang='lat'><strong>:</strong></span> <span class='ocrx_word' id='word_1_770' title='bbox 1633 2352 1642 2367; x_wconf 75' lang='grc' dir='ltr'><strong><em>ε</em></strong></span> <span class='ocrx_word' id='word_1_771' title='bbox 1657 2342 1744 2378; x_wconf 83' lang='grc' dir='ltr'>Κοινὴ</span> <span class='ocrx_word' id='word_1_772' title='bbox 1759 2349 1846 2371; x_wconf 82' lang='lat' dir='ltr'><strong>autent</strong></span> 
     </span>
    </p>
   </div>
   <div class='ocr_carea' id='block_1_110' title="bbox 1063 2386 1846 2423">
    <p class='ocr_par' dir='ltr' id='par_1_110' title="bbox 1063 2386 1846 2423">
     <span class='ocr_line' id='line_1_110' title="bbox 1063 2386 1846 2423; baseline 0.004 -9"><span class='ocrx_word' id='word_1_773' title='bbox 1063 2388 1123 2419; x_wconf 88' lang='lat' dir='ltr'><strong>ista,</strong></span> <span class='ocrx_word' id='word_1_774' title='bbox 1142 2388 1192 2414; x_wconf 92' lang='lat' dir='ltr'><strong>hoc</strong></span> <span class='ocrx_word' id='word_1_775' title='bbox 1212 2393 1253 2414; x_wconf 90' lang='lat' dir='ltr'><strong>est</strong></span> <span class='ocrx_word' id='word_1_776' title='bbox 1275 2386 1424 2415; x_wconf 89' lang='lat' dir='ltr'><strong>communis</strong></span> <span class='ocrx_word' id='word_1_777' title='bbox 1435 2387 1527 2420; x_wconf 89' lang='lat' dir='ltr'><strong>editio,</strong></span> <span class='ocrx_word' id='word_1_778' title='bbox 1548 2387 1603 2421; x_wconf 89' lang='lat' dir='ltr'><strong>ipsa</strong></span> <span class='ocrx_word' id='word_1_779' title='bbox 1625 2393 1667 2415; x_wconf 89' lang='lat' dir='ltr'><strong>est</strong></span> <span class='ocrx_word' id='word_1_780' title='bbox 1679 2396 1740 2423; x_wconf 64' lang='lat' dir='ltr'><strong>quae</strong></span> <span class='ocrx_word' id='word_1_781' title='bbox 1755 2395 1782 2416; x_wconf 87' lang='lat' dir='ltr'><strong>et</strong></span> <span class='ocrx_word' id='word_1_782' title='bbox 1801 2391 1846 2417; x_wconf 85' lang='lat' dir='ltr'><strong>Se-</strong></span> 
     </span>
    </p>
   </div>
   <div class='ocr_carea' id='block_1_111' title="bbox 1065 2432 1844 2470">
    <p class='ocr_par' dir='ltr' id='par_1_111' title="bbox 1065 2432 1844 2470">
     <span class='ocr_line' id='line_1_111' title="bbox 1065 2432 1844 2470; baseline 0.006 -13"><span class='ocrx_word' id='word_1_783' title='bbox 1065 2432 1219 2466; x_wconf 80' lang='lat' dir='ltr'><strong>ptuaginta;</strong></span> <span class='ocrx_word' id='word_1_784' title='bbox 1238 2433 1284 2459; x_wconf 86' lang='lat' dir='ltr'><strong>sed</strong></span> <span class='ocrx_word' id='word_1_785' title='bbox 1299 2433 1350 2459; x_wconf 87' lang='lat' dir='ltr'><strong>ltoc</strong></span> <span class='ocrx_word' id='word_1_786' title='bbox 1371 2433 1484 2460; x_wconf 87' lang='lat' dir='ltr'><strong>interest</strong></span> <span class='ocrx_word' id='word_1_787' title='bbox 1506 2433 1577 2460; x_wconf 88' lang='lat' dir='ltr'><strong>inter</strong></span> <span class='ocrx_word' id='word_1_788' title='bbox 1601 2439 1758 2469; x_wconf 88' lang='lat' dir='ltr'><strong>utramque,</strong></span> <span class='ocrx_word' id='word_1_789' title='bbox 1778 2437 1844 2470; x_wconf 87' lang='lat' dir='ltr'><strong>quod</strong></span> 
     </span>
    </p>
   </div>
   <div class='ocr_carea' id='block_1_112' title="bbox 1068 2478 1845 2514">
    <p class='ocr_par' dir='ltr' id='par_1_112' title="bbox 1068 2478 1845 2514">
     <span class='ocr_line' id='line_1_112' title="bbox 1068 2478 1845 2514; baseline 0.006 -10"><span class='ocrx_word' id='word_1_790' title='bbox 1068 2478 1142 2513; x_wconf 80' lang='grc' dir='ltr'>κοινὴ</span> <span class='ocrx_word' id='word_1_791' title='bbox 1156 2486 1204 2512; x_wconf 91' lang='lat' dir='ltr'><strong>pro</strong></span> <span class='ocrx_word' id='word_1_792' title='bbox 1218 2478 1284 2505; x_wconf 86' lang='lat' dir='ltr'><strong>locis</strong></span> <span class='ocrx_word' id='word_1_793' title='bbox 1293 2483 1320 2506; x_wconf 90' lang='lat' dir='ltr'><strong>et</strong></span> <span class='ocrx_word' id='word_1_794' title='bbox 1333 2479 1512 2514; x_wconf 79' lang='lat' dir='ltr'><strong>temporibus.</strong></span> <span class='ocrx_word' id='word_1_795' title='bbox 1527 2484 1555 2507; x_wconf 89' lang='lat' dir='ltr'><strong>et.</strong></span> <span class='ocrx_word' id='word_1_796' title='bbox 1566 2488 1614 2514; x_wconf 88' lang='lat' dir='ltr'><strong>pro</strong></span> <span class='ocrx_word' id='word_1_797' title='bbox 1628 2481 1768 2508; x_wconf 84' lang='lat' dir='ltr'><strong>voluntate</strong></span> <span class='ocrx_word' id='word_1_798' title='bbox 1784 2482 1845 2509; x_wconf 79' lang='lat' dir='ltr'><strong>st-ri-</strong></span> 
     </span>
    </p>
   </div>
   <div class='ocr_carea' id='block_1_113' title="bbox 1065 2526 1845 2562">
    <p class='ocr_par' dir='ltr' id='par_1_113' title="bbox 1065 2526 1845 2562">
     <span class='ocr_line' id='line_1_113' title="bbox 1065 2526 1845 2562; baseline 0.008 -13"><span class='ocrx_word' id='word_1_799' title='bbox 1065 2529 1169 2558; x_wconf 89' lang='lat' dir='ltr'><strong>ptorutn</strong></span> <span class='ocrx_word' id='word_1_800' title='bbox 1185 2528 1304 2551; x_wconf 86' lang='lat' dir='ltr'><strong>veterum</strong></span> <span class='ocrx_word' id='word_1_801' title='bbox 1321 2531 1446 2559; x_wconf 87' lang='lat' dir='ltr'><strong>corrupta</strong></span> <span class='ocrx_word' id='word_1_802' title='bbox 1465 2526 1548 2553; x_wconf 89' lang='lat' dir='ltr'><strong>editio</strong></span> <span class='ocrx_word' id='word_1_803' title='bbox 1563 2530 1613 2553; x_wconf 88' lang='lat' dir='ltr'><strong>est.</strong></span> <span class='ocrx_word' id='word_1_804' title='bbox 1627 2526 1665 2552; x_wconf 86' lang='lat' dir='ltr'><strong>Ea</strong></span> <span class='ocrx_word' id='word_1_805' title='bbox 1681 2534 1772 2555; x_wconf 86' lang='lat' dir='ltr'><strong>autem</strong></span> <span class='ocrx_word' id='word_1_806' title='bbox 1789 2536 1845 2562; x_wconf 77' lang='lat' dir='ltr'><strong>qua:</strong></span> 
     </span>
    </p>
   </div>
   <div class='ocr_carea' id='block_1_114' title="bbox 1067 2569 1843 2607">
    <p class='ocr_par' dir='ltr' id='par_1_114' title="bbox 1067 2569 1843 2607">
     <span class='ocr_line' id='line_1_114' title="bbox 1067 2569 1843 2607; baseline 0.006 -13"><span class='ocrx_word' id='word_1_807' title='bbox 1067 2569 1182 2596; x_wconf 84' lang='lat' dir='ltr'><strong>habetur</strong></span> <span class='ocrx_word' id='word_1_808' title='bbox 1200 2570 1224 2596; x_wconf 89' lang='lat' dir='ltr'><strong>itt</strong></span> <span class='ocrx_word' id='word_1_809' title='bbox 1246 2570 1396 2604; x_wconf 81' lang='grc' dir='ltr'><strong>Ἐξαπλοῖς,</strong></span> <span class='ocrx_word' id='word_1_810' title='bbox 1414 2577 1441 2597; x_wconf 94' lang='lat' dir='ltr'><strong>et</strong></span> <span class='ocrx_word' id='word_1_811' title='bbox 1456 2578 1537 2606; x_wconf 92' lang='lat' dir='ltr'><strong>quam</strong></span> <span class='ocrx_word' id='word_1_812' title='bbox 1553 2578 1602 2598; x_wconf 88' lang='lat' dir='ltr'><strong>nos</strong></span> <span class='ocrx_word' id='word_1_813' title='bbox 1626 2571 1771 2604; x_wconf 85' lang='lat' dir='ltr'><strong>vertimus,</strong></span> <span class='ocrx_word' id='word_1_814' title='bbox 1794 2573 1843 2607; x_wconf 65' lang='lat' dir='ltr'><strong>ipsi</strong></span> 
     </span>
    </p>
   </div>
   <div class='ocr_carea' id='block_1_115' title="bbox 1065 2616 1844 2652">
    <p class='ocr_par' dir='ltr' id='par_1_115' title="bbox 1065 2616 1844 2652">
     <span class='ocr_line' id='line_1_115' title="bbox 1065 2616 1844 2652; baseline 0.004 -10"><span class='ocrx_word' id='word_1_815' title='bbox 1065 2620 1106 2643; x_wconf 83' lang='lat' dir='ltr'><strong>est</strong></span> <span class='ocrx_word' id='word_1_816' title='bbox 1117 2623 1177 2650; x_wconf 71' lang='lat' dir='ltr'><strong>qute</strong></span> <span class='ocrx_word' id='word_1_817' title='bbox 1192 2616 1217 2643; x_wconf 89' lang='lat' dir='ltr'><strong>in</strong></span> <span class='ocrx_word' id='word_1_818' title='bbox 1234 2618 1398 2644; x_wconf 89' lang='lat' dir='ltr'><strong>erttditorum</strong></span> <span class='ocrx_word' id='word_1_819' title='bbox 1413 2617 1490 2645; x_wconf 85' lang='lat' dir='ltr'><strong>libris</strong></span> <span class='ocrx_word' id='word_1_820' title='bbox 1509 2618 1664 2652; x_wconf 84' lang='lat' dir='ltr'><strong>incorrupta</strong></span> <span class='ocrx_word' id='word_1_821' title='bbox 1680 2624 1709 2646; x_wconf 88' lang='lat' dir='ltr'><strong>et</strong></span> <span class='ocrx_word' id='word_1_822' title='bbox 1721 2619 1844 2646; x_wconf 68' lang='lat' dir='ltr'><strong>immacu-</strong></span> 
     </span>
    </p>
   </div>
   <div class='ocr_carea' id='block_1_116' title="bbox 1066 2661 1842 2698">
    <p class='ocr_par' dir='ltr' id='par_1_116' title="bbox 1066 2661 1842 2698">
     <span class='ocr_line' id='line_1_116' title="bbox 1066 2661 1842 2698; baseline 0.005 -11"><span class='ocrx_word' id='word_1_823' title='bbox 1066 2661 1119 2688; x_wconf 89' lang='lat' dir='ltr'><strong>lata</strong></span> <span class='ocrx_word' id='word_1_824' title='bbox 1135 2661 1308 2697; x_wconf 82' lang='lat' dir='ltr'><strong>Septuaginta</strong></span> <span class='ocrx_word' id='word_1_825' title='bbox 1327 2662 1504 2698; x_wconf 85' lang='lat' dir='ltr'><strong>lnterpretum</strong></span> <span class='ocrx_word' id='word_1_826' title='bbox 1523 2663 1663 2691; x_wconf 88' lang='lat' dir='ltr'><strong>translatio</strong></span> <span class='ocrx_word' id='word_1_827' title='bbox 1684 2670 1842 2692; x_wconf 81' lang='lat' dir='ltr'><strong>reservatur.</strong></span> 
     </span>
    </p>
   </div>
   <div class='ocr_carea' id='block_1_117' title="bbox 852 2740 1138 2776">
    <p class='ocr_par' dir='ltr' id='par_1_117' title="bbox 852 2740 1138 2776">
     <span class='ocr_line' id='line_1_117' title="bbox 852 2740 1138 2776; baseline 0.007 -10"><span class='ocrx_word' id='word_1_828' title='bbox 852 2740 875 2755; x_wconf 78' lang='lat'>“</span> <span class='ocrx_word' id='word_1_829' title='bbox 887 2740 957 2768; x_wconf 87' lang='lat' dir='ltr'><strong>Psal.</strong></span> <span class='ocrx_word' id='word_1_830' title='bbox 972 2748 1081 2776; x_wconf 73' lang='lat' dir='ltr'><strong>urxrv,</strong></span> <span class='ocrx_word' id='word_1_831' title='bbox 1097 2741 1138 2770; x_wconf 80' lang='lat' dir='ltr'><strong>ll.</strong></span> 
     </span>
    </p>
   </div>
   <div class='ocr_carea' id='block_1_118' title="bbox 1062 2790 1845 2826">
    <p class='ocr_par' dir='ltr' id='par_1_118' title="bbox 1062 2790 1845 2826">
     <span class='ocr_line' id='line_1_118' title="bbox 1062 2790 1845 2826; baseline -0.001 -8"><span class='ocrx_word' id='word_1_832' title='bbox 1062 2796 1090 2818; x_wconf 90' lang='lat' dir='ltr'><strong>ut</strong></span> <span class='ocrx_word' id='word_1_833' title='bbox 1103 2791 1216 2826; x_wconf 55' lang='lat' dir='ltr'><strong>videtur,</strong></span> <span class='ocrx_word' id='word_1_834' title='bbox 1232 2798 1311 2825; x_wconf 82' lang='lat' dir='ltr'><strong>quant</strong></span> <span class='ocrx_word' id='word_1_835' title='bbox 1328 2790 1489 2825; x_wconf 74' lang='lat' dir='ltr'><strong>Origeuiano</strong></span> <span class='ocrx_word' id='word_1_836' title='bbox 1506 2791 1674 2825; x_wconf 84' lang='lat' dir='ltr'><strong>exemplari,</strong></span> <span class='ocrx_word' id='word_1_837' title='bbox 1700 2792 1773 2825; x_wconf 79' lang='lat' dir='ltr'><strong>quod</strong></span> <span class='ocrx_word' id='word_1_838' title='bbox 1803 2799 1845 2826; x_wconf 76' lang='lat' dir='ltr'><strong>po-</strong></span> 
     </span>
    </p>
   </div>
   <div class='ocr_carea' id='block_1_119' title="bbox 1063 2825 1844 2861">
    <p class='ocr_par' dir='ltr' id='par_1_119' title="bbox 1063 2825 1844 2861">
     <span class='ocr_line' id='line_1_119' title="bbox 1063 2825 1844 2861; baseline 0 -7"><span class='ocrx_word' id='word_1_839' title='bbox 1063 2831 1190 2854; x_wconf 88' lang='lat' dir='ltr'><strong>stremum</strong></span> <span class='ocrx_word' id='word_1_840' title='bbox 1202 2825 1332 2861; x_wconf 80' lang='lat' dir='ltr'><strong>Pamphili</strong></span> <span class='ocrx_word' id='word_1_841' title='bbox 1345 2831 1371 2854; x_wconf 84' lang='lat' dir='ltr'><strong>et</strong></span> <span class='ocrx_word' id='word_1_842' title='bbox 1388 2826 1495 2854; x_wconf 80' lang='lat' dir='ltr'><strong>Eusebii</strong></span> <span class='ocrx_word' id='word_1_843' title='bbox 1512 2834 1593 2861; x_wconf 81' lang='lat' dir='ltr'><strong>opera</strong></span> <span class='ocrx_word' id='word_1_844' title='bbox 1611 2828 1844 2854; x_wconf 55' lang='lat' dir='ltr'><strong>emendutumat;</strong></span> 
     </span>
    </p>
   </div>
  </div>
