1908 3071
63 136 134 164 1249

486 129 772 159 ORIGENIANORUM
791 128 855 157 ΜΒ.
877 128 921 160 Ill,
941 127 1018 155 CAP.
1038 127 1070 159 II,
1092 126 1188 154 SECT.
1210 126 1251 154 IV.

1623 124 1691 151 1⁵250

63 191 200 228 Quidquid
225 197 289 224 ergo
304 191 338 218 ab
358 191 410 217 hac
425 189 570 223 discrepat,
598 187 664 215 nulli
686 187 797 214 dubium
813 190 855 213 est
870 189 892 216 Α
907 185 962 211 bat.
978 183 1071 211 Media
1087 190 1165 210 nner-
1181 183 1231 210 has
1247 182 1395 217 provinciae
1410 181 1568 209 Patrestinos
1586 181 1693 208 codices

64 240 131 275 quin
146 239 183 266 ita
200 242 227 265 et
246 237 280 264 ab
302 236 475 263 Hebraeorum
499 234 660 262 auctoritate
682 233 828 259 discordet.
840 239 851 257 ο

905 231 1014 265 legunt;
1037 237 1104 264 quos
1130 229 1164 256 ab
1188 228 1306 263 Origene
1334 228 1486 255 elaboratos
1512 226 1643 254 Eusebius
1669 231 1696 254 et

64 273 213 313 Confundit
232 290 295 310 vero
307 283 371 313 τοὺς
385 281 412 308 0'
424 289 485 308 cuin
501 280 614 315 Vulgata
632 279 678 307 lib.
694 285 722 306 Ix
735 279 764 305 in
774 277 854 304 Isaia:
902 276 1062 311 Pamphilus
1079 275 1260 309 vulgaverunt
1274 295 1281 306 ,
1305 279 1432 308 totusqtte
1458 273 1533 300 orbis
1555 273 1607 300 hac
1625 273 1696 300 inter

64 340 133 363 xxx,
149 331 195 358 ΞΟ.
219 329 364 360 «Multum,
386 328 483 364 inquit,
502 328 527 354 in
541 327 591 354 ltoc
604 326 664 353 loco
679 325 855 360 Septuaginta

64 378 163 409 editio,
177 375 393 409 Hebraicumque
409 373 577 401 discordant.
602 372 723 399 Primum
741 377 808 405 ergo
824 370 857 396 de

67 422 184 457 Vulgata
200 422 388 449 tractabimus.
403 430 412 447 ι
434 419 573 454 Vulgatam
596 418 741 445 editionem
766 415 859 451 appel-

66 470 107 497 lat
119 470 182 501 τοὺς
198 469 236 500 0'.
253 475 367 504 quorum
393 467 475 494 verba
503 465 606 501 profert
631 473 638 493 :
654 463 756 500 profert
770 467 858 489 autem

67 516 103 543 de
131 515 270 549 Hexapiia.
300 514 331 541 Et
347 513 373 540 in
388 512 497 540 Praefat.
518 512 670 540 Comment.
687 511 714 537 in
733 509 836 536 Daniel.
851 517 858 535 :

70 571 80 588 ι
94 561 229 596 Origenes
253 560 287 588 de
303 558 498 586 Theodotionis
513 565 595 593 opere
609 558 642 590 in
665 556 782 584 editione
798 554 862 581 Vul-

68 614 135 643 gata
153 607 300 634 asteriscos
317 605 418 640 posuit.
435 614 444 630 ι
463 604 495 631 Ει
515 604 542 630 in
560 602 678 638 Epistola
697 601 729 628 ad
750 600 862 628 Suniam

68 658 97 680 et
113 652 226 680 Fretell.
245 661 254 677 ‹
273 651 348 678 Licet
362 650 387 677 in
403 649 580 684 Septuaginta
595 652 623 675 et
644 647 670 674 in
688 647 814 681 Hexaplia
827 646 863 672 ita

69 698 235 733 repererim.
249 707 258 723 ι
279 697 334 724 Hoc
352 700 394 724 est
411 695 436 722 in
453 694 577 730 Vulgata,
594 699 620 721 et
635 693 662 721 in
677 693 721 720 illa
735 691 866 727 llexapla-

68 753 142 772 nun.
165 743 278 778 Vulgata
300 741 440 777 speciatim
459 745 487 768 et
505 740 614 776 proprie
634 739 706 766 dicta
723 738 867 765 utebantur

71 792 159 819 Sunia
176 795 202 818 el
218 789 343 821 Fretella,
360 787 411 822 piae
430 793 458 815 ct
477 787 592 815 erudilze
606 785 714 813 femina:
729 793 735 811 :
753 782 867 810 multum

70 838 119 865 illa
135 845 149 864 a
163 836 325 872 primigenio
341 833 488 869 exemplari
502 831 660 860 deﬂexerat.
679 830 724 858 Hae
739 833 869 864 rogarunt

71 883 283 917 Hieronymum,
300 885 329 908 ut
345 880 522 915 plurimorunt
541 876 668 904 Psalterii
690 875 822 906 locorum,
838 874 864 901 in

71 930 174 965 quibus
191 929 284 956 Gratca
303 935 317 954 a
333 926 437 953 Latinis
458 923 643 956 dissonabant,
663 921 810 956 legitimam
828 919 865 947 le-

72 977 194 1005 ctionem
209 982 243 1002 ex
259 973 388 1001 Hebraica
405 972 519 999 veritate
545 970 596 997 sibi
614 969 741 996 traderet.
763 966 864 994 Morem

73 1022 160 1058 gessit
171 1021 361 1056 Hieronymus,
374 1023 401 1045 et
416 1018 546 1053 prolixam
558 1016 700 1050 rescripsit
711 1013 865 1048 epistolam,

73 1077 111 1097 ex
133 1068 212 1104 cujus
231 1066 385 1095 evolutioite
410 1065 510 1096 discas,
538 1062 605 1098 quid
623 1061 767 1095 Vulgatam
795 1059 866 1086 inter

73 1115 234 1144 editionem,
247 1117 275 1139 et
288 1111 360 1138 illam
380 1117 440 1145 quae
454 1109 564 1144 jacebat
581 1108 608 1134 in
621 1105 760 1141 Πεπαριὶε,
774 1104 867 1132 discri-

76 1162 160 1189 minis
173 1158 337 1188 interfuerit.

113 1227 160 1256 l-X.
181 1227 249 1254 Dum
266 1226 336 1253 hanc
355 1222 537 1251 emaculandis
561 1220 737 1257 Septuaginta
753 1218 867 1246 Senibus

77 1274 219 1303 navabant
242 1279 352 1307 operam
371 1269 504 1297 Eusebius
529 1273 557 1296 et
569 1267 743 1302 Pamphilus;
770 1265 867 1293 similis

78 1328 149 1348 cura
171 1316 336 1354 ilesychium
355 1315 518 1343 monachum
541 1314 568 1341 in
584 1313 710 1348 Egypto,
729 1316 756 1339 et
769 1311 867 1338 Luci:-

80 1374 147 1395 num
161 1364 312 1392 Antiochiae
336 1362 431 1390 eodem
448 1361 559 1388 circiter
580 1365 699 1393 tempore
712 1358 866 1385 exercebat.

80 1412 117 1440 Hi
133 1412 250 1447 priscam
278 1409 351 1436 illam
364 1407 524 1438 editionem,
538 1404 629 1440 κοινὴν
648 1404 760 1435 dictam,
782 1402 869 1429 defor-

81 1465 155 1486 mem
170 1456 286 1489 mendis,
312 1460 338 1482 et
355 1453 490 1481 sexcentis
503 1452 625 1478 vitiatam
641 1450 706 1477 locis
726 1454 830 1476 mutare
842 1448 868 1474 in

79 1503 181 1532 melius
197 1500 315 1538 aggressi
329 1503 402 1528 sunt.
421 1498 555 1526 Adliibitis
567 1504 631 1532 ergo
648 1495 762 1523 vetustis
774 1494 870 1529 Vulga-

906 329 936 349 se
951 321 1054 348 trifaria
1067 320 1201 348 varietate
1213 325 1386 355 compugnat.
1403 328 1413 345 ι

943 386 977 414 Χ.
992 386 1124 414 Caeterum
1140 385 1196 412 veri
1213 385 1278 412 mihi
1292 385 1397 412 videtur
1415 384 1589 417 simillimutn,
1601 384 1698 411 Lucia-

909 441 973 461 num
987 433 1086 467 ipsum,
1106 436 1133 459 et
1146 430 1309 465 Hesychium
1323 438 1382 457 cum
1399 430 1490 466 κοινὴν
1507 430 1696 461 emendabant,

910 483 940 505 ut
953 477 1078 513 Origcuis
1100 475 1278 503 imitabantur
1298 475 1427 507 studium,
1446 476 1481 502 ita
1502 475 1699 503 emendationis

913 525 1046 552 rationem
1065 522 1194 555 tenuisse,
1212 526 1239 549 et
1255 521 1342 549 obelis
1361 528 1393 548 ac
1408 521 1544 548 asteriscis
1555 521 1647 557 κοινὴν
1659 521 1700 548 di-

913 572 1050 603 stinxisse,
1065 571 1143 606 eique
1157 569 1349 597 Tlteodotionis
1362 569 1474 597 lacinias
1490 569 1617 596 assuisse.
1631 568 1700 596 Cum

915 617 986 645 enim
1001 622 1105 644 certum
1128 616 1163 644 sit
1185 615 1333 651 Egyptum
1350 623 1382 643 ac
1403 615 1509 651 Syriam
1532 615 1702 651 Hesycltiiet

915 663 1026 691 Luciani
1045 662 1207 689 editionibus
1224 669 1285 689 esse
1302 669 1382 694 usas;
1407 669 1457 689 nec
1485 662 1575 688 minus
1597 650 1700 688 certum

917 711 952 738 sit
965 717 1025 744 qua:
1048 709 1079 736 iis
1107 709 1132 735 in
1157 709 1314 743 regionibus
1345 708 1545 742 usurpabantur
1570 708 1702 735 editiones

917 756 970 782 τῶν
982 757 1018 786 0’,
1031 755 1114 783 obelis
1127 754 1209 782 fuisse
1223 759 1250 782 et
1259 755 1397 782 asteriscis
1411 755 1540 790 signatas,
1553 754 1630 789 plane
1642 754 1704 781 hinc

919 802 1031 830 efficitur
1041 801 1165 836 Ilesycbii
1178 806 1204 828 et
1220 800 1331 828 Luciani
1348 801 1478 828 editiones
1495 806 1601 828 notatas
1620 801 1705 828 fuisse

919 848 1004 877 obelis
1024 853 1050 874 et
1067 847 1213 874 asteriscis.
1232 846 1412 882 Hieronymus
1430 848 1455 874 in
1472 847 1607 875 Proemio
1623 847 1704 875 Cont-

920 899 1002 922 mcnt.
1027 894 1131 921 Daniel.
1157 893 1232 920 «Sed
1260 898 1286 920 et
1309 892 1439 928 Origenes
1460 893 1494 921 de
1515 893 1706 921 Theodotionis

915 947 997 976 opere
1015 940 1040 967 itt
1054 939 1172 967 editione
1191 939 1306 974 Vulgata
1324 940 1470 967 asteriscos
1483 941 1585 974 posuit,
1606 940 1707 968 docens

916 987 1034 1014 defuisse
1049 994 1108 1021 qua:
1122 987 1212 1013 addita
1226 992 1305 1019 sunt;
1322 990 1349 1013 et
1363 994 1456 1013 rursus
1468 986 1598 1021 quosdam
1612 994 1706 1014 versus

916 1033 1179 1068 obelispraznotavit,
1191 1032 1325 1066 superflua
1336 1040 1450 1067 quasque
1461 1033 1616 1067 designans.
1625 1033 1706 1060 Cum-

917 1087 969 1114 que
984 1087 1077 1107 omnes
1091 1079 1194 1106 Christi
1211 1079 1350 1111 Ecclesiae,
1374 1084 1428 1106 tam
1449 1078 1605 1106 Graecorum
1626 1087 1706 1114 quatit

916 1125 1084 1158 Latinorum,
1102 1124 1290 1160 Syrorumque
1318 1131 1345 1153 et
1357 1125 1560 1162 Egyptiorum,
1575 1126 1644 1153 hanc
1657 1126 1708 1153 sub

917 1172 1054 1199 asteriscis
1071 1177 1098 1199 et
1110 1172 1196 1199 obelis
1211 1172 1361 1199 editionem
1380 1172 1480 1207 legant,
1505 1173 1647 1207 ignoscmit
1668 1173 1708 1200 in-

916 1219 971 1246 vidi
999 1219 1086 1246 labori
1112 1227 1182 1251 meo,
1200 1220 1246 1254 qtti
1273 1220 1344 1246 volui
1369 1220 1473 1247 habere
1499 1226 1617 1251 nostros,
1636 1222 1706 1255 quod

917 1265 1003 1293 Graeci
1030 1267 1056 1292 in
1081 1265 1195 1300 Aquilze,
1225 1271 1253 1293 et
1268 1265 1474 1298 Theodotionis,
1507 1274 1539 1294 ac
1554 1266 1709 1302 Symmachi

918 1311 1080 1339 editionibus
1097 1311 1239 1339 lectitant:
1258 1321 1268 1338 ι
1284 1317 1311 1340 et
1325 1312 1351 1339 in
1371 1313 1457 1347 Epist.
1475 1312 1520 1345 89,
1536 1313 1571 1341 ad
1579 1313 1708 1348 Augusti-

919 1366 994 1392 num,
1006 1366 1065 1393 cap.
1081 1358 1097 1385 6
1113 1368 1119 1386 :
1137 1367 1146 1384 ι
1161 1358 1207 1386 Vis
1232 1364 1337 1386 amator
1357 1366 1417 1387 esse
1429 1367 1507 1387 verus
1533 1360 1710 1395 Septuaginta

919 1404 1119 1439 lnterpretum‘l
1138 1413 1190 1432 non
1207 1405 1281 1440 legas
1297 1413 1326 1432 ea
1341 1413 1401 1440 quae
1419 1406 1467 1433 sub
1485 1406 1625 1433 asteriscis
1637 1412 1710 1439 sunt,

920 1452 974 1479 imo
989 1452 1052 1479 rade
1076 1453 1110 1479 de
1124 1452 1316 1484 voluminibus,
1342 1457 1370 1478 ut
1385 1456 1506 1479 veterum
1530 1458 1555 1480 te
1577 1453 1709 1480 fautorem

920 1498 1018 1532 probes
1034 1506 1042 1524 :
1059 1497 1129 1532 quod
1143 1498 1165 1524 si
1184 1497 1291 1528 feceris,
1310 1505 1404 1524 omnes
1423 1497 1604 1525 Ecclesiarum
1621 1498 1714 1525 biblio-

82 1556 120 1578 ιω
136 1548 215 1583 hujus
231 1545 460 1582 interpretationis
475 1543 673 1578 exemplaribus
690 1550 745 1569 rem
762 1541 798 1568 ita
811 1547 869 1575 ges-
884 1538 904 1566 C
923 1545 1015 1572 thecas
1039 1545 1169 1571 damnare
1181 1544 1305 1579 cogeris;
1323 1544 1364 1571 vix
1387 1545 1457 1570 enim
1477 1552 1545 1572 unus
1571 1550 1616 1571 am
1643 1545 1711 1572 alter

82 1601 189 1628 serunt,
208 1601 235 1623 ut
247 1601 369 1622 recusam
379 1593 412 1620 ab
426 1591 560 1627 Hesychio
577 1590 720 1617 editionem
737 1587 871 1622 Egyptus

84 1643 211 1679 amplexa
229 1642 266 1669 sit
283 1650 290 1668 :
308 1647 390 1675 quam
401 1646 465 1666 vero
486 1638 589 1664 recoxit
604 1636 751 1665 anianus,
766 1633 799 1660 ab
813 1632 872 1659 uni-

84 1678 174 1718 versis
187 1688 298 1723 probata
311 1691 340 1714 et
355 1688 483 1720 usurpata
498 1684 534 1710 sit
547 1682 711 1717 regionibus.
732 1686 790 1714 quae
803 1678 873 1705 Con-

85 1733 290 1768 stantinopolim
318 1736 346 1759 et
360 1729 530 1758 Antiochiam
552 1727 728 1761 interiacent;
744 1733 805 1752 nam
821 1723 873 1750 Hc-

86 1781 210 1810 braicam
224 1779 305 1806 etiam
328 1777 468 1804 veritatem
483 1773 652 1802 consuluisse
670 1772 767 1803 fertur,
781 1770 815 1797 ab
825 1777 873 1796 eo-

89 1834 143 1862 que
156 1823 298 1853 emendata
320 1822 403 1850 Vetus
420 1821 464 1848 illa
483 1820 596 1854 Vulgata
616 1818 724 1845 nomine
740 1818 823 1851 ipsius
836 1815 875 1842 af-

89 1873 160 1900 ferta
175 1876 225 1899 est.
242 1870 423 1904 Hieronymus
435 1868 460 1894 in
476 1866 560 1901 Epist.
577 1865 610 1892 ad
624 1864 691 1891 Sun.
703 1868 730 1890 et
747 1862 873 1890 Fretell.:

91 1927 101 1944 ε
116 1916 145 1943 In
165 1923 219 1951 quo
242 1914 361 1942 breviter
384 1912 449 1939 illud
465 1912 608 1942 admoneo,
626 1914 655 1936 ut
678 1907 771 1935 sciatis
795 1907 874 1934 aliam

89 1970 151 1990 esse
167 1961 325 1992 editionem,
345 1965 425 1993 quant
441 1957 570 1992 Origenes
585 1959 612 1982 et
632 1953 807 1982 Cmsariensis
822 1952 875 1979 Eu-

91 2009 194 2039 sebius,
214 2011 362 2039 clunesque
378 2002 490 2031 Gracia!
506 2006 663 2028 tractatores
677 1998 779 2033 κοινὴν,
795 1997 822 2024 id
836 2002 878 2024 est

91 2055 263 2083 Communem
284 2049 429 2085 appellant,
449 2054 531 2083 atque
548 2046 699 2081 Vulgatam,
713 2048 740 2071 et
753 2051 768 2070 a
783 2043 878 2077 pleris-

91 2109 147 2138 que
171 2108 241 2127 nunc
266 2098 440 2128 Λουκιάνειος
463 2095 580 2125 dicitur;
604 2092 682 2118 aliam
704 2089 877 2124 Septuaginta

92 2135 285 2181 interpretum,
297 2152 357 2180 quae
367 2148 395 2170 et
410 2143 435 2169 in
450 2138 612 2173 Ἐξαπλοῖς
626 2137 770 2171 εοιϋείὺιιε⁷
780 2135 880 2170 reperi-

91 2199 149 2226 tur,
163 2198 191 2221 et
205 2201 220 2220 ι
236 2191 312 2219 nobis
325 2192 350 2217 in
364 2189 488 2217 Latittum
511 2193 661 2214 sermonem
677 2183 790 2212 fideliter
801 2188 878 2209 versa

93 2245 148 2272 est,
165 2244 192 2266 et
209 2236 393 2271 Jerosolyutze,
407 2239 494 2269 latque
510 2233 536 2260 in
558 2231 678 2259 Orientis
691 2228 821 2257 Ecclesiis
832 2227 880 2254 de—

94 2291 232 2314 cantatur.
248 2293 256 2310 ι

132 2351 218 2385 Igitur
230 2347 388 2384 qnintuplcx
410 2351 469 2381 post
485 2345 555 2372 banc
579 2348 684 2371 aetatem
707 2341 882 2377 Septuaginta

93 2398 277 2431 Interpretum
289 2394 372 2422 editio
388 2393 477 2420 habita
493 2397 534 2419 est
546 2400 553 2423 ;
569 2389 684 2431 Vulgata
696 2394 781 2421 vetus,
794 2388 885 2422 Orige-

98 2445 191 2474 niana,
220 2441 382 2472 Eusebiana,
408 2439 452 2466 illa
472 2437 595 2468 aniani,
616 2426 752 2470 et‘quinta
779 2435 884 2461 demunt

94 2488 240 2523 llesychii.
258 2487 312 2514 Sed
329 2485 454 2521 quoniam
479 2492 511 2512 ex
531 2482 659 2517 Hexaplis
684 2481 802 2516 profecta
825 2485 885 2507 erat

99 2534 266 2564 Eusebiana,
279 2540 328 2567 pro
345 2540 398 2559 una
423 2530 571 2564 eademque
598 2533 713 2562 utraque
731 2527 820 2554 habita
833 2530 884 2554 est.

100 2583 169 2616 Qua:
185 2588 248 2608 vero
264 2580 313 2615 τῆς
328 2578 420 2613 κοινῆς
439 2576 601 2611 exemplaria
620 2578 777 2609 supererant
791 2574 816 2600 in
831 2578 887 2600 stu-

101 2630 241 2657 diosorum
265 2625 436 2653 bibliothecis
450 2623 653 2651 delitescebant.
674 2622 761 2655 Atque
775 2621 810 2647 ita
824 2619 888 2646 licet

102 2676 224 2710 quinque
238 2680 331 2700 revera
356 2674 494 2698 exstarent
522 2671 574 2696 hoc
599 2673 719 2703 tempore
745 2667 887 2698 editiones,

103 2722 187 2748 trium
201 2720 333 2746 duntaxat
343 2723 408 2744 usus
426 2720 484 2742 erat
497 2716 523 2741 in
539 2715 681 2742 Ecclesiis.
700 2723 710 2740 ι
723 2713 888 2740 Alexandria

103 2772 131 2806 et
152 2764 295 2799 Egyptus,
320 2763 406 2796 inquit
421 2761 611 2797 Hieronymus,
636 2771 644 2787 ι
670 2762 694 2788 in
714 2760 890 2795 Septuaginta

104 2811 163 2839 suis
179 2809 341 2845 Hesychium
370 2807 460 2835 laudat
483 2812 619 2834 auctarem
644 2805 892 2841 Constantinopolis

106 2864 194 2892 usqtte
208 2855 377 2884 Antiochiam
390 2851 500 2882 Luciani
514 2854 641 2887 martyris
652 2853 815 2888 exemplaria
828 2859 892 2888 pro-

923 1589 1058 1617 invenitur
1073 1590 1151 1622 liber,
1174 1590 1220 1624 qui
1241 1590 1291 1616 ista
1317 1597 1370 1616 non
1399 1589 1507 1617 habeat.
1521 1598 1531 1614 ι
1554 1582 1657 1624 Quippe
1670 1591 1714 1617 vix

923 1635 975 1662 ulla
992 1635 1108 1670 reperire
1124 1640 1182 1662 erat
1202 1634 1356 1670 Hieronymi
1374 1640 1453 1662 aetate
1464 1636 1639 1670 exemplaria,
1654 1645 1714 1671 qua:

923 1689 977 1708 non
991 1681 1034 1708 vel
1052 1682 1086 1708 ab
1099 1680 1225 1716 Origene,
1242 1682 1282 1708 vel
1299 1690 1313 1708 a
1336 1681 1466 1713 Luciano,
1476 1682 1518 1708 vel
1534 1684 1567 1709 ab
1580 1681 1715 1717 Hesychio

924 1727 1036 1755 fuissent
1048 1733 1182 1755 correcta.
1196 1727 1263 1755 Cum
1280 1729 1372 1762 itaque
1389 1729 1493 1763 vulgata
1517 1730 1607 1755 omnia
1622 1737 1714 1757 exem-

925 1775 1008 1810 plaria
1025 1775 1188 1802 insedissent
1212 1775 1334 1802 asterisci
1351 1779 1378 1802 et
1395 1776 1477 1808 obeli,
1502 1783 1551 1803 nec
1580 1776 1632 1802 ulla
1659 1776 1717 1803 fere

924 1825 1014 1848 essent
1026 1821 1051 1847 in
1068 1828 1130 1851 usu,
1146 1828 1226 1854 quam
1242 1828 1302 1854 quae
1319 1827 1374 1848 tres
1385 1821 1421 1848 illi
1439 1823 1616 1856 castigatores
1627 1830 1718 1850 emen-

926 1869 1066 1898 daverant,
1084 1867 1206 1901 sequitur
1222 1867 1257 1893 ita
1270 1867 1413 1895 distinctos
1432 1868 1517 1895 fuisse
1536 1869 1654 1902 ipsorum
1670 1877 1717 1896 co-

927 1913 1009 1939 dices.
1037 1912 1119 1946 an-us
1147 1912 1390 1940 diseriminationis
1412 1920 1547 1948 quosnam
1578 1915 1719 1950 assignare

928 1966 975 1992 par
988 1962 1029 1985 est
1040 1963 1176 1990 auctores,
1195 1963 1374 1993 prteterquam
1392 1959 1539 1986 Lucianum
1568 1961 1668 1995 ipsum,
1691 1966 1719 1989 et

928 2004 1103 2039 Hesychium,
1116 2005 1187 2038 quod
1204 2005 1238 2031 ab
1249 2004 1364 2039 Origene
1385 2006 1500 2040 primum
1520 2006 1610 2034 fuerat
1625 2008 1719 2035 inven-

930 2056 985 2077 ttttn
999 2051 1139 2084 imitantes
1163 2051 1332 2086 postmodum
1359 2056 1386 2079 et
1409 2052 1582 2080 excolentes?
1601 2054 1669 2087 Quin
1692 2058 1719 2080 et

929 2097 962 2124 ad
976 2098 1107 2124 editiones
1124 2105 1231 2132 quoque
1246 2097 1356 2125 Latinas
1372 2099 1494 2133 pervenit
1511 2099 1639 2133 ejtt5tnodi
1663 2100 1719 2126 στί-

933 2142 995 2176 ξις;
1014 2151 1074 2170 nam
1088 2143 1269 2180 Hieronymus
1283 2144 1307 2171 in
1327 2143 1412 2178 Epist.
1426 2144 1471 2177 89,
1483 2145 1515 2171 ad
1531 2146 1719 2180 Augustinum,

931 2196 992 2223 cap.
1006 2188 1033 2221 6,
1054 2189 1155 2217 Latium
1167 2198 1221 2217 sua;
1239 2190 1293 2217 τῶν
1304 2191 1331 2217 0’
1345 2192 1560 2226 interpretationi
1576 2193 1721 2220 asteriscos

934 2242 1040 2269 quoque
1053 2241 1080 2262 ct
1091 2236 1184 2264 obelos
1199 2244 1260 2264 sese
1271 2237 1406 2264 addidisse
1421 2242 1542 2264 testatur.

970 2304 1010 2330 Ex
1035 2303 1078 2330 his
1098 2312 1178 2338 porro
1199 2304 1301 2332 Crtecis
1321 2305 1496 2337 editionibus,
1519 2306 1559 2333 vel
1572 2314 1603 2333 ea
1625 2315 1722 2342 nempe

936 2357 995 2384 qua:
1005 2353 1064 2376 erat
1077 2349 1103 2375 in
1120 2349 1256 2383 llexaplis,
1273 2351 1328 2378 sive
1343 2350 1505 2384 Eusebiana,
1519 2352 1559 2379 vel
1574 2352 1721 2387 Lucianea,

936 2394 980 2422 vel
996 2393 1178 2429 Hesycltiana,
1202 2395 1340 2422 hodierna:
1362 2401 1461 2424 nostrae
1483 2405 1577 2423 omnes
1599 2398 1723 2424 videntur

935 2440 1094 2475 prodiisse:
1117 2441 1168 2466 hac
1184 2441 1267 2473 enim,
1294 2445 1323 2467 ut
1340 2442 1378 2468 ait
1405 2441 1595 2477 chronymus,
1620 2443 1722 2470 trit‘aria

937 2487 1068 2514 varietate
1089 2491 1161 2513 totus
1188 2487 1262 2513 orbis
1280 2490 1496 2522 compugnabat;
1520 2489 1632 2525 Vulgata
1661 2496 1726 2517 vero

938 2532 1059 2559 omnium
1074 2532 1289 2566 inquinatissima
1307 2541 1375 2567 pene
1395 2535 1576 2565 obsoleverat.
1594 2537 1660 2564 Cum
1678 2544 1727 2564 au—
1748 2555 1750 2557 ›

940 2582 993 2604 tem
1009 2577 1036 2604 in
1060 2582 1166 2604 veteres
1182 2577 1241 2605 illas
1254 2581 1379 2612 magnam
1397 2585 1502 2607 constet
1520 2582 1652 2609 invectam
1666 2590 1726 2609 esse

940 2623 1125 2651 confusionem
1157 2631 1190 2651 ex
1218 2624 1390 2652 librariorum
1412 2627 1568 2661 oscitantia,
1600 2630 1661 2656 dum
1685 2629 1727 2656 vel

942 2670 1080 2698 obelorum
1098 2675 1124 2697 et
1138 2671 1329 2698 asteriscorutn
1345 2673 1509 2700 notationem
1522 2676 1670 2709 negligant,
1685 2676 1728 2703 vel

942 2723 990 2743 eos
1000 2716 1058 2743 suis
1074 2724 1125 2743 non
1140 2715 1279 2744 ascribunt
1295 2717 1372 2749 locis,
1395 2718 1486 2753 negari
1503 2726 1554 2745 non
1571 2726 1659 2753 potest
1678 2721 1729 2748 im-

944 2769 1022 2796 pnras
1039 2769 1098 2789 esse
1114 2762 1280 2789 recentiores
1296 2763 1428 2790 editiones
1444 2763 1498 2790 τῶν
1513 2762 1553 2795 0’,
1570 2770 1597 2792 et
1608 2766 1728 2799 vitiatas,

945 2813 1034 2843 utpote
1053 2816 1112 2843 quae
1123 2816 1157 2835 ex
1168 2808 1287 2842 antiquis
1299 2809 1351 2835 illis
1363 2809 1529 2844 prodierunt.
1544 2809 1609 2836 Nam
1623 2811 1728 2839 etiamsi

945 2854 1072 2890 profecta:
1086 2858 1176 2883 essent
1193 2854 1228 2882 ab
1245 2853 1383 2891 Hexaplis,
1399 2856 1425 2883 in
1445 2856 1542 2891 quibus
1556 2856 1650 2884 scribit
1666 2856 1730 2884 llic-
