1908 3071
228 127 295 156 12M
868 124 899 152 P.
921 123 1078 152 DANlELlS
1098 123 1215 152 HUETll
1773 129 1830 159 φῖδῖ

229 191 358 221 rouymus
369 185 392 201 π
419 184 500 211 fuisse
526 184 699 219 Septuaginta
732 184 870 211 emendata
900 190 924 211 et
954 192 1014 211 vera
1029 187 1053 217 Α
1066 191 1128 211 cum
1142 183 1244 218 reliquo
1260 186 1398 217 contextu,
1413 184 1565 212 obliteratis
1585 185 1731 218 asteriscis,
1750 187 1779 213 ad
1792 196 1831 216 nos

227 232 387 267 exetnptarin
401 232 454 266 (It;
464 231 647 257 additamenta
658 235 733 258 certe
744 229 948 263 Theodotionis,
958 238 1018 265 qua:
1071 229 1228 256 transmissa
1238 233 1309 260 sunt.
1319 229 1462 257 editionem
1473 229 1659 257 adulterantet
1667 238 1829 266 corrumpunt.

759 343 1826 361 _.____—_____

883 416 1076 462 CAPUT
1104 417 1198 462 ΙΙΙ.

789 513 979 543 ORIGENIS
1001 513 1288 545 SYNTAGMATA.

264 663 373 691 CAPITIS
387 671 480 691 τιητιι
493 671 632 705 muri-no.
646 679 681 683 —
694 679 726 683 —
743 664 856 692 Gemina
875 665 997 692 seetione

1073 665 1172 705 olvitur
1193 666 1266 705 istud
1279 671 1369 705 caput
1385 674 1393 693 :
1408 666 1501 705 lfriqre
1522 667 1631 705 singula
1644 668 1764 703 Origeuis
1776 668 1833 705 Syrio

231 703 357 739 tagnmta,
374 707 487 739 quierunt
511 700 642 739 iuuenioria
668 704 808 739 superest,
821 706 1019 739 enumerantur
1035 710 1042 727 :
1058 701 1143 728 altera
1166 702 1256 737 agitur
1270 703 1304 730 de
1319 700 1444 738 Origenis
1463 700 1649 738 Syntagmatis
1661 700 1719 739 qua:
1734 700 1832 738 exsla'nt,

229 735 316 769 deque
332 735 443 761 vetustis
459 734 518 761 libri
530 734 599 768 Περὶ
615 733 716 768 ἀρχῶν
736 735 1018 770 interpretationibus.

496 878 616 907 SECTIO
636 879 751 907 PRIMA.
1034 883 1244 918 Bgenianarum
1280 892 1371 912 rerum
1399 890 1566 913 narratorem
1595 893 1652 921 prae
1678 887 1776 914 caeteris
1798 895 1835 922 pm

264 930 376 952 ειΝϐῠιΑ
395 931 517 951 οιιιοεΝιε
530 931 718 952 εγΝτΑωιΑτΛ.
732 931 842 956 QUORUM
858 931 979 952 IEIOBIA

435 967 579 986 SUPER-EST.
598 967 810 987 ENUMERANTUR.

229 1000 251 1028 1.
279 1001 455 1029 Recensentur
485 1002 606 1037 Origenis
639 1003 814 1038 Syumgmata
845 1004 877 1030 ab
903 1003 1017 1032 Eusebio

266 1043 477 1064 commemorata.
491 1038 520 1064 ll.
534 1038 576 1065 Ea:
588 1039 628 1064 Itis
642 1039 730 1071 aliqua
741 1040 924 1073 expenduntur
937 1049 1018 1067 accu-

265 1074 366 1103 ratius;
391 1081 422 1099 ac
446 1074 560 1105 primum
585 1073 645 1100 libri
671 1073 709 1100 De
730 1075 950 1106 resurrectione,
972 1075 1015 1102 lll.

266 1107 452 1144 Στρωμᾳξςεῖς,
466 1107 510 1135 ιν.
524 1107 561 1135 De
579 1109 719 1144 martyrio,
729 1108 760 1136 ν.
778 1109 893 1143 Dialogi,
906 1109 946 1137 Vl.
957 1111 1019 1141 Epi—

266 1143 340 1177 stolis
353 1162 360 1175 ,
375 1143 429 1170 VII.
453 1143 654 1177 interpretatio
669 1144 861 1170 llebraicornm
878 1145 1017 1172 notuinttm

265 1176 332 1214 ψ»νί
357 1176 534 1214 Testamenti,
557 1178 620 1205 Vlll.
643 1179 720 1205 Liber
740 1179 779 1206 De
793 1179 941 1214 (oratione,
972 1180 1017 1207 IX.

265 1212 462 1249 pisputationes
475 1215 601 1249 adversus
618 1213 764 1244 hiereticos.
782 1212 810 1240 in
822 1215 903 1249 iisque
915 1214 1019 1242 Parrus

265 1247 457 1283 Labyrinthus.
473 1248 506 1275 Χ.
525 1247 662 1281 Quaeritur
674 1250 737 1284 quid
753 1251 805 1276 sint
826 1247 949 1284 Origenis
963 1249 1018 1276 Mo-

265 1283 380 1319 nobtolia
390 1304 398 1314 ,
411 1288 435 1310 et
455 1284 518 1318 quid
529 1284 613 1316 ipsius
627 1283 720 1319 prose
735 1285 863 1318 Apologia
875 1283 891 1310 is
908 1283 1020 1311 Vincen-

267 1318 303 1344 tio
325 1317 504 1344 Bellovacensi
529 1317 743 1345 commemorata.
759 1317 828 1346 XLV
842 1319 1018 1347 l'ltilocaliam

264 1361 366 1388 quoque
395 1354 424 1380 in
453 1353 674 1389 Origenianorum
696 1363 803 1389 operum
836 1363 915 1381 censu
941 1356 1020 1389 poni-

266 1396 337 1416 mus.

266 1443 288 1470 Ι.
312 1444 444 1471 Eusebius
465 1444 592 1478 Origcnis
609 1444 690 1471 vitam
707 1444 777 1471 libro
796 1450 877 1472 sexto
893 1444 1019 1472 Historiae

232 1494 388 1525 pertexcns,
402 1489 544 1524 plerasque
560 1489 645 1524 ipsius
665 1490 828 1525 scriptiones
841 1491 929 1518 obiter
944 1499 1020 1519 com-

232 1529 375 1566 memorat,
393 1535 482 1568 plures
499 1535 694 1568 praetermittit,
715 1539 809 1569 utpote
831 1535 878 1570 qui
895 1535 922 1563 in
941 1537 1019 1563 tertio

235 1579 304 1607 Vita:
330 1578 463 1613 Pamphili
487 1579 559 1607 libro
583 1579 704 1615 singulas
729 1579 826 1608 luisset
850 1582 1017 1616 complexus.

230 1623 308 1652 Nunc
323 1633 382 1652 cum
403 1632 436 1651 eo
464 1632 607 1652 careamus
627 1625 708 1658 libro,
726 1626 916 1661 confugiamus
930 1629 963 1654 ad
977 1629 1018 1663 ip-

230 1670 288 1698 sius
312 1669 477 1702 Historiam,
502 1675 528 1697 et
551 1678 612 1704 qua:
627 1670 653 1697 in
679 1678 710 1698 ea
732 1671 880 1705 laudantur
894 1672 1019 1708 Origenis

231 1716 418 1752 Synlagtnata,
432 1717 525 1744 eodem
541 1717 585 1744 hic
604 1717 700 1745 ordine
716 1726 919 1746 recenseamus.
934 1719 1018 1746 Primi

230 1767 378 1789 occurrunt
391 1761 585 1790 Comntentarii
603 1763 630 1789 in
647 1762 749 1790 Veteres
761 1764 939 1799 philosophos,
952 1773 1019 1799 quo-

232 1815 291 1834 rum
319 1807 519 1836 lucubrationes
535 1817 587 1836 non
614 1809 836 1842 praelectionibus
862 1812 951 1843 modo,
972 1811 1019 1838 sed

231 1853 341 1887 scriptis
356 1853 438 1880 etiam
461 1854 487 1880 in
512 1854 628 1888 gratiam
645 1854 839 1889 discipulorum
853 1855 1018 1890 explicabat.

231 1898 355 1926 Meminit
371 1907 465 1926 eorum
487 1899 617 1927 Eusebius
637 1900 700 1927 libr.
724 1908 750 1927 VI
777 1899 860 1932 Hist.,
879 1909 938 1936 cap.
964 1901 1018 1934 l8,

230 1945 320 1979 capite
339 1952 404 1972 vero
423 1945 458 1972 24
471 1964 478 1976 ,
501 1946 615 1972 duorum
640 1946 700 1978 ejus
722 1946 759 1972 De
781 1948 972 1973 resurrectione
987 1947 1020 1974 li-

231 1989 357 2022 brorum;
385 1996 440 2017 tum
456 1992 547 2025 operis
573 1992 642 2025 Περὶ
662 1991 774 2026 ἀρχῶν,
802 1997 921 2027 quatuor
942 1993 1019 2020 libris

230 2033 369 2067 distincti;
390 2035 453 2061 item
465 2034 662 2069 Στρωματέων
678 2044 790 2064 numero
805 2038 914 2070 decem;
930 2042 958 2065 et
974 2045 1020 2064 ca-

230 2081 286 2115 pite
302 2079 336 2106 28
359 2079 421 2106 libri
441 2079 477 2106 De
490 2082 628 2115 martyrio,
653 2082 790 2109 Ambrosio
813 2087 838 2110 et
866 2082 1017 2110 Protocteto

230 2125 405 2153 (La-sariensis
420 2125 548 2153 Ecclesia:
562 2127 721 2162 presbytero
739 2128 911 2161 consecrati;
930 2133 957 2156 et
973 2136 1019 2156 ca-

230 2170 285 2205 pite
298 2170 332 2197 53
349 2170 565 2206 Disputationum
579 2180 646 2208 quas
660 2180 720 2201 cum
744 2173 852 2210 Beryllo
876 2174 1017 2202 Bostrensi

231 2216 361 2251 Origenes
375 2219 497 2245 exercuit
513 2227 520 2251 ;
545 2224 572 2246 et
590 2219 679 2255 capite
693 2220 866 2248 36librorum
882 2226 944 2249 octo
957 2230 1019 2249 ωηο
1034 2240 1056 2268 D

230 2268 272 2289 tra
300 2263 419 2296 Celsum;
442 2269 469 2291 et
492 2266 580 2300 capite
602 2265 636 2293 59
659 2273 815 2293 sermonum
839 2267 1018 2301 quorumdam

231 2309 264 2336 iis
279 2309 394 2344 utilium,
407 2311 504 2345 quibus
520 2312 546 2338 in
563 2313 706 2339 tormentis
721 2319 771 2347 pro
785 2311 886 2340 Christi
906 2313 959 2341 fide
976 2318 1018 2341 to-

229 2355 325 2383 leratis
344 2357 533 2384 consolatione
548 2365 617 2393 opus
630 2364 722 2391 esset;
745 2363 772 2385 et
797 2358 896 2392 passim
916 2358 1019 2394 cpisto-

229 2401 327 2429 larum.
343 2402 404 2430 llaec
417 2403 451 2431 de
465 2403 589 2439 Origenis
603 2404 792 2439 Syntagmatis
805 2403 1019 2439 Eusebius,quae

228 2445 258 2474 in
271 2453 441 2475 antecessum
457 2449 658 2483 proposuimus,
676 2450 863 2477 fidelissimum
879 2449 1019 2478 ltuncOri-

266 2539 288 2554 “
304 2538 458 2574 llieronym.
478 2539 504 2565 in
522 2538 603 2566 Isaia:
615 2546 690 2572 Lt'ttt,
705 2539 747 2568 ll.

264 2631 304 2666 (Ι)
319 2631 504 2658 Additamento
525 2636 593 2658 certe
609 2630 804 2663 Theodotionis,
820 2636 874 2658 elc.
897 2630 961 2658 Vide
980 2632 1011 2659 Ι).

229 2666 394 2693 Bcrnardnm
406 2668 438 2693 de
450 2667 620 2694 Montl‘ancon
634 2667 660 2692 in
679 2666 907 2693 Prmlituinartbus
919 2667 944 2693 in
958 2666 1011 2693 He-

228 2701 308 2734 :zapla
332 2701 456 2736 Origenis
471 2710 530 2737 pag.
545 2702 591 2732 40,
609 2702 655 2733 45,
678 2701 713 2729 44
729 2706 755 2728 et
765 2701 809 2734 45,
830 2702 874 2728 ubi
890 2702 1012 2736 pluribus

230 2736 264 2762 de
273 2737 361 2762 causis
382 2736 543 2764 recentiores
556 2737 688 2764 editiones
701 2737 867 2763 adulteratas
881 2744 942 2764 esse
961 2738 1010 2768 ait,

230 2770 256 2796 i'
272 2771 334 2803 quia
346 2770 372 2797 in
388 2771 513 2805 Hezaplis
533 2772 657 2799 asterisci
675 2776 702 2798 et
715 2772 786 2798 obe‘li
806 2779 819 2797 a
834 2771 952 2798 librariis
965 2779 1012 2798 ne—

229 2805 308 2841 glecti
324 2810 400 2841 sunt;
416 2807 444 2833 2·
462 2808 524 2841 quia
537 2815 568 2833 cx
583 2806 756 2834 similitudine
767 2814 827 2840 qua:
837 2807 929 2834 obelos
941 2807 1012 2833 inter

229 2844 257 2866 et
268 2839 410 2868 tetnnisros
427 2839 507 2875 atque
527 2842 742 2876 hypolemniscos
760 2839 957 2876 intercedebat,
972 2842 1012 2868 fa-

1070 937 1146 957 ntore
1163 935 1255 957 nostro
1271 931 1454 960 consulentes.

1104 975 1134 1003 ll.
1146 975 1222 1003 Nunc
1235 981 1416 1005 retractemus
1430 985 1461 1005 ex
1476 978 1518 1005 his
1530 978 1631 1014 aliqua,
1642 984 1668 1006 et
1683 979 1760 1014 paulo
1771 987 1834 1007 accn-

1069 1023 1156 1049 ratius
1179 1024 1373 1058 expendamus.
1395 1024 1454 1051 Dno
1469 1025 1601 1052 duntaxat
1614 1024 1656 1052 De
1671 1027 1836 1053 resurrectione

1070 1068 1130 1096 libri
1157 1068 1191 1095 ab
1213 1069 1327 1097 Eusebio
1349 1077 1608 1099 commemorantur.
1631 1071 1836 1107 Atllieronymus

1070 1114 1139 1148 apud
1157 1114 1283 1142 Rufinum
1300 1115 1362 1144 libr.
1375 1124 1393 1144 tt
1407 1116 1517 1150 Invect.,
1534 1118 1681 1152 scripsisse
1693 1118 1836 1147 narratOri-

1070 1168 1165 1196 genem
1175 1162 1199 1178 ⁶⁶
1218 1171 1227 1188 ι
1243 1161 1281 1189 De
1294 1163 1483 1191 resurrectione
1501 1164 1584 1192 libros
1601 1165 1681 1197 duos,
1695 1169 1721 1192 et
1735 1165 1794 1193 alios
1810 1165 1837 1192 De.

1071 1208 1271 1236 resurrectione
1293 1209 1414 1243 dialogos
1439 1210 1516 1237 duos.
1543 1220 1553 1236 ι
1579 1210 1655 1238 ldem
1680 1211 1837 1247 Hieronymus

1071 1253 1204 1288 epist.6l,
1218 1256 1250 1282 ad
1261 1254 1492 1290 Pammaclt.,cap.
1507 1256 1535 1288 8,
1549 1257 1616 1284 citat
1627 1257 1726 1285 librum
1737 1257 1838 1292 ejusdem

1070 1300 1160 1334 operis
1171 1304 1307 1334 quartum.
1318 1300 1404 1335 Atque
1416 1301 1464 1329 hos
1478 1301 1562 1330 libros
1575 1301 1729 1330 Methodius
1736 1303 1837 1338 ejusde

1072 1345 1141 1372 tituli
1155 1353 1237 1381 opere
1251 1347 1409 1377 confutavit.

1107 1391 1149 1419 lll.
1162 1393 1255 1420 Libros
1266 1394 1447 1428 Στρωματεῖς
1461 1395 1592 1430 Origenes
1603 1395 1727 1423 elimavit
1750 1396 1780 1423 ad
1792 1395 1839 1423 Cle-

1071 1439 1171 1466 mentis
1181 1439 1345 1474 cxctnplum,
1358 1448 1372 1466 a
1384 1449 1437 1476 quo
1451 1442 1526 1476 paris
1538 1443 1695 1477 argumenti
1718 1447 1745 1470 et
1760 1442 1838 1469 inscri-

1071 1484 1171 1519 plionis
1199 1484 1401 1514 lucubrationes
1426 1488 1506 1516 hodie
1531 1489 1694 1524 superstites
1716 1489 1840 1518 elaborata

1072 1535 1144 1557 sunt.
1168 1529 1349 1566 Hieronymus
1369 1533 1447 1567 epist.
1466 1533 1516 1565 84,
1537 1541 1597 1568 qua:
1623 1540 1667 1563 est
1686 1536 1720 1563 ad
1733 1535 1839 1570 Magnum

1072 1574 1214 1602 Oratorem
1228 1575 1379 1603 Romanum
1397 1584 1404 1603 :
1419 1586 1429 1602 c
1451 1576 1577 1607 Clemens
1592 1580 1782 1608 Alexandrina
1801 1579 1840 1607 Ec-

1073 1622 1162 1648 clesim
1178 1623 1329 1658 presbyter,
1346 1631 1405 1651 meo
1431 1624 1534 1658 judicio
1555 1627 1678 1653 omnium
1708 1627 1840 1654 eruditissi-

1073 1675 1143 1700 mus,
1151 1674 1212 1696 octo
1221 1670 1331 1703 scripsit
1341 1670 1504 1698 Slromatum
1514 1671 1606 1705 libros,
1617 1677 1645 1700 et
1656 1673 1762 1700 totidem
1770 1673 1841 1700 Ὑπο-

1072 1715 1239 1749 τυπόσεων,
1250 1722 1277 1744 et
1285 1716 1367 1744 alium
1380 1723 1472 1744 contra
1486 1723 1585 1753 gentes;
1597 1718 1742 1755 Pwdagogi
1753 1727 1840 1755 quoque

1073 1760 1124 1786 tria
1142 1760 1290 1788 volumina.
1302 1761 1373 1795 Quid
1385 1764 1412 1789 in
1429 1762 1482 1790 illis
1497 1763 1636 1791 indoctum
1650 1765 1662 1791 ξ
1682 1765 1744 1800 quid
1766 1772 1812 1792 non
1829 1772 1840 1792 ε

1073 1807 1159 1835 media
1172 1808 1339 1843 philosophia
1355 1815 1399 1836 est
1411 1809 1423 1835 Ῥ
1439 1809 1516 1836 Hunc
1534 1809 1655 1838 imitatus
1667 1811 1791 1846 Origenes
1804 1811 1841 1838 de-

1073 1860 1131 1880 cem
1159 1853 1272 1888 scripsit
1289 1854 1459 1882 Slromateas
1473 1875 1480 1887 ,
1496 1854 1716 1883 Christianorum
1732 1860 1757 1883 et
1770 1855 1841 1890 philo-

1072 1898 1219 1933 sophorum
1243 1899 1313 1926 inter
1328 1906 1358 1927 se
1372 1900 1522 1927 sententias
1539 1908 1714 1934 comparans,
1726 1905 1752 1928 et
1766 1901 1841 1928 omnia

1073 1949 1173 1972 nostra;
1193 1945 1330 1980 religionis
1344 1945 1467 1981 dogmata
1480 1946 1513 1974 de
1530 1947 1643 1974 Platone
1659 1952 1688 1974 et
1701 1946 1839 1977 Aristotele.

1071 1990 1205 2018 Numenio
1231 1990 1404 2027 Cornnloque
1425 1992 1599 2021 confirmans.
1630 2003 1639 2020 ι
1671 1994 1747 2022 Hunc
1768 1994 1839 2029 ipsum

1075 2036 1266 2072 Hieronymum
1282 2037 1380 2066 alicubi
1402 2038 1495 2066 dicere
1519 2039 1557 2066 ait
1575 2039 1700 2073 Rufinus,
1721 2050 1730 2066 ι
1746 2039 1838 2067 Confa-

1073 2083 1180 2110 deratos
1196 2091 1257 2111 esse
1270 2084 1399 2118 quosdam
1411 2083 1522 2119 Origeni
1534 2085 1567 2112 ad
1578 2085 1736 2120 periurium.
1748 2090 1772 2112 et
1782 2085 1839 2112 istud

1073 2129 1194 2164 mysticae
1208 2128 1269 2163 ejus
1283 2129 1440 2156 traditionis
1451 2138 1580 2157 arcanum
1597 2130 1781 2158 absconditum
1792 2137 1839 2157 esse

1073 2175 1099 2202 in
1112 2179 1189 2202 sexto
1209 2174 1371 2202 Stromatum
1388 2176 1476 2208 libro;
1492 2184 1542 2204 nec
1559 2176 1592 2203 ab
1606 2176 1663 2204 ullo
1687 2177 1743 2204 alio
1763 2177 1786 2204 in
1807 2179 1839 2202 tot

1073 2221 1188 2254 saeculis,
1203 2222 1254 2249 nisi
1268 2230 1283 2248 a
1294 2229 1324 2249 se
1338 2221 1395 2249 solo
1409 2222 1620 2256 deprehensum.
1641 2232 1651 2249 ι
1676 2224 1707 2250 in
1722 2221 1838 2250 Protendo

1071 2275 1134 2295 vero
1156 2267 1342 2295 Commentar.
1363 2269 1391 2295 in
1417 2268 1502 2303 Epist.
1530 2270 1564 2295 ad
1591 2267 1695 2302 Colat,
1715 2269 1838 2304 Origenem

1070 2314 1165 2341 scribit
1188 2314 1322 2342 decintum
1349 2314 1516 2342 Stramateon
1538 2322 1648 2342 suorum
1664 2316 1760 2343 librum
1774 2315 1838 2343 Com-

1071 2359 1170 2386 matico
1187 2366 1268 2392 super
1280 2359 1470 2393 explanatione
1488 2360 1615 2395 Epistolas
1627 2361 1662 2388 ad
1678 2361 1782 2389 Galatas
1790 2368 1836 2388 ser-

1070 2411 1150 2431 mone
1162 2404 1338 2439 complevisse
1353 2415 1358 2432 :
1375 2410 1402 2432 et
1416 2405 1443 2432 in
1459 2410 1540 2440 caput
1557 2414 1605 2434 χιιι
1638 2407 1756 2434 Danielis
1777 2414 1836 2440 qua:-

1071 2450 1133 2477 dam
1150 2450 1189 2478 ait
1203 2450 1291 2486 ipsum
1313 2451 1340 2478 in
1363 2451 1457 2479 eodem
1478 2451 1646 2480 Stromateon
1664 2452 1733 2480 libro
1752 2452 1783 2480 de
1796 2451 1837 2478 Su-

787 2540 809 2556 “
825 2539 916 2568 Rufin.
929 2539 1028 2568 Invect.
1038 2548 1068 2568 tt.

1064 2636 1137 2659 ctum
1152 2636 1193 2659 est
1204 2636 1232 2658 ut
1244 2631 1364 2658 lemnisci
1381 2638 1429 2665 pro
1449 2631 1535 2658 obelis
1552 2631 1608 2658 sint
1624 2631 1706 2658 habiti
1721 2639 1728 2661 ;
1748 2630 1775 2657 3ο
1786 2628 1833 2665 qui:

1064 2667 1215 2693 litterarum
1229 2663 1470 2704 Getecarumjnter
1481 2673 1511 2704 se
1525 2666 1652 2704 similium
1671 2667 1791 2704 frequens
1802 2663 1833 2703 fs—

1064 2707 1107 2738 cta
1121 2706 1161 2738 est
1177 2702 1369 2733 commutatio;
1383 2701 1413 2728 4·
1429 2701 1562 2738 denique,_
1574 2702 1636 2738 quia
1652 2705 1758 2738 propter
1772 2701 1833 2738 siuti:

1064 2736 1204 2775 litudinetn
1217 2737 1360 2775 verborum
1372 2741 1397 2763 et
1412 2736 1481 2775 soni,
1498 2733 1674 2775 prole—gitim'o
1690 2733 1831 2775 veritoaliud

1065 2772 1196 2808 interdum
1214 2772 1519 2808 utendose‘ponebatur.
1538 2771 1608 2808 Qua:
1628 2771 1831 2808 cotnnuttationvl

1064 2812 1091 2834 et
1107 2806 1275 2840 negligentia:
1290 2811 1316 2833 ut
1331 2804 1476 2841 plurimum
1493 2807 1519 2833 in
1537 2805 1674 2834 ltodiernis
1689 2804 1830 2833 edttiouibus

1066 2847 1266 2869 remanserunt.
