1908 3071
73 124 146 153 1255

499 125 783 154 ORIGENIANORUM
803 124 866 153 LlB.
888 123 932 157 Ill,
952 124 1028 152 CAP.
1050 124 1094 156 Ill,
1116 123 1212 152 SECT.
1234 124 1256 151 1.

1630 127 1697 155 1254

71 193 168 213 sannae
186 189 212 213 et
225 184 295 213 Belis
311 185 411 214 fabulis
426 185 538 213 dixisse.
550 186 620 220 Quin
634 186 716 214 etiam
735 187 762 213 in
779 186 859 221 epist.
877 188 900 217 Α
916 184 1001 212 fuisse
1014 184 1155 217 collectas,
1180 190 1206 212 et
1231 185 1258 212 in
1276 185 1399 220 proprios
1412 185 1495 213 libros
1512 185 1629 221 digestas
1644 192 1698 215 tra-

72 231 122 263 65,
138 231 171 258 ad
187 230 345 259 Pammach.
358 236 385 259 et
399 231 511 265 0cean.,
525 239 584 266 cap.
601 232 628 264 2,
649 232 784 259 neminem
808 231 861 258 La-

71 276 194 303 tinorum
207 275 320 304 allirmat
334 281 397 304 ante
417 284 494 304 suam
512 281 620 304 :ctatem
636 277 719 304 libros
733 276 860 313 Origenis

73 321 114 348 De
129 323 316 349 resurrectione
336 322 406 356 Περὶ
423 320 534 356 ἀρχῶν,
544 320 720 354 Stromateas,
732 327 759 350 et
773 327 859 350 tomos

72 367 223 394 transferre
239 367 355 395 voluisse
367 387 375 400 ,
392 372 503 402 propter
523 368 670 395 novitatem
692 367 797 395 scilicet
813 368 860 395 do-

72 413 180 440 ctrinae.
205 413 337 447 Quoniam
355 413 438 450 igitur
461 413 494 440 ad
517 413 688 441 Stramatcon
713 413 861 441 Clementis

71 459 227 495 exemplum
242 467 307 487 suos
320 464 510 495 composuerat
523 459 656 495 Origenes
668 479 676 492 ,
696 464 726 487 ut
748 467 860 487 accura-

72 507 130 534 tius
145 511 314 542 perspectum
333 508 431 535 habere
443 507 529 542 possis
543 514 596 542 quo
609 506 644 534 illi
659 507 685 534 in
700 511 860 542 argumento

71 553 186 586 versati,
198 561 250 588 qua
264 558 324 580 arte
338 554 438 581 conditi
451 554 505 581 sint
517 572 525 585 ,
553 553 612 588 lege
635 553 794 580 Eusebianae
813 552 862 580 Hi-

71 601 164 626 storia.-
179 600 241 627 libri
258 600 326 628 sexti
351 606 433 635 caput
455 600 589 627 decimum
615 600 725 627 tertium
741 618 749 634 ,
766 599 811 627 ubi
828 600 862 628 de

72 646 127 674 hac
138 646 284 674 Clementis
299 647 447 682 scriptione
459 646 612 674 disseritur.

101 692 156 720 '1V.
181 694 258 726 Quod
272 693 370 720 attinet
384 693 418 720 ad
437 693 534 720 libruttt
561 692 598 719 De
623 691 762 727 martyrio,
779 692 813 719 de
830 699 862 719 eo

71 739 112 767 ita
142 739 365 767 commemoravit
394 739 573 775 Hieronymus
599 739 646 767 lib.
674 739 712 766 De
740 739 861 774 scriptor.

71 786 231 817 ειτΙιιίαιι..
252 793 313 821 cap.
327 786 377 820 67,
393 786 434 814 liis
447 786 536 813 verbis
554 795 560 813 :
580 795 589 812 ι
609 785 767 813 Ambrosius
790 793 856 813 con-

71 832 202 860 fessionis
216 833 361 860 Dominicze
382 833 466 868 gloria
483 833 596 868 insignis
615 832 666 860 fuit
679 851 687 865 ,
710 832 753 859 cui
775 832 861 860 Theo-

911 231 950 258 dit
963 231 1097 259 Eusebius
1112 232 1173 259 libr.
1193 239 1218 258 νι
1245 231 1329 264 llisL,
1345 239 1405 267 cap.
1419 232 1464 264 56,
1484 240 1596 260 numero
1609 239 1698 262 autem

911 277 996 305 fuisse
1029 278 1087 305 illas
1115 278 1258 313 plusquam
1291 283 1410 305 centum.
1436 278 1700 308 Conticieutissimus

911 324 1008 359 quippe
1022 323 1174 351 litterarum
1197 323 1329 358 Origenes
1352 324 1415 352 fuit.
1430 323 1543 352 Librutn
1560 326 1699 354 collectio-

913 371 955 398 nis
971 370 1054 405 hujus
1068 374 1195 404 quartum
1210 370 1276 397 citat
1295 370 1410 404 Rufinus
1425 370 1451 397 in
1471 370 1560 398 libello
1573 371 1611 399 De
1626 372 1700 398 adul-

912 416 1040 442 teratione
1065 415 1193 442 librorum
1219 416 1351 451 Origenir.
1378 417 1418 444 Ex
1440 416 1491 444 hoc
1516 416 1698 452 Epistolarum

913 461 1086 496 Syulagmate
1101 461 1168 488 istas
1181 462 1215 488 ab
1232 461 1350 490 Eusebio
1373 468 1601 492 commemoratas
1615 464 1637 480 "
1655 471 1697 492 re-

912 507 1009 542 perio:
1027 507 1112 542 prima
1131 507 1154 523 "‘
1168 513 1209 535 est
1232 509 1265 535 ad
1284 508 1429 536 Leonidem
1453 510 1581 545 martyrio
1607 511 1699 546 proxi-

912 560 985 580 mum
999 552 1130 580 :altcram
1146 553 1168 569 θ’
1181 554 1291 588 scripsit
1302 553 1434 589 Origenes
1445 556 1577 584 adversus
1592 564 1639 584 eos
1653 558 1698 592 qui

912 606 991 627 suum
1011 599 1038 626 in
1057 599 1166 626 litteras
1180 600 1355 628 humaniores
1377 601 1497 628 studiutn
1517 602 1699 630 criminaban-

914 650 973 678 tur;
996 646 1119 680 proxima
1146 646 1315 674 diversarum
1340 647 1514 682 epistularum
1533 655 1699 676 commento-

913 693 982 720 ratio
1004 698 1065 724 est,
1082 692 1109 718 itt
1134 692 1232 727 quibus
1255 693 1391 721 indicatur
1407 694 1601 729 persecutionis
1618 700 1701 722 sextm

915 743 1030 773 tempus.
1045 746 1160 773 quarutn
1186 743 1276 767 tamen
1301 739 1494 775 inscriptiones
1507 745 1535 768 et
1551 740 1643 768 titulos
1665 743 1702 769 si-

913 785 1025 820 gillatim
1044 785 1176 812 Eusebius
1190 793 1244 812 nun
1262 786 1435 820 persequitur
1452 795 1460 813 :
1475 791 1532 813 tum
1551 786 1576 802 "°
1599 787 1702 815 mentio

914 830 943 857 lit
966 831 1093 866 Epistula:
1109 831 1142 858 ad
1162 831 1323 858 Africanum
1352 833 1386 859 de
1410 832 1541 860 Susanna:
1558 833 1671 861 historia
1691 842 1702 862 :

72 878 158 906 ctisto
170 879 330 915 presbytero
350 878 419 906 liber
433 878 558 913 Origenis
571 878 608 905 De
621 878 749 912 martyrio
762 877 860 905 scribi-
877 871 899 899 Β
914 876 1040 905 laudatur
1054 877 1153 905 deinde
1164 878 1186 893 ⁷¹
1204 878 1323 913 Epistula
1336 879 1368 905 ad
1382 878 1534 914 Philippum
1552 880 1701 915 imperato-

72 930 129 952 rur.
151 934 160 950 ι
180 924 336 960 Lugendum
353 925 463 952 omnino
479 934 486 952 :
502 925 543 951 cui
560 929 584 952 et
604 923 764 951 Theoctisto.
785 923 814 951 ld
838 924 861 951 si

71 972 188 1000 vidisset
213 973 348 1007 interpres
365 971 476 999 Graecus
490 991 498 1004 ,
517 970 663 998 absurdum
693 971 763 998 hanc
785 970 862 998 nobis

68 1018 326 1053 interpretationem
347 1018 501 1053 neutiquam
522 1018 640 1045 dedisset
660 1026 667 1044 :
686 1017 780 1053 Τούτῳ
798 1016 863 1044 Θεο-

71 1064 185 1091 utsic-sou
197 1064 380 1100 πρεσῦυτέρου
399 1064 488 1099 βίϐλος
505 1064 660 1100 Ὠριγένους
670 1064 741 1099 Περὶ
754 1073 863 1099 μαρτυ-

66 1111 141 1145 ρίου
154 1110 299 1146 γράφεται.
315 1110 429 1139 Videtur
443 1111 541 1146 legisse
558 1120 565 1138 :
579 1111 628 1138 Cui
648 1111 788 1139 Tlteoctisti
803 1120 862 1146 pre-

70 1157 264 1191 sbyterilioer,
283 1162 338 1184 etc.
362 1157 550 1185 Theoctistum
577 1157 704 1185 nominat
730 1157 862 1194 llierony-

71 1211 147 1236 mus,
165 1204 210 1238 qui
229 1204 263 1231 ab
278 1203 394 1231 Eusebio
412 1203 582 1231 Proloctetus
596 1204 755 1239 appellatur.
771 1204 861 1231 Theo-

71 1249 176 1277 ctistus
206 1249 384 1278 Ctesariensis
417 1249 470 1277 fuit
496 1250 661 1285 episcopus;
690 1249 863 1277 Protoctetus

70 1295 196 1330 ejusdem
224 1295 352 1324 Ecclesiae
376 1296 518 1331 presbyter
535 1303 543 1323 :
560 1303 700 1331 perperam
728 1304 775 1323 eos
798 1304 863 1324 con-

72 1342 164 1369 fundit
181 1342 370 1377 Hieronymus.
388 1342 544 1370 Protocteto
556 1363 563 1375 ,
583 1351 636 1370 non
653 1342 810 1370 Tlteoctisto
823 1343 862 1370 in-

62 1389 179 1424 ‘criptus
202 1394 243 1416 est
268 1389 337 1416 liber
363 1389 426 1421 iste,
441 1389 480 1425 (2)
507 1393 536 1416 ut
555 1389 676 1417 ostendit
692 1389 751 1425 ejtts
770 1397 863 1416 cxetu-

63 1436 135 1471 .plar
149 1437 267 1463 nondum
283 1436 398 1469 editutn,
419 1437 490 1470 quod
513 1443 596 1471 penes
609 1443 651 1463 tne
664 1440 717 1463 est.
735 1435 861 1469 Ejusdem

73 1483 227 1518 argumenti
251 1482 399 1517 Epistolam
415 1482 447 1509 ad
469 1482 574 1510 Patrem
592 1482 724 1517 martyrio
744 1481 863 1509 destina-

72 1534 131 1556 tum
147 1529 295 1564 scripserat
309 1528 489 1555 Adamantius
503 1529 653 1556 etiamnum
674 1535 757 1563 puer;
786 1528 862 1562 cujus
876 1545 897 1573 ο

71 1575 193 1610 epistola:
219 1575 300 1603 verba
317 1575 439 1610 quadam
463 1575 560 1609 repetit
584 1575 715 1602 Eusebius
739 1574 801 1602 libr.
834 1582 861 1602 vt

72 1620 189 1654 Hirtam,
206 1629 264 1656 cap.
281 1621 309 1649 2.

109 1667 143 1695 γ.
169 1667 234 1695 Acta
250 1668 462 1696 concertationis
485 1668 593 1703 Origeni
610 1676 672 1696 cum
687 1669 794 1704 Beryllo
809 1669 858 1696 ha-

71 1714 138 1742 bitae
151 1715 273 1742 eatndem
288 1714 374 1742 fuisse
386 1714 505 1742 arbitror
515 1720 596 1749 atque
609 1715 747 1749 Dialogum
761 1715 862 1742 utrius-

71 1768 137 1796 que,
151 1768 205 1796 quo
219 1762 354 1789 haereseos
368 1761 490 1798 Beryllus
500 1761 668 1796 coarguitur.
686 1761 762 1788 llunc
782 1765 861 1788 astate

72 1812 125 1832 sua
138 1805 274 1833 exstitisse
287 1807 383 1834 scribit
402 1807 582 1842 Hieronymus
601 1807 664 1834 libr.
683 1806 720 1833 De
736 1807 859 1841 scriptor.

72 1851 168 1879 codex.
183 1860 242 1888 cap.
262 1853 305 1880 71.
322 1853 423 1881 Praeter
452 1853 524 1881 hunc
543 1853 690 1888 dialogum,
710 1854 779 1881 alios
794 1861 861 1888 quo-

72 1905 128 1932 que
148 1897 245 1925 litteris
260 1898 392 1933 Origenes
406 1899 550 1926 mandasse
573 1899 670 1927 fertur.
693 1898 808 1927 Ruﬁnus
834 1899 859 1927 itt

72 1943 166 1971 libello
192 1943 229 1971 De
251 1945 445 1972 adulteratione
467 1945 593 1972 librorum
614 1945 748 1980 Origenic,
765 1952 861 1980 quem-

72 1991 136 2018 dam
155 1991 187 2018 ab
200 1998 233 2018 eo
244 1992 436 2026 conscriptum,
452 1997 479 2019 et
490 2000 505 2019 a
520 1992 641 2020 Candido
653 1993 780 2020 haeretico
795 2000 861 2027 quo-

71 2043 136 2064 cum
165 2036 274 2064 habitus
304 2037 414 2070 fuerat,
441 2038 623 2065 adulteratutu
652 2043 859 2066 commemorat.

71 2081 321 2110 Circumferebatur
344 2083 387 2110 ille
404 2082 560 2118 Hieronymi
575 2084 754 2118 temporibus,
772 2084 800 2111 iu
815 2092 860 2111 eo-

71 2135 126 2163 que
146 2127 277 2163 Origenes
289 2148 297 2161 ,
320 2133 347 2156 et
368 2129 506 2156 Candidus
522 2128 714 2156 Valentiuiame
733 2128 859 2156 defensor

72 2176 209 2202 haereseos
236 2176 308 2202 inter
323 2175 375 2202 alia
390 2175 562 2210 disputabant
575 2197 583 2209 ,
605 2175 724 2203 Filiusue
741 2181 813 2203 esset
828 2175 861 2202 dc

915 931 983 956 rem,
1000 923 1053 950 alia
1066 923 1100 951 ad
1115 923 1258 959 conjugem
1277 924 1360 958 ipsius
1378 925 1517 958 Severum,
1533 925 1586 952 alia
1604 926 1637 952 ad
1652 925 1702 953 Fa-

913 970 1023 996 bianutn
1038 977 1136 1004 papam
1149 990 1158 1002 ,
1178 970 1237 998 aliae
1252 970 1285 998 ad
1299 971 1368 998 alios
1382 971 1536 1005 complures
1548 972 1701 1007 episcopos,

914 1015 1013 1050 quibus
1036 1016 1096 1043 ﬁdei
1113 1016 1247 1051 professio
1261 1017 1468 1050 continebatur;
1485 1022 1513 1045 et
1527 1018 1641 1046 diversae
1655 1019 1702 1046 de-

915 1062 997 1097 nique
1019 1062 1148 1090 distincte
1165 1071 1220 1090 non
1240 1068 1362 1091 notata}:
1382 1065 1554 1099 postmodum
1580 1064 1703 1100 plurimas

913 1108 1032 1135 citantur
1047 1109 1168 1144 epistolae
1180 1110 1215 1143 ⁷³,
1229 1117 1290 1145 qua
1313 1110 1491 1138 declarabant
1513 1118 1594 1145 quam
1622 1112 1702 1139 utiles

914 1153 948 1180 iis
963 1161 1103 1183 sermones
1119 1156 1294 1191 reliquisset,
1313 1157 1357 1191 qui
1383 1156 1480 1184 solatio
1497 1157 1523 1184 in
1539 1158 1704 1196 cruciatibus

914 1200 1080 1235 indigebant.
1113 1201 1176 1229 Haec
1204 1202 1345 1230 Eusebius.
1372 1203 1497 1231 Testatur
1524 1203 1703 1239 Hieronymus

914 1247 960 1274 lib.
976 1247 1013 1274 De
1031 1249 1154 1282 scriptor.
1180 1249 1272 1276 eiciet.
1287 1257 1347 1283 cap.
1366 1249 1401 1277 65
1413 1270 1421 1282 ,
1437 1257 1485 1277 sua
1503 1255 1584 1278 aetate
1605 1258 1701 1286 super-

914 1291 998 1320 fuisse
1020 1292 1146 1328 Origenis
1163 1294 1297 1329 Epistolas
1320 1296 1353 1322 ad
1378 1295 1542 1331 Philippum.
1564 1296 1704 1331 ipsiusque

913 1344 1046 1373 matrem;
1069 1348 1131 1367 cum
1154 1340 1286 1368 Eusebius
1306 1349 1321 1368 e
1343 1349 1397 1376 quo
1421 1341 1494 1369 hunc
1513 1342 1610 1369 librum
1636 1341 1702 1369 Hic-

913 1392 1042 1421 ronymus
1063 1387 1263 1414 cunsarciuavit
1274 1407 1283 1420 ,
1312 1388 1426 1419 habeat,
1441 1387 1490 1423 τὴν
1506 1388 1600 1414 τούτου
1614 1396 1704 1424 γαμε-

912 1432 974 1468 τήν,
995 1433 1133 1468 conjngem
1149 1433 1243 1467 ipsius.
1265 1434 1337 1461 Idem
1360 1434 1456 1461 scribit
1478 1434 1510 1461 de
1531 1433 1628 1462 litteris
1641 1433 1702 1462 Ori-

913 1478 989 1513 genis
1005 1479 1038 1506 ad
1048 1479 1183 1515 Beryllum
1200 1479 1373 1507 Bostrensetn
1391 1480 1547 1514 epist-opum
1570 1480 1702 1515 Hierony-

914 1532 973 1552 mus
987 1525 1086 1553 ibidem
1101 1533 1163 1560 cap.
1178 1526 1222 1553 Ἠ.
1239 1525 1356 1553 Rufinus
1381 1533 1490 1561 quoque
1513 1526 1540 1552 in
1556 1525 1646 1553 libello
1665 1525 1702 1552 De

912 1570 1028 1598 adulter.
1046 1571 1137 1599 libror.
1164 1571 1286 1606 Origcnis
1312 1573 1474 1599 testimoniis
1498 1572 1582 1599 utitur
1595 1579 1628 1599 ex
1641 1572 1701 1606 epi-

912 1617 980 1644 stola
995 1617 1030 1644 ab
1048 1617 1164 1653 Origene
1180 1618 1214 1644 ad
1232 1618 1335 1646 amicos
1348 1618 1479 1652 quosdam
1505 1625 1569 1645 suos
1583 1618 1702 1644 Alexan-

912 1662 1006 1690 drinos
1019 1663 1119 1696 scripta
1133 1671 1139 1689 :
1156 1667 1183 1689 et
1197 1662 1310 1689 alteram
1327 1662 1418 1689 laudat
1432 1668 1563 1697 praeterea
1581 1663 1701 1696 ejusdem

912 1708 1071 1740 argumenti.
1088 1708 1207 1742 Epistula
1230 1707 1350 1741 ejusdem
1372 1709 1405 1735 ad
1427 1709 1588 1743 Gregorium
1611 1708 1704 1735 Thau-

911 1758 1063 1788 maturgum
1075 1753 1182 1781 decimo
1206 1754 1286 1781 tertio
1300 1753 1458 1781 P/tilocalia:
1473 1754 1563 1789 capite
1579 1754 1703 1780 continev

913 1803 965 1826 tur.
984 1799 1091 1826 Partem
1108 1799 1225 1834 denique
1241 1799 1362 1834 epistola:
1377 1798 1519 1834 cujusdam
1543 1798 1701 1827 Adamantii

912 1846 1053 1882 proferunt
1063 1846 1202 1874 Cedrenus
1221 1850 1248 1873 et
1262 1845 1372 1873 Suidas.

947 1903 1002 1931 Vll.
1021 1903 1142 1931 Aliarum
1157 1908 1285 1938 praeterea
1313 1902 1494 1939 quarumdam
1519 1903 1700 1938 scriptionum

911 1949 1035 1984 Origcnis
1061 1950 1224 1978 mentionem
1251 1949 1321 1985 apud
1348 1954 1454 1977 veteres
1481 1949 1599 1976 invenio.
1622 1949 1701 1977 Philo

910 1995 1018 2024 Judzcus
1043 1996 1166 2023 ediderat
1198 1995 1297 2022 librutn
1330 1995 1524 2023 Hebraicurum
1543 1993 1699 2022 'nominum

912 2043 1019 2070 Veteris
1034 2033 1211 2074 Testamenti,
1226 2049 1377 2077 eorumque
1392 2042 1568 2077 etymologias
1580 2046 1607 2068 et
1620 2041 1702 2069 inter-

910 2090 1078 2124 pretationes
1092 2088 1228 2123 adjecerat
1243 2096 1251 2115 :
1269 2096 1348 2124 quem
1368 2087 1468 2116 librutn
1487 2087 1581 2114 Latina
1599 2087 1702 2114 oratio-

912 2143 944 2162 ne
963 2135 1144 2171 llieronytnus
1158 2142 1301 2170 expressit.
1318 2135 1396 2168 Quod
1414 2135 1439 2162 iu
1458 2134 1631 2162 Testamento
1648 2134 1701 2161 Ve-

913 2183 961 2210 teri
980 2183 1084 2210 iecerat
1097 2181 1186 2214 Philo,
1202 2182 1271 2209 idetn
1283 2182 1309 2208 itt
1322 2181 1396 2209 Novo
1411 2180 1542 2208 factitavit
1555 2179 1698 2215 Origenes,

71 2220 162 2247 Patris
177 2221 342 2254 substantia,
356 2225 384 2248 et
399 2226 489 2248 utrum
510 2221 634 2249 diabolus
655 2222 712 2256 ejus
727 2226 798 2250 esset
811 2229 860 2248 na-
877 2232 899 2260 D
914 2236 1047 2263 suumque
1062 2235 1129 2263 opus
1143 2228 1176 2255 ad
1190 2235 1257 2262 opus
1272 2227 1392 2254 philonis
1411 2226 1552 2262 attjunxit;
1575 2226 1600 2253 in
1615 2233 1702 2260 eoque

71 2273 151 2303 turre,
165 2276 226 2303 quae
251 2268 367 2296 salutem
383 2268 495 2303 adipisci
522 2276 574 2296 non
595 2274 695 2303 posset.
716 2269 860 2296 Africanus

70 2315 199 2350 Origenis
214 2315 325 2350 aequalis
337 2320 364 2342 et
389 2315 492 2342 amicus
508 2315 585 2342 initio
603 2315 740 2349 Epistolzr,
752 2323 803 2350 qua
820 2315 860 2350 ip-

69 2362 130 2390 sius
146 2363 308 2389 sententiam
323 2362 356 2389 de
371 2361 503 2389 Susanutc
520 2362 635 2389 historia
661 2363 765 2397 rogavit
778 2383 786 2395 ,
802 2362 860 2389 lau-

69 2409 118 2436 dat
131 2407 272 2443 Dialogum
287 2407 345 2442 ejus
361 2407 394 2434 atl
409 2407 592 2442 Agnomonem
608 2427 615 2440 ,
633 2407 658 2434 in
683 2415 737 2442 quo
753 2413 858 2442 partem

70 2455 146 2483 illam
162 2454 222 2482 libri
234 2453 352 2481 Danielis
369 2454 395 2481 in
414 2453 598 2481 testimonium
620 2453 778 2484 adduxerat,
797 2459 858 2487 qua:

70 2501 207 2528 Susanntc
223 2508 316 2528 casum
339 2504 443 2527 narrat.
471 2499 566 2526 Exstat
589 2498 706 2534 denique
730 2499 858 2534 Dialogus

69 2549 103 2574 de
119 2552 191 2574 recta
205 2548 232 2574 in
250 2547 332 2573 Deum
351 2547 415 2581 lida,
429 2545 475 2582 qui
501 2551 526 2573 et
551 2550 642 2572 contra
669 2544 857 2572 Marcionistas

69 2594 246 2626 inscribitur;
267 2594 314 2621 sed
329 2594 437 2628 spurius
456 2598 484 2620 et
504 2591 692 2628 supposititius
705 2611 713 2624 ,
739 2596 768 2618 ut
788 2591 858 2618 infra

68 2641 330 2670 demonstrabimus.

106 2688 152 2715 Ἦ.
165 2687 300 2723 Epistolas
316 2687 440 2722 Origenis
461 2691 592 2722 quotquot
611 2691 670 2714 erat
684 2689 789 2718 nactus,
802 2693 817 2712 a
829 2693 859 2713 se

105 2747 128 2762 ⁸⁷
144 2746 241 2774 Euseb.
260 2745 321 2773 libr.
336 2753 362 2772 vt
378 2743 463 2778 Hist,
476 2751 536 2778 cap.
548 2744 576 2771 Ξ.
615 2744 638 2760 ⁸⁸
658 2744 723 2772 ibid.
738 2751 798 2779 cap.
826 2744 870 2771 i9.

66 2780 92 2799 "
107 2781 173 2809 ibid.
188 2789 250 2816 cap.
267 2781 310 2808 '59.

104 2840 145 2876 (ἃ)
169 2839 204 2866 Ut
229 2839 341 2866 ostendit
365 2838 423 2876 ejus
447 2838 581 2876 exemplar
603 2839 718 2876 nondum
743 2839 855 2871 editum,

64 2874 138 2907 quod
159 2883 236 2910 penes
251 2883 290 2901 nte
305 2879 353 2902 cst.
376 2874 442 2902 Vide
464 2874 528 2901 torui
556 2875 638 2902 nostri
665 2875 764 2908 prioris
790 2882 851 2909 pag.

913 2275 1104 2309 llierouytnutn
1129 2274 1293 2301 imitatorem
1311 2272 1403 2300 habuit
1418 2281 1425 2299 :
1443 2271 1520 2306 cujus
1545 2272 1626 2298 verba
1644 2271 1702 2298 lucc

913 2325 976 2349 sunt
996 2321 1022 2347 in
1038 2319 1147 2348 Prmfat.
1161 2320 1194 2346 ad
1213 2319 1310 2347 librum
1328 2318 1453 2346 Hebruic.
1467 2317 1622 2345 nominum:
1638 2325 1646 2342 t
1662 2317 1702 2344 Ac

912 2374 946 2394 ne
971 2366 1040 2394 forte
1054 2369 1243 2393 consummato
1256 2365 1372 2392 aedilicio
1394 2366 1472 2399 quasi
1487 2370 1608 2391 extrema
1623 2363 1702 2390 dees-

912 2417 954 2440 set
970 2419 1077 2443 manus,
1095 2411 1163 2439 Novi
1179 2411 1347 2439 Testamenti
1371 2411 1455 2438 verba
1474 2415 1501 2437 et
1525 2409 1634 2436 nomina
1660 2409 1703 2436 in-

915 2462 1078 2493 terpretatus
1095 2465 1167 2489 sutn,
1181 2457 1281 2484 imitari
1295 2457 1388 2484 volens
1401 2464 1432 2483 ex
1447 2459 1527 2491 parte
1543 2454 1702 2490 Origenem,

915 2511 994 2538 quem
1015 2507 1074 2538 post
1088 2503 1224 2537 apostolos
1239 2502 1421 2530 Ecclesiarum
1441 2501 1602 2536 magistrum
1623 2508 1703 2528 nemo

916 2549 967 2576 nisi
985 2549 1124 2582 imperitus
1145 2553 1234 2584 negat.
1256 2549 1328 2576 Inter
1344 2553 1443 2575 caetera
1457 2547 1528 2574 enim
1544 2546 1642 2581 ingenii
1660 2546 1701 2573 sui

913 2596 1042 2631 pneclara
1071 2600 1245 2622 monumenta
1270 2595 1352 2622 etiam
1374 2595 1399 2620 iu
1419 2594 1471 2620 hoc
1496 2593 1649 2625 laboravit,
1674 2597 1703 2619 ut

913 2641 982 2676 quod
996 2640 1071 2667 Philo
1086 2640 1164 2674 qttasi
1178 2639 1288 2667 Judmus
1304 2639 1445 2671 omiserat,
1467 2638 1511 2664 hic
1527 2642 1556 2664 ut
1569 2637 1702 2664 Clu-istia-

915 2695 965 2714 nus
981 2685 1115 2721 impleret.
1130 2695 1140 2711 ›
1156 2685 1230 2712 Libri
1245 2684 1364 2719 ejusdem
1381 2683 1607 2711 memittitauctor
1621 2682 1702 2715 ρυω-

910 2743 932 2759 "
946 2742 1013 2772 ibid.
1028 2750 1088 2778 cap.
1099 2742 1146 2770 28.
1184 2742 1208 2758 ⁷⁰
1224 2742 1291 2770 ibid.
1305 2749 1366 2777 cap.
1378 2741 1423 2768 5|.
1462 2740 1483 2756 "
1502 2740 1566 2768 ibid.
1581 2747 1640 2775 cap.
1655 2739 1700 2767 56.

910 2838 973 2870 275.
998 2837 1042 2867 tibi
1065 2837 1108 2866 hic
1131 2836 1201 2866 liber
1224 2841 1278 2865 tam
1299 2835 1393 2864 Grzece
1413 2841 1493 2870 quam
1518 2833 1614 2862 Latine
1638 2833 1702 2862 edi-

911 2880 937 2900 tu
942 2883 964 2900 l'.
