1908 3071
216 123 284 152 1255

854 116 885 145 Ρ.
905 115 1063 143 DANIELIS
1082 115 1199 142 HUETII

1769 113 1836 139 12.56

215 185 329 206 ιιιυιιιιηι
344 177 378 203 ad
393 175 568 205 orthodox“,
585 173 630 208 qui
650 172 717 200 I'also
733 172 861 200 tribuitur
877 172 996 206 Justino,
1013 177 1038 205 Α
1052 172 1122 198 enim
1147 170 1287 206 exegetica
1313 174 1503 198 enumerasset
1526 169 1720 204 llieronymus,
1738 172 1794 195 tum
1810 168 1836 196 iu

215 229 312 260 quaest.
330 223 364 251 82
382 227 409 250 et
421 222 466 254 86,
484 221 510 248 in
525 228 611 255 eoque
627 225 724 254 praeter
736 219 867 247 Hebraica
879 219 999 251 nomina,

217 277 360 298 mensuras
383 270 463 295 etiam
491 267 681 301 interpretatas
705 273 765 293 esse
790 265 878 292 docet.
904 265 1000 292 Videat

215 323 280 350 ergo
293 315 404 342 Rulinus
418 321 470 347 qua
488 312 540 339 lide
551 312 700 346 scripserit.
715 311 815 337 lnaect.
832 318 851 337 ιι
867 311 892 337 in
905 309 1000 337 Hiero-

217 365 337 394 nymum,
354 364 387 384 ne
398 364 480 384 unum
496 356 604 391 quidem
618 355 765 390 Scriptura‘.
780 355 890 382 verbum
903 354 999 389 Orige-

215 411 276 431 nem
290 403 414 430 vertisse.

253 449 316 477 VIII.
333 449 444 476 Librum
460 448 498 476 De
510 448 629 475 oratione
640 446 765 475 emisiSse
781 446 925 482 Origenem
943 453 1001 473 me-

214 496 308 522 moriae
330 494 449 529 prodidit
469 493 625 528 Pamphilus
642 492 669 519 in
688 492 855 527 Apologetico
868 499 877 517 :
894 500 903 516 ‹
922 490 1000 518 Deni-

214 548 277 575 que,
294 540 398 574 inquit,
423 539 449 566 in
476 543 529 566 tam
555 538 666 570 multis,
685 543 712 565 et
727 543 781 565 tam
804 538 919 565 diversis
941 537 999 573 ejus

215 585 358 621 (Origenir)
375 584 451 612 libris
465 591 596 618 nusquam
607 584 718 610 omnino
729 583 865 611 invenitur
879 591 949 611 unus
965 583 1000 611 ab

214 640 247 660 eo
266 633 334 659 liber
346 630 452 666 proprie
466 629 504 657 De
519 630 611 656 animo
635 629 821 663 conscriptus,
837 629 905 656 sicut
920 629 1000 656 habet

214 678 256 705 νει
272 678 309 704 De
334 677 460 712 martyrio
473 695 481 708 ,
501 674 543 702 vel
559 674 597 701 De
614 675 732 702 oratione
743 694 752 708 ,
773 674 815 701 vel
830 674 867 701 De
881 682 999 702 resurre-

215 724 310 750 ctione.
339 722 398 756 Quo
424 721 486 748 licet
520 727 678 748 careremus
706 719 884 751 testimonio,
912 719 998 754 ipsum

214 776 282 803 opus
296 769 366 802 quod
389 767 423 797 ad
441 767 510 794 banc
527 767 598 793 diem
621 769 764 800 superest,
781 772 828 800 per
849 772 879 792 se
894 765 999 792 innote-

214 819 313 842 sceret.

1055 224 1135 244 unam
1150 217 1264 243 classem
1282 220 1453 250 syntagmata
1478 214 1603 249 conjicit,
1624 214 1659 240 ad
1685 220 1773 247 eaque
1790 219 1837 239 suo

1055 262 1151 288 ordine
1163 263 1345 296 percensemla
1360 260 1502 292 accedens,
1525 269 1534 285 ι
1553 259 1617 287 Item
1627 279 1635 292 ,
1657 259 1758 293 inquit,
1773 258 1837 284 scri-

1052 307 1105 341 psit
1124 306 1296 341 Mquebiblia,
1311 306 1378 340 Περὶ
1392 304 1492 340 ἀρχῶν
1506 305 1588 331 libros
1599 309 1727 338 quatuor,
1748 312 1758 329 ι
1773 307 1836 333 etc.;

1053 353 1131 387 quasi
1149 352 1262 380 dixisset
1277 362 1283 379 :
1298 352 1363 379 Item
1378 351 1519 386 sequentia
1533 351 1645 385 scripsit
1659 351 1837 385 Syntagmata

1053 400 1125 434 (qua:
1144 404 1172 426 et
1198 398 1325 432 opuscula
1344 398 1440 425 deinde
1461 396 1574 424 Ruﬁnus
1593 395 1722 431 appellat)
1744 401 1838 429 nempe

1051 446 1134 474 libros
1149 446 1220 480 Περὶ
1236 445 1347 480 ἀρχῶν,
1363 451 1415 473 etc.
1434 445 1521 479 Atque
1540 443 1607 477 lucc,
1623 442 1696 478 quod
1709 449 1763 468 non
1772 441 1838 467 alio-

1051 500 1111 519 rum
1124 492 1256 519 librorum
1273 499 1355 518 causa
1370 495 1463 518 essent
1476 490 1629 521 elaborata,
1643 495 1695 515 nec
1706 488 1768 514 aliis
1792 486 1839 512 ad-

1049 537 1184 571 iungenda
1194 542 1294 569 essent
1308 537 1402 570 libris,
1418 535 1569 570 cujusmodi
1585 539 1664 562 erant
1679 532 1838 568 exegetica;

1051 584 1099 611 sed
1115 583 1223 619 proprio
1245 583 1449 610 contitterentur
1465 585 1638 616 argumento,
1658 585 1686 606 et
1701 579 1776 606 circa
1790 584 1838 612 pe-

1049 629 1181 656 culiarem
1194 629 1244 655 sibi
1260 628 1402 654 materiem
1420 632 1607 658 versarentur,
1626 625 1730 652 idcirco
1746 623 1840 650 Mono-

1051 675 1133 702 biblia
1147 674 1280 708 appellata
1308 678 1380 701 sunt.
1399 671 1455 700 Sed
1475 672 1533 699 haec
1549 679 1599 707 pro
1616 670 1776 705 conjectura
1794 668 1839 696 ba-

1053 720 1109 748 beri
1124 721 1194 748 volo.

1086 767 1128 793 Ad
1146 771 1312 801 postremum
1338 765 1495 792 Vincentius
1513 763 1712 791 Bellovacensis
1734 761 1840 796 Specuti

1048 812 1209 839 .doctriualir
1227 812 1289 839 libr.
1315 820 1393 845 xuii,
1415 820 1474 847 cap.
1497 813 1542 843 45,
1566 810 1692 844 Origeuis
1712 809 1841 836 lucubra-

251 869 295 897 IX.
314 869 503 897 Theodorelus
530 869 556 896 in
583 868 660 895 libris
680 867 875 895 Ha'reticnrum
894 866 998 902 fabula-

1063 859 1136 886 iones
1150 866 1211 892 qua:
1223 859 1257 885 ad
1269 865 1317 885 sua
1329 864 1511 893 pervenerant
1526 863 1648 891 tempora
1664 861 1839 885 enumerans,

214 924 274 943 rum
289 914 436 950 Origenem
459 922 531 949 saepe
550 914 660 949 allegat,
680 918 707 941 et
726 913 809 941 libros
825 913 907 948 ipsius
921 913 947 940 in
961 918 1001 940 te-

216 962 371 989 stimonium
396 961 516 988 adducit.
535 959 616 988 Libro
640 960 748 994 quidem
775 959 867 993 priore
882 965 943 992 cap.
972 958 999 990 9.,

215 1007 356 1041 scripsisse
372 1014 434 1034 eum
443 1006 481 1033 ait
492 1006 623 1034 adversus
637 1005 812 1033 Menandrum
825 1005 999 1038 baereticum;

210 1058 242 1081 vet
255 1053 341 1087 capite
355 1053 372 1080 4
385 1053 515 1080 adversus
531 1052 674 1080 Basilidem
691 1057 720 1080 et
732 1052 884 1083 lsidorum;
901 1055 929 1078 et
955 1058 1001 1077 ca-

215 1099 269 1133 pite
281 1098 296 1124 7
315 1098 445 1125 adversus
460 1096 647 1130 lielcesaitas,
665 1102 692 1124 et
706 1096 795 1131 capite
808 1095 852 1127 I9,
871 1095 1001 1123 adversus

214 1144 409 1178 Hermogenen:
425 1148 453 1170 et
463 1141 651 1174 Valentinum;
670 1142 794 1176 etcnpite
808 1141 855 1173 2i,
871 1141 1002 1168 adversus

214 1183 361 1222 Severum;
377 1194 404 1215 et
419 1188 506 1223 capite
521 1188 568 1220 25,
590 1187 721 1215 adversus
732 1186 851 1221 Apellem
867 1195 875 1213 :
891 1190 918 1214 et
932 1186 1001 1213 libro

210 1243 240 1266 ιι,
256 1235 343 1269 capite
358 1234 390 1266 2,
407 1235 538 1263 adversus
555 1234 679 1262 haeresim
695 1233 889 1260 Nazareorum
905 1240 912 1258 :
929 1237 957 1259 et
970 1231 1001 1258 li-

213 1281 263 1308 bro
279 1287 308 1307 Ill
322 1299 330 1312 ,
346 1279 434 1313 capite
448 1279 481 1312 1ζ,
495 1279 626 1307 adversus
652 1277 810 1304 Nicolaitas.
835 1276 919 1304 Libro
937 1283 1001 1302 vero

214 1325 343 1356 secundo,
359 1325 448 1359 capite
463 1324 494 1357 5,
514 1325 595 1351 tradit
616 1323 727 1358 Origeni
744 1323 864 1350 tribuere
889 1321 1001 1349 nonnul-

214 1371 254 1397 los
267 1369 383 1396 Paruum
406 1369 584 1404 labyrinthum
595 1390 603 1402 ,
629 1370 674 1404 qui
690 1369 758 1396 liber
768 1369 900 1396 adversus
914 1367 1002 1394 Theo-

213 1416 307 1443 dotum
323 1415 480 1443 luereticum
496 1415 614 1450 scriptus
628 1419 680 1442 est.
702 1413 873 1448 Nicephorus
890 1421 999 1448 quoque

211 1461 282 1489 libro
296 1469 323 1493 ιι,
338 1469 398 1495 cap.
411 1461 458 1493 56,
479 1461 628 1495 Origenem
648 1465 761 1487 testatur
778 1459 888 1494 scriptis
905 1459 1002 1486 libellis

211 1505 365 1533 luet-leuiter
379 1505 511 1533 refellisse
527 1505 681 1532 Marcellum
697 1505 818 1532 Galatam
843 1511 871 1533 et
886 1505 1003 1540 Porphy-

211 1551 302 1583 rium;
322 1552 408 1586 iisque
421 1551 498 1578 libris
511 1552 536 1578 id
551 1551 660 1586 assequi
675 1557 800 1578 conatum
814 1559 885 1584 esse,
903 1556 932 1577 ut
949 1552 996 1578 ob-

212 1598 284 1625 scuri
300 1603 327 1624 et
339 1597 455 1624 intricati
472 1598 618 1632 Scriptum
638 1598 710 1630 loci,
726 1598 823 1632 quibus
839 1597 914 1625 abuti
929 1597 1002 1625 sole-

211 1641 277 1669 bant
287 1642 416 1673 haeretici,
430 1642 464 1669 ad
482 1649 573 1669 verum
588 1650 696 1670 sensum
709 1642 926 1670 dcilectereutur.
943 1642 1000 1669 Non

212 1687 337 1722 equidem
355 1688 517 1714 crediderim
539 1689 648 1716 totidem
665 1688 749 1715 libros
761 1688 935 1716 conlutandis
950 1689 1001 1717 Ine-

212 1732 306 1759 reticis
323 1733 446 1760 emisisse
468 1732 634 1766 Origenem,
657 1738 726 1769 quot
751 1734 892 1762 baaretiros
911 1734 946 1761 ab
968 1742 1001 1762 eo

211 1777 366 1805 confutatos
391 1783 486 1806 narrat
514 1778 720 1813 Thcodoretus;
748 1781 794 1807 sed
820 1780 953 1815 plurimos
964 1788 999 1808 ex

212 1823 267 1850 illis
289 1824 315 1850 in
334 1824 448 1851 alterius
460 1825 614 1860 argumenti
640 1825 833 1861 scriptionibus
852 1826 940 1854 obiter
966 1826 1000 1854 ab

211 1869 331 1904 Origene
346 1871 507 1903 perstrictus
528 1871 672 1905 existimo;
697 1871 925 1907 quemadmodum
951 1872 1001 1900 He-

212 1915 365 1942 racleonem
378 1917 404 1943 in
420 1916 630 1945 Commentariis
641 1918 669 1944 in
687 1918 817 1945 Joannem
835 1925 905 1953 smpe
917 1919 952 1946 ab
967 1926 1000 1946 eo

210 1961 367 1996 sugillatnm
386 1963 522 1995 videmus,
549 1969 577 1991 et
605 1964 705 1998 ubique
728 1964 784 1991 fere
809 1963 998 1997 Valentinum,

212 2005 357 2035 Basiliden:
385 2014 412 2035 et
432 2009 607 2037 Marcionem.
623 2011 658 2036 At
677 2010 783 2045 aliquos
804 2016 892 2038 tamen
907 2010 1000 2038 adver-

210 2061 258 2081 sus
284 2055 424 2083 haereticos
452 2061 478 2083 et
508 2056 632 2083 ethnicos
661 2058 790 2090 quosdam
820 2064 852 2083 ex
877 2057 1000 2085 instituto

211 2100 329 2127 edidisse
347 2107 449 2128 certum
469 2107 511 2129 est
527 2111 535 2135 ;
563 2103 652 2137 qualis
680 2107 722 2130 est
740 2102 810 2129 liber
833 2108 925 2130 contra
941 2102 999 2130 Cel-

210 2154 286 2178 sum;
322 2147 411 2181 qualis
440 2147 489 2175 fuit
514 2147 615 2175 Part-ur
640 2148 683 2176 ille
708 2148 874 2183 labyrinthus
901 2149 997 2176 adrer-

1049 904 1090 931 sic
1108 904 1287 938 auspicatur:
1310 903 1438 938 Apologia
1463 910 1510 937 pro
1536 911 1573 936 se,
1597 906 1730 928 tractatus
1747 900 1774 928 1.
1793 900 1841 926 Do-

1050 950 1147 977 ctrinze
1162 950 1270 984 quidem
1286 956 1342 976 suae
1359 950 1546 977 defensionem
1563 949 1597 976 ad
1616 948 1768 975 Fabianum
1793 952 1840 979 pa-

1048 1003 1111 1030 pam
1128 997 1234 1024 misisse
1249 996 1394 1031 Origeuem
1419 1003 1500 1030 supra
1515 996 1670 1022 notavimus
1685 1002 1692 1020 ε
1707 1001 1742 1019 an
1753 999 1787 1019 ea
1800 992 1840 1019 bis

1050 1042 1217 1076 signiﬁcetur
1239 1041 1373 1068 Viueentii
1397 1041 1489 1068 verbis
1505 1060 1512 1073 ,
1540 1048 1574 1067 an
1601 1040 1675 1067 aliud
1700 1038 1841 1074 quidpiam

1050 1094 1119 1122 opus
1130 1087 1214 1114 lector
1226 1087 1368 1122 perspicax
1382 1087 1543 1114 arbitretur.

1086 1132 1132 1159 XI.
1147 1133 1257 1160 Minime
1272 1140 1337 1160 vero
1354 1133 1379 1159 in
1392 1132 1465 1159 hunc
1486 1139 1599 1160 censum
1616 1129 1786 1158 conferenda
1800 1129 1842 1155 vi-

1051 1179 1161 1206 deretur
1172 1186 1233 1206 esse
1248 1177 1408 1208 Pltitocaliu.
1418 1182 1447 1204 ut
1460 1185 1520 1212 quae
1528 1185 1543 1203 a
1553 1177 1654 1204 Basilio
1667 1181 1694 1203 et
1708 1174 1841 1209 Gregorio

1052 1225 1073 1252 Τ
1076 1225 1187 1259 heologo
1203 1224 1311 1252 conluta
1327 1229 1354 1252 et
1369 1224 1558 1251 consarcinata
1577 1222 1622 1250 sit.
1649 1221 1786 1255 Quoniam
1804 1226 1842 1246 ta-

1052 1276 1112 1296 men
1126 1276 1158 1295 ex
1172 1269 1327 1296 Adatnantii
1353 1269 1452 1304 pannis
1468 1273 1523 1296 tota
1537 1271 1666 1295 c0ntexta
1680 1272 1723 1294 est
1733 1288 1740 1298 ,
1755 1270 1786 1293 et
1809 1272 1843 1291 ex

1051 1315 1189 1342 ventilatis
1219 1323 1300 1349 supra
1326 1314 1452 1350 Origenis
1482 1315 1613 1349 operibus
1635 1313 1693 1340 l'ere
1719 1313 1843 1340 detracta

1051 1367 1114 1388 sunt
1129 1361 1282 1397 fragmenta
1306 1362 1408 1396 quibus
1426 1361 1472 1388 illa
1497 1364 1619 1392 constat;
1642 1360 1702 1386 ideo
1719 1366 1774 1386 non
1793 1365 1842 1393 pro

1053 1408 1159 1434 diverso
1175 1407 1267 1441 aliquo
1285 1415 1366 1442 opere
1386 1406 1510 1434 habenda
1534 1410 1594 1438 est,
1608 1405 1657 1432 sed
1673 1412 1723 1440 pro
1744 1404 1844 1437 Orige-

1052 1453 1133 1480 niano
1150 1458 1251 1480 tantum
1268 1459 1402 1485 centone,
1425 1453 1452 1480 in
1476 1460 1532 1487 quo
1556 1452 1723 1486 Origeniana
1748 1451 1844 1477 omnia

1053 1503 1114 1525 sunt
1125 1506 1223 1534 praeter
1238 1503 1393 1527 contextum
1409 1508 1416 1526 :
1433 1504 1632 1535 proptereaque
1657 1498 1682 1524 in
1703 1497 1778 1524 banc
1796 1503 1843 1523 se-

1054 1545 1120 1572 riem
1136 1553 1150 1572 a
1163 1545 1240 1572 nobis
1254 1545 1423 1574 admittetur.

1359 1613 1481 1642 SECTIO
1498 1614 1529 1641 ll.

1052 1670 1086 1690 DE
1114 1670 1236 1691 ORIGENIS
1263 1671 1447 1692 SYNTAGIIA'I‘IS
1474 1670 1533 1696 QUAE
1560 1670 1725 1693 SUPEBSUNT,
1756 1669 1846 1693 DEQCB

1088 1707 1215 1727 Viros'ris
1240 1707 1374 1727 LIBRORUI
1390 1698 1460 1733 Περὶ
1484 1697 1586 1733 ἀρχῶν
1606 1704 1845 1725 ιιετιῖιιριιετλτιυ-

1086 1743 1173 1763 IIBUS.

1051 1780 1071 1808 I.
1092 1781 1186 1820 Agitur
1202 1781 1234 1807 de
1257 1781 1332 1808 libris
1354 1780 1390 1807 De
1412 1781 1631 1820 resurrectione.
1648 1779 1680 1820 l_l.
1700 1779 1775 1820 {legi

1088 1816 1160 1851 χῶν,
1185 1821 1327 1851 eorumque
1358 1821 1464 1842 vetustis
1495 1816 1774 1849 interpretationibus,
1801 1817 1842 1842 ltl.

1085 1851 1309 1886 Στρωματεῦσι,
1333 1850 1377 1878 IV.
1411 1850 1587 1886 Protreptico_
1605 1851 1640 1876 ad
1670 1851 1845 1886 martyrium,

1088 1884 1211 1913 VXHtiris
1227 1892 1322 1913 contra
1346 1885 1463 1913 Celsum.
1481 1886 1525 1918 Vl,
1563 1884 1703 1919 Epistolis,
1730 1885 1788 1913 \ll.
1812 1887 1844 1912 tt-

1092 1923 1137 1948 bro
1159 1921 1196 1948 De
1212 1921 1347 1953 oratione,
1371 1920 1435 1948 Vlll.
1452 1927 1474 1948 et
1495 1921 1652 1948 l’hilocalia.

1086 1967 1106 1994 l.
1126 1967 1165 1995 Ex
1182 1967 1349 1994 enumeratis
1364 1968 1487 2002 proxime
1502 1967 1661 1993 Adamantii
1676 1966 1844 2001 Syntagma-

1052 2012 1085 2039 tis
1112 2013 1168 2040 fere
1195 2012 1330 2045 omnibus,
1354 2012 1394 2039 vel
1420 2012 1468 2039 toti
1491 2011 1564 2045 libri,
1585 2012 1627 2038 vel
1650 2012 1774 2045 insignia
1792 2012 1845 2038 I'ra-

1050 2063 1167 2092 gmenta,
1194 2058 1236 2085 vel
1263 2059 1401 2093 particula:
1424 2058 1521 2093 aliqu;e
1545 2058 1578 2084 ad
1601 2063 1696 2085 nostra
1720 2063 1844 2093 tempora

1049 2110 1238 2139 pervenerunt.
1254 2105 1274 2132 E
1287 2105 1362 2132 libris
1374 2105 1481 2139 quidem
1497 2104 1533 2131 De
1549 2105 1748 2132 resurrectione
1759 2107 1845 2140 primo

1049 2157 1076 2178 et
1094 2151 1212 2178 secundo
1228 2150 1378 2185 fragmenta
1398 2150 1500 2185 aliquot
1531 2150 1667 2184 depromit
1685 2149 1846 2185 Pamphilus

210 2199 258 2218 sus
273 2190 440 2220 Theodotum
454 2212 462 2225 ,
485 2193 507 2220 si
525 2194 604 2220 modo
628 2193 771 2227 Origenem
795 2198 933 2221 auctorem
950 2193 999 2220 ha-
1013 2205 1035 2233 ι)
1051 2197 1076 2223 in
1093 2196 1271 2231 Apologetico,
1287 2197 1321 2223 ad
1338 2196 1482 2231 septimam
1505 2195 1694 2230 depellendam
1715 2197 1846 2224 crimina-

212 2242 287 2274 buit;
302 2241 388 2275 qualis
403 2240 452 2267 fuit
470 2239 633 2267 Lucubratio
649 2240 778 2267 adversus
796 2240 965 2268 Ilelcesaitas
987 2260 997 2275 ,

210 2295 280 2322 quos
296 2286 421 2322 peculiari
439 2293 519 2320 opere
535 2286 672 2313 convictos
689 2286 771 2313 fuisse
783 2286 930 2314 verisimile
941 2291 994 2314 est.

248 2343 282 2371 Χ.
299 2344 481 2378 Hieronymus
496 2343 566 2378 apud
582 2342 704 2371 Rufinem
722 2343 821 2371 Invect.
837 2352 867 2376 ιι,
883 2344 997 2371 indicem

211 2387 343 2415 librorum
361 2387 487 2422 Origenis
504 2393 648 2421 pertexeus
661 2408 670 2420 ,
691 2389 731 2415 sic
751 2389 881 2416 disserit:
905 2399 914 2415 ι
936 2389 999 2417 Vul-

214 2435 247 2461 tis
263 2440 376 2461 noscere
389 2438 489 2468 quanta
513 2433 612 2468 ingenii
628 2433 669 2460 sui
686 2434 830 2468 reliquerit
843 2442 999 2462 tuonumen-

213 2485 238 2507 ta
252 2481 264 2508 ?
282 2480 405 2514 Sequens
417 2479 509 2507 titulus
521 2480 640 2507 ostendit
655 2490 661 2508 :
681 2480 796 2514 Scripsit
820 2480 847 2507 in
871 2481 998 2508 Genesim

212 2525 296 2553 libros
324 2525 454 2552 tredecim
477 2533 485 2552 :
511 2525 686 2560 mysticarum
719 2526 891 2553 honiiliarum
916 2527 999 2554 libros

212 2571 280 2598 duos
297 2580 303 2598 :
322 2571 348 2598 in
371 2571 463 2598 Exodo
482 2577 631 2606 excerpta:
651 2572 676 2598 in
705 2571 825 2599 Levitico
845 2577 972 2608 excerpta
991 2581 997 2599 :

213 2616 278 2644 item
295 2616 457 2644 Monobiblia
469 2637 476 2648 .
501 2617 571 2651 Περὶ
592 2617 693 2651 ἀρχῶν
709 2617 794 2645 libros
812 2622 949 2652 quatuor;
961 2618 1000 2645 De

212 2663 401 2689 rerurrectione
424 2662 509 2690 libros
529 2664 595 2690 duos
606 2683 613 2695 ,
628 2668 653 2690 et
670 2663 739 2690 alios
754 2664 787 2690 de
800 2665 999 2692 resurrectiOne

212 2707 332 2741 dialogos
366 2708 443 2734 duos.
465 2717 474 2734 ι
500 2708 568 2741 Quid
597 2709 651 2735 sint
678 2708 838 2735 Monobihlia
867 2710 997 2736 incertum

211 2757 265 2779 est.
280 2752 404 2780 Fortasse
427 2761 478 2780 non
499 2754 635 2788 peculiare
656 2755 764 2789 aliquod
786 2754 909 2789 Origenis
931 2762 998 2788 opus

214 2796 265 2822 hoc
288 2798 395 2824 nomine
413 2799 551 2833 signatur,
576 2799 622 2826 sed
644 2807 673 2826 ea
696 2799 753 2833 ejus
775 2801 915 2834 opuscula,
939 2807 999 2833 quae

214 2847 264 2868 nos
280 2841 482 2882 Syntagmatum
499 2845 681 2879 appellatione
696 2846 912 2880 complectimur.
930 2845 995 2873 Cum

1053 2243 1162 2274 tionem,
1181 2250 1233 2276 qua
1250 2243 1283 2269 de
1298 2242 1497 2269 resurrectione
1515 2242 1585 2268 male
1606 2242 1731 2269 sensisse
1752 2241 1846 2278 Orige-

1052 2295 1100 2314 nes
1122 2288 1272 2314 dicebatur.
1298 2287 1338 2314 Ex
1365 2288 1459 2314 eodem
1487 2294 1594 2321 quoque
1627 2294 1727 2321 opere,
1750 2288 1846 2322 capitis

1052 2331 1148 2358 decimi
1163 2331 1223 2358 libri
1241 2331 1352 2359 secundi
1369 2331 1439 2366 Περὶ
1454 2330 1566 2366 ἀρχῶν,
1583 2331 1690 2359 fatente
1709 2333 1771 2367 ipso
1786 2332 1845 2361 Ori-

1050 2384 1127 2411 gene,
1144 2384 1205 2410 pars
1223 2376 1312 2410 aliqua
1332 2377 1460 2403 translata
1472 2382 1522 2404 est.

1084 2432 1117 2460 Il.
1135 2432 1266 2459 Baronius
1287 2441 1331 2459 an.
1347 2433 1411 2466 252,
1431 2441 1491 2468 cap.
1506 2433 1533 2466 ι,
1548 2434 1632 2461 libros
1648 2435 1723 2468 Περὶ
1744 2435 1845 2470 ἀρχῶν

1050 2477 1084 2504 ad
1099 2478 1253 2513 exetnplum
1270 2478 1383 2513 Longini
1401 2479 1557 2507 elaboratus
1570 2479 1604 2506 ab
1621 2479 1744 2514 Origene
1755 2483 1844 2515 suspi-

1049 2528 1137 2551 catur.
1156 2524 1307 2558 Longinum
1321 2525 1455 2559 siquidem
1471 2525 1551 2559 hujus
1566 2525 1636 2552 tituli
1655 2526 1762 2553 librum
1779 2527 1843 2554 scri-

1050 2571 1139 2605 psisse
1158 2570 1239 2597 refert
1257 2570 1425 2605 Porphyrius
1442 2571 1468 2597 in
1503 2570 1563 2597 Vita
1579 2570 1697 2598 Plotini.
1723 2572 1753 2599 Si
1783 2572 1843 2607 quis

1049 2616 1358 2651 econtrario_Longinum
1369 2615 1481 2643 allirmet
1492 2617 1582 2651 operis
1593 2617 1635 2644 sui
1647 2623 1840 2652 argumentum

1049 2662 1083 2689 ab
1104 2661 1219 2697 Origene
1237 2662 1395 2696 sumpsisse,
1413 2670 1428 2689 a
1446 2670 1509 2689 vero
1527 2662 1636 2695 longius
1661 2671 1716 2689 non
1742 2664 1839 2694 abibit;

1049 2715 1124 2740 aeque
1138 2708 1210 2733 enim
1231 2713 1376 2742 utrumque
1399 2709 1533 2735 incertum
1557 2714 1611 2736 est.
1637 2707 1716 2735 Libri
1745 2709 1840 2736 inscri-

1049 2753 1167 2786 ptionem
1186 2760 1281 2787 parum
1298 2759 1440 2781 assecutus
1452 2758 1493 2780 est
1515 2754 1639 2786 ltulinus,
1663 2755 1711 2788 qui
1731 2755 1759 2781 in
1777 2754 1841 2781 Pru-

1049 2798 1109 2833 logo
1134 2799 1167 2825 ad
1186 2799 1269 2826 libros
1284 2799 1354 2833 Περὶ
1370 2799 1470 2834 ἀρχῶν
1495 2801 1569 2827 reddi
1593 2808 1654 2828 eam
1681 2809 1765 2835 posse
1781 2801 1841 2828 dicit

1053 2844 1093 2871 De
1112 2845 1262 2880 principiis,
1287 2846 1329 2874 vel
1355 2845 1395 2874 De
1413 2847 1598 2880 potestatibus.
1623 2847 1693 2881 Quis
1709 2855 1776 2875 vero
1791 2854 1841 2875 nou
