1908 3071
86 122 156 151 1257

507 123 790 152 ORIGENIANORUM
808 123 872 151 LIB.
893 123 937 156 ιιι,
957 122 1032 152 CAP.
1052 122 1096 156 Ill,
1119 123 1216 152 SECT.
1237 123 1270 152 ll.

1633 129 1702 156 1258

87 185 211 220 intelligit
225 184 386 213 Christianae
399 185 548 220 religionis,
561 193 593 213 ac
608 193 679 214 vera:
690 186 867 222 philosophiae
880 191 905 219 Α
918 185 1113 219 dissimulatos,
1128 186 1201 214 nullo
1216 185 1291 213 falsae
1307 186 1541 222 interpretationis
1555 190 1616 218 fuco
1632 192 1702 219 obli-

85 231 217 258 elementa
248 231 299 258 hoc
325 231 394 258 libro
420 231 528 258 tradere
557 232 724 266 propositum
752 232 865 266 Origeni

85 275 187 303 fuisse?
197 276 377 310 Quamobrem
389 283 483 304 revera
496 282 568 310 sunt,
582 282 611 304 ut
620 278 729 313 subjicit
742 279 865 312 Ruﬁnus,

84 325 111 349 et
124 322 319 354 obscurissimi,
335 327 363 351 et
374 323 532 352 diﬁicillimi.
549 324 655 351 Addere
672 329 778 359 poterat
794 334 801 352 :
822 333 866 352 cr-

86 368 193 395 roribus
206 375 324 403 quoque,
337 373 364 396 et
382 369 557 405 ψευδωνύμου
575 369 701 404 γνώσεως
717 371 866 399 seminibus

84 412 253 440 refertissimi
268 423 274 441 :
290 414 316 441 in
332 414 366 441 iis
376 414 474 450 quippe
486 415 619 450 praecipua
632 416 785 450 dogmatum
801 424 865 445 suo-

85 465 143 484 rum
168 457 340 487 fundamenta
360 459 490 496 Origenes
515 461 614 495 posuit.
637 460 770 494 Quocirca
785 462 866 498 Didy-

83 511 143 531 mus
157 505 283 532 brevibus
292 513 339 533 eos
350 506 493 534 illustravit
503 508 742 542 commentariolis,
752 509 866 538 Ruﬁnus

83 557 148 577 vero
167 551 287 578 Romana
307 551 413 587 loquela
426 554 561 588 exposuit.
582 554 679 582 Verum
698 560 727 582 ut
740 563 864 584 errorum

81 603 192 623 suorum
212 598 301 631 capita
322 598 349 625 in
375 599 424 626 hac
440 599 627 628 lucubratione
648 602 780 629 conclusit
801 602 878 642 Ori-.

80 649 173 676 genes,
192 643 228 669 ita
243 643 270 670 in
285 644 380 671 eadem
398 645 475 673 malae
489 653 544 673 suae
565 651 592 673 et
606 646 684 675 ﬂuxae
700 648 807 682 penitus
822 649 864 676 in-

81 690 256 724 terpretando
282 689 341 717 lidei
369 693 508 726 egregium
532 693 668 728 specimen
691 694 771 722 edere
796 695 865 723 velle

79 734 154 761 visus
168 740 210 762 est
221 735 354 764 Ruﬁnus:
369 737 408 764 sic
420 738 492 765 enim
509 738 580 765 fatur
590 738 617 766 in
630 739 762 775 Prologo:
778 749 787 766 ι
806 740 865 768 Sic-

80 781 125 808 ubi
143 789 208 817 ergo
237 790 286 810 nos
313 783 339 810 in
369 783 438 811 libro
453 785 512 819 ejus
527 785 614 820 (Περὶ
631 785 750 822 ἀρχῶν)
764 787 864 822 aliquid

80 826 154 854 circa
180 827 206 855 id
229 828 389 862 invenimus,
405 830 476 864 quod
493 831 527 858 ab
545 831 603 866 ipso
629 832 655 859 in
674 833 780 861 caeteris
797 834 864 862 locis

918 235 976 265 tos;
992 237 1022 259 ut
1032 232 1066 259 ab
1081 231 1114 259 iis
1128 232 1154 258 in
1166 232 1307 267 propatulo
1317 232 1413 266 positis
1429 233 1535 261 facilius
1548 235 1599 263 sibi
1618 236 1703 265 lector

916 279 1027 306 faceret.
1042 278 1141 305 Verum
1163 278 1196 305 ad
1217 278 1287 306 hanc
1299 283 1407 307 :etalem
1424 287 1492 308 nova
1507 281 1602 309 isthaec
1615 283 1700 311 inter-

915 324 1031 359 pretatio
1047 332 1098 351 non
1117 325 1250 358 pervenit.

953 369 1052 397 Narrat
1075 377 1108 397 ex
1131 369 1246 397 aliorum
1263 371 1314 398 ﬁde
1331 371 1452 399 Andreas
1475 372 1586 400 ltivetus
1605 373 1700 402 Critici

915 416 985 443 sacri
1010 416 1079 443 libro
1100 424 1130 450 ιι,
1143 423 1202 451 cap.
1227 416 1276 449 t2,
1295 417 1378 445 libros
1398 418 1467 451 Περὶ
1485 418 1587 453 ἀρχῶν
1607 419 1700 449 Graece

915 463 1033 496 scriptos
1046 468 1155 489 exstare
1176 463 1202 489 in
1216 463 1376 497 quibusdam
1384 463 1570 492 ’bibliothecis.
1585 465 1699 494 Falsum

916 507 941 534 id
961 515 1021 535 esse
1047 507 1181 536 aﬂirmare
1206 509 1314 535 ausim:
1337 516 1398 536 nam
1422 518 1509 544 neque
1533 512 1559 538 in
1577 511 1699 544 Gallicis.

915 558 961 579 aut
981 553 1091 584 Italicis,
1113 559 1160 580 aut
1178 553 1358 585 Germanicis.
1376 559 1423 581 aut
1444 555 1595 590 llispauicis
1619 565 1698 593 repe-

916 597 964 624 riri
980 605 1026 624 eos
1043 598 1224 625 certissimum
1246 603 1297 625 est.
1320 598 1454 626 Incertum
1477 607 1541 627 vero
1564 605 1606 628 est
1619 608 1652 628 au
1666 609 1700 628 ex

915 643 1003 671 aliena
1017 643 1078 675 ﬁde.
1094 652 1127 671 an
1144 651 1178 671 ex
1191 652 1240 672 suo
1253 645 1360 680 ingenio
1373 644 1520 679 conjecerit
1531 646 1701 675 Abrahamus

915 691 1051 718 Seultetus
1063 690 1097 723 ⁷⁸,
1109 690 1360 724 Anacephalteosin,
1373 699 1434 726 qua:
1454 697 1578 726 quartum
1602 692 1702 720 claudit

915 735 1012 763 librum
1035 736 1125 770 operis
1145 735 1181 762 De
1204 735 1350 769 principiis,
1371 743 1432 763 esse
1453 735 1545 764 Ruﬁni
1566 737 1607 764 vel
1623 737 1702 764 Pam-

915 781 992 816 phili.
1010 781 1086 814 Quod
1103 785 1132 808 ut
1155 781 1228 809 nullo
1246 787 1369 814 auctore,
1387 782 1458 809 nulla
1478 783 1583 811 ratione
1607 784 1702 811 subni-

916 835 978 854 xum
996 828 1165 863 proponitur,
1188 828 1225 855 ita
1248 827 1323 856 nullo
1337 828 1453 856 adducto
1472 835 1633 865 argumento
1659 837 1702 858 re-

80 874 123 906 pie
134 874 167 900 de
184 873 316 901 Triuitate
328 874 417 902 fuerat
428 876 581 909 deﬁnitum,
595 877 667 905 velut
682 879 861 909 adulteratam

913 874 1050 909 pudiatur.

79 917 134 945 hoc
148 923 175 945 et
192 919 321 952 alienum,
338 925 384 947 aut
397 923 629 956 praetermisimus,
650 929 696 951 aut
715 926 862 952 secundum

77 972 140 991 eam
159 966 277 1001 regulam
297 967 471 1001 protulimus,
484 975 565 1003 quam
582 969 617 997 ab
633 970 691 1004 ipso
708 970 864 1006 frequenter

78 1011 231 1040 invenimus
257 1013 427 1041 aﬁirmatam.
454 1015 482 1043 Si
507 1023 560 1051 qua
585 1023 651 1044 sane
669 1017 742 1045 velut
768 1018 863 1053 peritis

73 1057 132 1091 jam
149 1063 176 1085 et
196 1059 346 1087 scientibus
369 1060 493 1095 loquens,
515 1062 579 1090 dum
602 1063 722 1091 breviter
745 1065 863 1093 transire

75 1103 146 1135 Vult,
172 1104 314 1132 obscurius
336 1105 466 1138 protulit;
485 1114 534 1134 nos
554 1111 583 1134 ut
601 1108 770 1136 manifestior
787 1111 863 1137 fieret

75 1148 162 1180 locus,
179 1157 210 1176 ea
221 1157 281 1184 quae
295 1150 329 1178 de
344 1151 401 1185 ipsa
415 1159 444 1179 re
458 1152 484 1179 in
501 1153 561 1180 aliis
574 1152 633 1188 ejus
649 1154 724 1182 libris
740 1156 861 1189 apertius

74 1194 240 1229 legeramus,
252 1197 411 1231 adjecimus,
424 1198 606 1233 explanationi
619 1200 757 1227 studentes
769 1210 775 1228 ε
794 1201 861 1228 nihil

76 1245 166 1267 tamen
184 1246 305 1269 nostrum
318 1242 445 1276 diximus,
457 1245 503 1271 sed
517 1244 578 1271 licet
591 1245 617 1271 iu
628 1245 687 1272 aliis
699 1246 765 1273 locis
777 1247 860 1278 dicta,

76 1291 168 1313 tamen
178 1294 228 1314 sua
237 1288 287 1314 sibi
302 1288 475 1316 reddidimus.
490 1298 499 1315 ι
509 1290 558 1323 Qui
569 1290 631 1317 licet
641 1298 717 1317 suam
733 1291 861 1318 voluisset

72 1333 165 1360 celare
181 1334 332 1368 perﬁdiatn,
345 1334 426 1362 facile
447 1335 492 1362 illa
507 1344 567 1363 sese
584 1336 758 1371 prodidisset.
772 1337 810 1372 (5)
821 1337 859 1364 Ex

71 1386 106 1406 eo
133 1380 231 1414 quippe
254 1380 323 1408 libro
347 1381 429 1408 multa
459 1382 485 1408 in
508 1382 705 1416 Apologeticum
721 1383 857 1411 transtulit

71 1424 240 1458 Pamphilus.
256 1433 314 1460 quae
331 1426 356 1453 in
369 1426 508 1454 Ruﬁniana
522 1428 743 1462 interpretatione
757 1429 861 1456 deside-

72 1474 169 1497 rantur
184 1479 190 1496 :
207 1470 279 1498 velut
299 1471 325 1498 in
339 1479 372 1499 eo
386 1472 485 1506 capite,
500 1473 545 1499 ubi
564 1473 653 1508 agitur
667 1473 699 1499 de
711 1472 859 1500 Cowterni—

70 1521 126 1542 tate
143 1514 206 1542 Filii
220 1516 277 1549 Dei,
293 1522 316 1543 et
335 1517 563 1550 inseparabilitate
575 1518 631 1552 ejus
647 1527 662 1544 a
681 1517 772 1550 Patre,
790 1518 859 1545 reci-

950 919 993 947 ΙΙΙ.
1014 919 1188 947 Ostendimus
1203 926 1284 954 supra
1304 924 1416 947 auctore
1432 917 1597 956 Hieronymo
1610 922 1702 956 Στρω-

911 964 1015 999 ματεῖς
1028 964 1164 1000 Origenis,
1187 965 1220 992 ad
1239 964 1408 992 Stromateon
1422 965 1570 994 Clementis
1587 966 1701 994 Alexan-

914 1011 984 1038 drini
995 1011 1147 1045 exemplum
1159 1011 1336 1046 compositos,
1345 1011 1563 1039 Christianorum
1574 1012 1700 1047 dogmata

915 1063 976 1083 cum
998 1056 1220 1091 philosophorum
1251 1057 1395 1084 sententiis
1419 1058 1577 1090 contulisse,
1598 1058 1698 1094 illaque

913 1108 947 1128 ex
972 1101 1005 1129 iis
1018 1101 1205 1129 conﬁrmasse.
1225 1102 1367 1136 Specimen
1391 1103 1496 1131 illorum
1510 1111 1526 1131 e
1540 1108 1617 1132 sexto
1631 1105 1700 1133 libro

913 1148 1085 1183 desumptum
1116 1148 1226 1176 exhibet
1256 1148 1434 1184 Hieronymus
1455 1149 1524 1178 libro
1553 1158 1561 1178 ι
1588 1151 1697 1187 Apolog.

912 1194 1014 1220 advers.
1033 1193 1136 1228 Ruﬁn.,
1152 1201 1214 1228 cap.
1230 1194 1258 1228 4,
1274 1203 1328 1230 quo
1342 1202 1405 1223 cum
1424 1195 1564 1224 Platonem
1579 1197 1700 1225 induxis-

912 1244 953 1265 set
975 1239 1115 1275 Origenes,
1139 1241 1299 1275 probantem
1323 1241 1465 1268 mendacio
1492 1242 1530 1269 uti
1552 1242 1699 1277 aliquando

912 1284 1004 1318 licere,
1022 1285 1091 1312 idem
1107 1293 1245 1312 sacrorum
1266 1285 1397 1313 librorum
1414 1287 1588 1321 auctoritate,
1604 1293 1631 1315 et
1649 1287 1699 1316 Ju-

911 1330 1004 1362 ditius,
1037 1329 1160 1358 Esthera:
1187 1338 1218 1358 ac
1256 1330 1349 1358 Jacobi
1375 1332 1539 1367 patriarcha;
1573 1333 1698 1370 exemplo

911 1377 1021 1404 astruit.

946 1422 990 1450 IV.
1012 1422 1203 1457 Fragmentum
1223 1430 1238 1450 e
1255 1423 1420 1458 Protreplico
1432 1424 1557 1460 Origenis
1569 1427 1604 1453 ad
1624 1435 1698 1454 mar-

911 1467 1008 1502 tyrium
1030 1467 1199 1495 Bibliotheca
1222 1468 1305 1504 Regia
1327 1471 1491 1504 suppeditat.
1511 1470 1609 1498 Totum
1631 1480 1696 1500 vero

909 1521 977 1548 opus
1002 1513 1177 1541 illustrissimi
1192 1515 1293 1542 domini
1318 1516 1351 1543 de
1371 1516 1395 1542 la
1408 1515 1504 1550 Barde,
1522 1517 1696 1546 Christianis-

71 1567 146 1589 tatur
154 1563 336 1590 testimonium
346 1563 415 1590 istud
423 1571 437 1590 e
449 1564 518 1591 libro
526 1564 630 1599 primo:
647 1564 786 1592 Videamus
797 1573 858 1599 ergo

911 1560 971 1586 simi
997 1560 1069 1594 regis
1089 1561 1160 1593 apud
1177 1560 1415 1595 llelvetioslegati,
1433 1570 1497 1589 cura
1519 1571 1535 1591 e
1551 1563 1694 1593 Basilieusi

69 1609 137 1644 quid
156 1609 189 1635 ait
214 1608 340 1636 Salvator
356 1615 454 1638 noster.
473 1610 603 1643 Splendor
626 1611 723 1637 dicitur
738 1610 770 1643 ",
793 1615 856 1641 εις..

70 1656 143 1690 quod
167 1655 267 1682 frustra
283 1656 309 1682 in
325 1656 413 1682 Ruﬁni
433 1658 610 1684 conversione
633 1658 768 1692 requiras.
791 1657 858 1684 Tale

70 1702 99 1725 et
115 1697 179 1725 illud
190 1703 230 1726 est
241 1698 433 1725 elibroitidem
446 1698 533 1733 primo
546 1699 660 1734 petitum
675 1708 682 1726 :
698 1698 741 1725 E1:
748 1707 778 1725 eo
788 1700 857 1733 quod

70 1743 137 1770 dicit
151 1744 286 1777 apostolus
295 1743 397 1771 Paulus
412 1752 437 1770 η
448 1743 505 1771 Νοιι
518 1745 551 1771 ab
561 1745 714 1772 hominibus
727 1745 776 1776 ",3
790 1749 855 1777 elc.,

70 1789 145 1825 quod
166 1790 281 1817 habetur
304 1792 329 1818 in
349 1798 382 1818 eo
404 1791 492 1825 capite
512 1791 556 1818 ubi
574 1792 662 1818 tertiae
673 1792 855 1818 criminationi

71 1837 228 1871 Pamphilus
239 1838 395 1871 respondet.
409 1837 488 1864 Aliud
503 1845 610 1872 qttoqtte
623 1837 741 1865 indidem
753 1838 857 1872 profert

70 1883 104 1910 ad
122 1889 248 1917 quartam
266 1883 483 1910 criminationem
498 1883 684 1915 refellendam,
709 1884 781 1917 quod
799 1884 855 1910 ltu-

71 1929 142 1956 flnus
156 1929 182 1956 in
196 1930 417 1964 interpretatione
429 1930 533 1956 omisit.
547 1929 709 1964 Fragmenta
725 1936 854 1964 praeterea

70 1974 227 2002 Philocaliw
242 1983 273 2002 ex
293 1976 343 2003 hoc
359 1982 440 2010 opere
452 1979 571 2002 mutuata
586 1983 719 2002 summam
734 1976 793 2010 ejus
810 1984 854 2002 va-

69 2021 184 2048 nitatem
198 2025 357 2056 coarguuut,
373 2021 397 2048 si
410 2028 471 2048 cum
489 2022 574 2056 ipsius
588 2022 677 2049 verbis
689 2023 854 2049 contendan-

70 2072 124 2094 tur.
149 2067 306 2102 Quanquam
331 2068 448 2095 duhitari
469 2073 556 2103 potest
578 2076 668 2096 annon
690 2069 780 2104 aliqua
806 2069 854 2096 de-

70 2113 205 2140 traxerint
222 2112 339 2141 Basilios
354 2118 381 2140 et
403 2113 549 2149 Gregorius
569 2113 726 2142 Pliilocaliu:
741 2119 853 2142 contex-

69 2164 153 2191 tores,
166 2166 226 2193 qua
238 2159 272 2186 ab
288 2159 439 2186 orthodoxa
458 2160 509 2187 ﬁde
525 2160 711 2188 dissentirent.
725 2160 852 2188 Certissi-

69 2214 143 2233 mum
170 2214 233 2234 vero
255 2207 355 2241 petitur
380 2206 507 2234 indicium
524 2215 557 2234 ex
580 2207 753 2234 conﬂictione
777 2207 850 2234 loco-

67 2260 142 2285 rum,
163 2260 231 2287 quos
248 2260 264 2280 e
285 2252 361 2280 libris
377 2252 446 2286 Περὶ
460 2251 562 2287 ἀρχῶν
578 2257 714 2288 acceptos,
732 2253 852 2280 Ruﬁnia-

67 2307 166 2328 norum
182 2299 259 2326 valde
274 2299 422 2327 dissimiles
437 2298 608 2326 Justiniauus
625 2299 652 2326 in
677 2298 797 2332 Epistula
817 2300 851 2325 ad

67 2345 175 2374 Menam
191 2346 402 2380 repraesentavit.
420 2346 510 2379 Itaque
525 2352 558 2372 ex
576 2345 627 2372 hac
649 2345 738 2372 ltuﬁui
758 2345 851 2372 inlide-

67 2392 146 2419 Iitate
160 2396 260 2426 quanta
283 2390 444 2418 Christiana:
463 2390 557 2424 pietati
581 2395 608 2417 et
631 2390 759 2417 doctrinae
778 2390 851 2424 peri-

65 2439 128 2466 cula
159 2439 332 2470 exsisterent,
353 2437 508 2471 intelligens
537 2435 727 2470 Hieronymus,
753 2443 850 2462 nOVam

66 2484 317 2518 interpretationem
333 2482 437 2511 meliori
459 2482 512 2510 ﬁde
529 2482 680 2515 adornavit,
698 2487 726 2508 et
745 2481 849 2509 Latina:

64 2531 196 2559 Ecclesia:
218 2529 344 2565 Origenis
364 2529 494 2557 revelavit
514 2535 633 2562 errores,
651 2528 733 2555 nullis
744 2528 849 2555 artibus

909 1606 1070 1633 bibliotheca
1094 1607 1292 1640 depromptum,
1321 1608 1379 1641 ejus
1397 1608 1481 1635 frater
1498 1609 1626 1637 Ecclesia:
1646 1611 1696 1638 I’a-

909 1651 1033 1678 risiensis
1047 1652 1206 1680 canonicos.
1225 1659 1293 1679 rane
1308 1652 1349 1678 vir
1370 1652 1490 1686 pietatis.
1515 1653 1694 1683 humanitatis

906 1700 934 1722 et
958 1696 1130 1730 integritatis,
1149 1696 1201 1722 mei
1223 1696 1293 1730 juris
1307 1696 1380 1729 fecit,
1405 1705 1508 1731 suoque
1526 1707 1541 1725 a
1565 1707 1607 1727 me
1624 1700 1696 1728 inter

907 1741 1032 1776 Origenis
1046 1742 1223 1776 Syutagtnata
1239 1743 1334 1769 ordine
1352 1743 1540 1772 collocabitttr.

942 1786 973 1813 V.
998 1787 1034 1813 De
1048 1786 1124 1813 libris
1136 1791 1228 1813 contra
1243 1787 1348 1814 Celsum
1369 1788 1406 1815 ita
1426 1789 1546 1823 loquitur
1562 1789 1694 1818 Eusebius

907 1833 933 1860 in
946 1833 1126 1859 Antirrhetico
1144 1833 1274 1860 adversus
1293 1833 1444 1861 Hieroclem
1458 1844 1465 1862 :
1479 1835 1597 1870 Δυνάμει
1608 1836 1629 1862 δ’
1642 1837 1694 1873 ήδη

905 1880 935 1906 οὑ
953 1880 1021 1916 πρὸς
1033 1880 1081 1915 τῆς
1098 1879 1165 1911 ιδίας
1180 1880 1240 1906 κατ’
1252 1881 1341 1907 αὐτῶν
1358 1882 1467 1916 γραφῆς
1478 1883 1692 1918 ἀνατέτραπται,

905 1926 951 1952 καὶ
982 1925 1238 1961 προαπελήλεγκται
1262 1927 1291 1953 ὲν
1306 1927 1377 1959 iam;
1394 1928 1468 1954 ὀκτὼ
1485 1928 1692 1966 ξυγγράμμασι,

904 1973 959 2003 τοῖς
971 1972 1101 2007 Ὠριγένει
1113 1973 1250 2007 γραφεῖσι,
1260 1973 1327 2008 πρὸς
1342 1974 1388 2000 τὸν
1398 1975 1586 2006 ἀλαζωνικώτε
1589 1985 1636 2012 ρον
1646 1978 1692 2005 τοῦ

904 2018 1090 2052 Φιλαλήθους
1102 2019 1339 2055 ἐπιγεγραμμένον
1351 2021 1455 2048 Κέλσου
1464 2022 1569 2057 Ἀληθῆ
1589 2023 1692 2058 λόγον,

902 2059 925 2096 ᾧ
937 2064 986 2095 τὰς
1003 2064 1116 2096 εὐθύνας
1128 2065 1351 2101 ἁπαραλείπτως,
1370 2068 1399 2094 ὲν
1411 2068 1484 2100 ὅσοις
1499 2069 1665 2105 εὑρήκαμεν,
1677 2072 1692 2098 ό

902 2109 1085 2146 δεδηλωμένος
1094 2111 1263 2147 παραγαγὼν
1275 2113 1424 2150 ξυλλήϐδην
1434 2115 1485 2141 ὅσα
1496 2116 1537 2147 εἰς
1547 2115 1596 2151 τὴν
1607 2116 1693 2153 αὐτὴν

903 2156 1030 2183 ὑπόθεσιν
1045 2158 1125 2184 παντί
1139 2167 1178 2194 τῳ
1196 2159 1305 2195 εἴρηταί
1318 2169 1348 2186 τε
1361 2161 1408 2188 καὶ
1421 2162 1570 2197 εἰρήσεται,
1590 2163 1691 2199 προλα-

903 2202 957 2229 ϐὼν
973 2203 1123 2231 διελύσατο.
1141 2214 1150 2230 ι
1167 2204 1224 2232 Jam
1242 2211 1330 2233 autem
1347 2211 1488 2241 potestate,
1501 2207 1564 2236 licet
1577 2217 1629 2237 non
1645 2211 1692 2238 de-

903 2250 1003 2277 stiuato
1023 2257 1116 2277 contra
1134 2259 1167 2278 ea
1183 2252 1296 2286 scripto,
1314 2253 1413 2280 obtrita
1429 2258 1457 2281 et
1476 2255 1613 2282 confutata
1628 2261 1690 2284 sunt

902 2295 1020 2330 (scripta
1053 2296 1199 2332 Hieroclis)
1223 2298 1250 2324 in
1277 2304 1338 2326 octo
1362 2299 1439 2328 libris
1465 2308 1533 2336 quos
1561 2301 1691 2337 Origenes

902 2342 1063 2377 conscripsit
1083 2343 1214 2371 adversus
1246 2345 1317 2372 Celsi
1347 2345 1441 2373 Verum
1464 2355 1618 2380 sermonem.
1645 2349 1688 2384 ja-

901 2390 1061 2415 ctantiorem
1076 2396 1158 2424 opere
1179 2390 1387 2427 illo(llieroclis)
1406 2393 1451 2427 qui
1470 2393 1629 2421 Philalet/m
1647 2395 1689 2422 itt-

901 2436 1028 2463 soribilur
1049 2444 1055 2463 :
1084 2435 1110 2462 in
1131 2436 1228 2469 quibus
1249 2445 1345 2464 causas
1365 2446 1460 2466 omnes
1482 2445 1510 2466 et
1531 2446 1688 2475 argumenta

902 2482 1058 2517 complexus
1072 2482 1112 2508 vir
1127 2482 1181 2515 ille,
1205 2484 1296 2510 omnia
1320 2484 1400 2511 simul
1423 2492 1591 2520 quaecunque
1608 2495 1689 2522 super

901 2535 933 2555 ea
948 2536 978 2555 re
994 2536 1009 2555 a
1025 2535 1160 2564 quoquam
1177 2529 1219 2556 vel
1236 2529 1307 2557 dicta
1323 2534 1398 2563 sunt,
1415 2531 1456 2558 vel
1475 2532 1600 2560 dicentur
1615 2540 1689 2569 post-

91 2614 125 2637 i"
142 2613 223 2641 llebr.
241 2622 261 2641 t.
280 2613 317 2647 3;
334 2613 399 2649 Sap.
416 2620 465 2647 vn,
478 2613 523 2641 26.
564 2613 588 2630 "
603 2613 692 2641 Galat.
715 2621 734 2646 ι,
751 2611 778 2640 1.
814 2612 837 2628 ⁷⁸
854 2611 968 2640 Scultet.
979 2612 1007 2639 in
1024 2611 1134 2639 Medull.
1148 2612 1261 2648 tlteolog.
1279 2612 1367 2645 Patr.,
1385 2613 1433 2641 lib.
1448 2622 1484 2647 vt,
1497 2623 1557 2650 cap.
1569 2616 1596 2642 4.

101 2677 196 2716 (3)151:
224 2675 375 2716 ω”ᾳιιὶρρε
391 2681 458 2709 libro
483 2682 567 2709 multa
592 2682 620 2708 in
645 2681 847 2716 Apolngeticum

62 2717 200 2743 tranatulit
215 2716 389 2752 Pamphilus,
408 2723 461 2743 etc.
486 2718 514 2744 In
541 2717 655 2752 vulgatis
686 2716 848 2743 editionibus

62 2752 198 2786 Apologia!
211 2751 341 2786 Pamphili
357 2753 482 2786 martyris
497 2755 546 2779 lrla
561 2751 700 2786 sequentia
711 2752 767 2778 loca
788 2758 847 2786 qua:

62 2788 131 2814 citat
146 2787 269 2819 Huetius,
283 2795 316 2814 ex
337 2786 412 2814 libris
423 2787 491 2820 Περὶ
508 2786 608 2821 ἀρχῶν
631 2787 771 2821 desumpta
787 2787 847 2820 qui-

61 2822 123 2848 dem
138 2822 274 2854 dicuntur,
288 2823 334 2849 sed
355 2829 508 2856 perperam.
525 2828 553 2848 et
572 2822 675 2848 incuria
699 2823 844 2854 editorum,

61 2861 92 2884 ut
109 2864 160 2885 suo
177 2857 236 2884 loco
253 2857 405 2885 monuimus
420 2864 452 2883 ex
473 2863 537 2883 mss.
555 2857 677 2884 codicum
695 2856 757 2884 ﬁde.
784 2856 844 2884 Pri-

222 2905 359 2935 Pn‘nOL.
383 2905 441 2935 Gn.
465 2904 565 2934 XVII.

901 2679 1045 2717 muslows
1064 2681 1168 2707 eruitur
1183 2688 1217 2708 ex
1233 2681 1342 2708 hontilia
1358 2681 1375 2708 9
1400 2682 1428 2708 in
1452 2681 1594 2717 Jeremiam
1610 2683 1687 2717 cujus

900 2716 1010 2743 Griecus
1022 2720 1164 2743 contextus
1181 2717 1329 2743 etiamnum
1355 2721 1454 2743 exstat.
1483 2716 1624 2745 Seruudus
1644 2716 1684 2746 rex

900 2751 977 2787 initi_o
997 2750 1058 2778 libri
1075 2751 1360 2787 priimirinﬁEpistolam
1375 2752 1409 2778 ad
1421 2751 1540 2782 Galatas,
1555 2754 1686 2780 ettertius

898 2793 932 2813 ex
948 2785 1384 2822 Commentariorin_EpistoIamrad
1398 2786 1585 2814 Pliilenmnem.
1594 2788 1684 2816 Adeo-

898 2828 957 2857 que_
968 2821 1034 2857 nihil
1048 2824 1138 2847 exstat
1153 2821 1322 2856 iu'Apologia
1339 2821 1470 2857 Pamphili
1487 2823 1557 2857 quod
1580 2831 1634 2850 non
1650 2825 1685 2852 sit

898 2856 926 2884 in
941 2855 1083 2884 Ruﬁniana
1096 2857 1225 2884 librorum
1245 2855 1313 2890 Πέρὶ
1331 2856 1432 2892 ἀρχῶν
1447 2855 1682 2892 interpretatione.

1492 2905 1531 2935 ltO
