1908 3071
220 120 288 148 Ιὲῦο

829 117 857 144 Ρ.
881 117 1036 145 DANlELlS
1058 118 1172 146 llUETll

1765 121 1829 146 ηω

219 182 279 212 huc,
295 181 319 206 in
337 184 502 206 antecessum
514 177 644 204 dissolvit.
658 187 666 203 ι
680 177 765 208 Vero;
780 184 832 204 tton
845 178 911 204 alias
927 178 997 205 enitn
1011 183 1036 209 Α
1051 179 1146 210 solere,
1163 184 1191 206 ut
1204 179 1348 211 Candidus,
1362 178 1536 205 Valentiniani
1554 178 1688 213 dogmatis
1704 184 1829 210 sectator,

219 229 322 252 tantam
339 224 465 251 doctrinas
482 223 643 250 Christianae
657 228 684 249 et
701 223 819 256 profante
837 224 998 256 ubertatem,

221 276 292 298 tanta
310 274 528 303 argumentorum
542 270 659 303 pondera
673 270 815 302 expromit.
833 269 918 296 Causa
934 271 1000 297 scri-

221 315 300 343 bendi
320 313 415 341 Celsus
439 312 489 339 fuit
509 313 664 347 Epicureus,
687 314 732 348 qui
760 314 942 341 Christianam
960 323 1000 342 re-

225 361 350 396 ligionem
383 360 586 393 impugnat-crat
608 359 674 386 libro
692 360 733 386 cui
759 360 862 386 titulum
889 360 998 394 fecerat,

225 406 338 441 Ἀληθὴς
352 405 439 440 λόγος.
461 405 483 432 Is
500 413 560 432 cum
577 413 683 432 stttntno
700 406 792 438 plattsu
805 414 820 432 a
840 406 937 433 Christi
954 408 1000 433 ad-

219 453 347 481 versariis
374 452 467 479 fuisset
492 457 631 486 exceptus.
663 451 853 478 confutandam
879 453 998 487 suscepit

218 499 351 526 Ambrosii
371 504 462 533 rogatu
478 497 661 530 Adamantius,
676 497 730 532 jam
745 498 807 525 licet
819 506 833 524 e
846 499 916 526 vivis
933 500 998 526 sub-

219 546 272 572 lato
284 545 372 572 Celso.

256 590 297 617 Vl.
317 591 352 616 Ex
375 589 497 623 epistolis
510 589 634 623 Origenis
649 591 714 616 duas
737 589 847 617 omnino
862 590 979 624 integras
991 611 998 622 ,

218 640 246 661 et
266 634 335 662 nulla
361 635 402 661 sui
419 635 543 668 portione
559 638 707 664 truncatas.
728 634 857 668 quasdam
877 642 909 661 ex
927 639 1000 668 parte

219 681 349 708 duntaxat
361 681 520 714 superstites
534 680 672 705 habemus.
689 680 793 714 Integra
806 684 928 714 superest
942 681 999 715 epi-

219 727 288 754 stola
305 727 337 753 ad
349 726 447 753 Juliom
462 725 629 757 Africanum,
639 732 694 759 qua
707 726 864 752 doctissimo
875 726 912 752 illi
928 726 998 759 viro,

219 774 350 801 Susanna:
370 773 520 803 historiam,
544 779 604 806 qua:
625 772 651 798 in
670 772 787 799 Danielis
803 773 871 799 libro
893 773 998 807 legitur,

220 820 302 846 adulti
313 820 397 846 rinaut
415 818 574 853 suspicanti,
591 818 726 852 ipsiusque
737 825 784 852 per
801 818 940 852 epistolam
958 826 998 845 ro-

1050 225 1217 252 occasioncm
1235 225 1296 252 inde
1308 229 1402 252 nactus
1415 225 1450 251 sit
1463 226 1605 252 accusandi
1618 225 1671 256 sui,
1690 225 1762 259 quod
1775 225 1831 251 dia-

1049 270 1139 297 bolum
1160 271 1217 305 cjus
1229 278 1289 297 esse
1305 275 1406 297 naturae
1423 271 1531 302 dixerit,
1545 276 1604 304 qua
1622 270 1738 297 salutem
1759 278 1822 297 con-

1050 317 1124 350 sequi
1138 317 1232 350 possit.
1248 316 1315 343 Tum
1329 317 1434 343 initium
1447 316 1565 350 epistolae
1577 324 1591 343 a
1605 316 1705 343 Rufino
1716 322 1829 351 praater-

1051 362 1174 391 missum.
1190 361 1367 396 Hieronymus
1382 361 1490 388 exhibet
1505 368 1518 386 a
1536 367 1564 387 se
1584 368 1759 388 conversum.
1775 360 1829 387 ﬂu-

1050 408 1104 433 lino
1125 412 1197 434 certe
1213 414 1307 441 parum
1328 407 1371 434 hic
1396 414 1488 441 aequus
1509 411 1550 433 est
1570 406 1768 441 Hieronymus;
1785 413 1832 432 cur

1049 453 1120 480 enim
1136 461 1197 480 cttm
1217 453 1384 480 adulterat05
1398 452 1521 486 Origenis
1543 452 1626 479 libros
1641 451 1722 479 vellet
1742 457 1831 478 osten-

1049 499 1123 530 dere,
1137 498 1262 531 Epistula:
1276 502 1378 531 partem
1399 505 1413 523 a
1429 498 1564 531 proposito
1594 497 1708 523 alienam
1726 496 1825 524 descri-

1049 544 1164 578 psisset?
1185 543 1222 570 Ex
1245 543 1356 577 epistola
1378 551 1456 576 quam
1479 544 1511 570 ad
1532 542 1639 569 Patrem
1665 543 1825 570 Christiana)

1050 590 1109 616 fidei
1133 597 1212 616 causa
1236 589 1367 623 supplicio
1391 589 1553 616 destinatum
1578 589 1661 616 etiam
1684 593 1741 615 tum
1764 596 1830 623 puer

1049 636 1157 670 scripsit
1179 635 1321 670 Origenes,
1346 636 1425 662 verba
1452 635 1555 669 aliquot
1579 635 1675 669 repetit
1699 634 1831 662 Eusebius

1049 682 1095 708 lib.
1118 689 1141 708 vt
1165 681 1277 714 "istan,
1299 689 1358 714 cap.
1379 682 1406 707 '2.
1428 681 1518 715 Capite
1537 688 1600 708 vero
1635 681 1740 708 decimo
1763 687 1833 707 nono

1049 728 1176 762 prolixius
1199 729 1293 754 recitat
1315 727 1492 760 fragmentum
1514 726 1646 760 epistolae.
1666 734 1750 760 quam
1771 734 1830 761 pur-

1049 773 1127 808 gandi
1142 773 1183 800 sui
1204 774 1288 807 gratia
1313 773 1443 801 adversus
1466 779 1513 800 eos
1535 772 1707 806 conscripsit.
1728 772 1774 806 qui
1789 772 1829 798 ni-

1050 819 1130 845 tuitttn
1145 819 1202 852 ejus
1217 820 1241 845 in
1255 818 1408 846 Graecorum
1419 818 1573 852 disciplinas
1585 818 1704 844 studium
1716 817 1827 844 damna-

220 865 290 900 ganti
313 864 473 891 sententiam
501 864 604 890 erudite
623 863 771 896 respondit,
789 870 919 897 suamque
936 871 997 889 uar-
1014 857 1034 885 Β
1050 865 1123 892 bant.
1145 865 1264 899 Denique
1284 864 1417 899 Georgius
1437 864 1585 894 Cedreuus,
1599 864 1627 890 in
1648 862 1755 895 Seuero,
1775 863 1829 897 epi-

219 911 316 938 ratioui
332 910 394 937 huic
411 910 596 936 auctoritatem
622 910 749 936 asseruit.
768 909 884 936 l‘lurima
899 910 998 936 utrius—

218 965 271 991 que
287 956 513 984 circumferuntur
526 955 619 982 Gra‘ea
638 963 717 982 mantt
733 960 843 982 exarata
859 956 997 990 exetnpla-

221 1005 276 1036 ria;
287 1011 400 1038 quorum
410 1010 491 1029 unum
502 1010 517 1028 a
529 1010 557 1029 se
569 1002 735 1036 descriptum
749 1003 781 1028 ad
794 1009 836 1029 me
849 1002 999 1029 transmisit

221 1049 360 1076 Emericus
379 1049 507 1083 Bigotius.
535 1048 663 1082 singulari
680 1048 720 1073 vir
735 1047 886 1075 eruditione
899 1056 905 1074 :
920 1047 957 1083 (4)
972 1053 999 1075 et

220 1102 269 1122 nos
285 1095 439 1129 aliquando,
453 1101 513 1121 cum
537 1093 602 1124 Deo,
625 1093 717 1119 ambas
735 1093 806 1119 inter
825 1093 998 1127 Syntagmata

220 1140 397 1175 vulgabimns.
410 1140 513 1173 Integra
523 1146 629 1173 quoque
638 1143 679 1165 est
690 1138 817 1172 Epistula,
829 1146 880 1172 qua
894 1143 999 1165 constat

220 1187 353 1213 decimum
370 1185 477 1212 tertium
497 1184 651 1210 Philocalia:
669 1187 760 1217 capttt,
776 1191 881 1218 quaque
899 1184 1000 1218 Grego-

222 1231 291 1257 rium
310 1229 541 1263 Thaumaturgum
563 1229 594 1255 ad
618 1235 755 1255 sacrarum
775 1229 923 1255 litterarum
943 1233 999 1255 stu-

220 1275 292 1302 dium
317 1274 448 1309 Origenes
471 1274 640 1301 adhortatur.
662 1274 774 1301 Rufious
798 1273 823 1300 iu
849 1273 938 1300 libello
962 1273 1000 1300 De

220 1321 410 1348 adulteratione
428 1320 554 1347 librorum
572 1319 703 1354 Origenis,
718 1320 813 1347 recitat
832 1325 932 1354 partem
948 1320 1001 1353 epi-

221 1366 308 1398 stolae,
326 1373 406 1399 quam
427 1365 515 1399 patria
535 1365 660 1399 depulsus
675 1366 708 1392 ad
723 1365 824 1392 amicos
843 1365 1000 1391 Alexandri-

222 1419 271 1438 nos
293 1411 470 1438 Adamantius
486 1411 605 1445 St‘t‘ipsll,
628 1411 654 1437 in
678 1419 729 1444 qua
746 1411 814 1438 falso
832 1410 934 1443 jactare
951 1412 998 1437 ad-

221 1457 356 1484 versarios
378 1457 510 1490 queritur,
535 1464 692 1490 persuasum
715 1463 775 1483 esse
798 1455 861 1487 sibi,
882 1455 999 1482 futurum

221 1507 251 1529 ut
271 1501 384 1528 salutem
405 1502 528 1529 diabolus
546 1502 690 1536 aliquando
711 1506 909 1535 coitseqttatur;
927 1501 1001 1528 addit

223 1548 376 1574 liarreticum
400 1547 540 1581 quemdam
567 1547 756 1581 disputationis
783 1555 874 1574 secum
903 1548 1002 1574 habitte

221 1593 287 1620 Acta
302 1592 486 1625 adulterasse;
509 1598 535 1620 et
550 1600 579 1619 se
602 1594 731 1620 Actorum
749 1593 854 1620 misisse
869 1594 1000 1625 codicem,

222 1640 293 1666 unde
314 1645 457 1674 corruptor
479 1639 604 1667 falsitatis
629 1645 804 1675 argueretur;
831 1640 912 1666 alium
939 1640 1001 1666 item

222 1685 388 1716 ltazreticum,
410 1684 454 1718 qui
474 1685 600 1719 congredi
617 1692 709 1712 secum
729 1685 935 1716 detrectaverat,
953 1685 1003 1711 ful-

221 1737 280 1757 sam
302 1731 506 1764 disceptationis
529 1731 669 1758 historiam
687 1731 830 1758 mandasse
847 1730 958 1764 litteris,
976 1735 1003 1758 et

222 1776 322 1810 possint
342 1776 475 1810 vulgasse,
491 1776 536 1803 sed
552 1776 678 1802 vanitatis
695 1775 802 1802 tandem
819 1780 845 1802 et
862 1776 1000 1810 impuden-

223 1822 267 1848 tize
282 1821 363 1848 fuisse
376 1829 390 1847 a
409 1829 438 1848 se
454 1822 616 1848 convictum.
634 1821 812 1856 llieronytutts
828 1828 891 1848 vero
918 1821 964 1848 lib.
983 1829 1002 1848 ιι

223 1866 332 1901 Apalog.
345 1867 447 1893 advers.
462 1866 563 1900 ΙίιιΙὶη.⁷
576 1874 635 1901 cap.
644 1867 671 1898 5,
686 1867 754 1894 ltanc
767 1867 850 1902 ipsam
862 1867 1002 1902 epistolam

223 1920 318 1946 parum
338 1913 453 1939 fideliter
474 1921 488 1938 a
505 1913 602 1940 liuiino
620 1920 779 1940 coaversam
795 1919 932 1945 causatur,
949 1914 1002 1941 dis-

223 1957 366 1984 simulasse
380 1958 477 1992 quippe
492 1958 576 1991 ipsum
599 1957 632 1984 ab
646 1956 761 1991 Origene
777 1957 890 1984 lacerari
907 1957 1002 1984 Dente-

225 2002 304 2028 triuin
321 2002 532 2029 Alexandrinum
545 2002 713 2036 episcopum,
728 2007 754 2028 et
768 2003 849 2029 totius
863 2002 936 2029 orbis
947 2002 1004 2036 epi-

223 2053 321 2080 scopos
340 2054 370 2073 ac
385 2047 508 2078 clericos,
530 2055 544 2073 a
564 2047 662 2080 quibus
676 2047 800 2073 Ecclesia:
816 2048 1004 2075 communione

224 2091 313 2118 fuerat
327 2091 493 2126 prohibitus;
516 2092 612 2119 deinde
627 2092 716 2119 dicere
737 2092 880 2126 Origcncm
896 2094 933 2120 ait
950 2093 1002 2120 fru-

224 2142 282 2164 stra
303 2145 332 2164 se
349 2137 430 2164 fuisse
444 2138 477 2164 ab
490 2137 609 2164 Ecclesia
623 2136 766 2170 dejeclum,
782 2145 831 2164 nec
845 2139 929 2165 vicem
946 2147 1004 2165 nta-

1049 909 1123 935 stola:
1137 909 1276 943 cujusdam
1292 908 1417 943 Origenis
1430 913 1532 943 partem
1544 908 1600 940 dat,
1616 908 1642 934 in
1664 915 1717 942 qua
1733 908 1832 934 acriter

1049 956 1083 980 ab
1097 953 1239 980 Ambrosio
1252 954 1285 980 ad
1298 954 1514 988 interpretandas
1524 954 1691 988 Scripturas,
1705 962 1739 981 ac
1752 955 1833 981 nimis

1049 1007 1129 1033 qualn
1147 1006 1194 1032 par
1207 1004 1279 1026 esset
1300 1000 1387 1034 urgeri
1408 1007 1436 1026 se
1450 1000 1635 1034 conqueritur.
1651 999 1779 1026 Eamdem
1800 1008 1831 1027 ex

1049 1044 1164 1070 Cedreuo
1182 1044 1332 1078 decerptam
1345 1050 1519 1078 repraasentat
1542 1045 1649 1071 Sttidas.
1667 1045 1703 1071 Ex
1720 1045 1832 1078 epistola

1049 1089 1174 1124 Origenis
1196 1091 1229 1116 ad
1252 1089 1376 1116 l’ltotium
1394 1095 1417 1116 et
1442 1091 1573 1117 Andream
1594 1092 1756 1125 presbyteros
1773 1099 1834 1125 par-

1050 1136 1156 1163 ticulam
1173 1136 1310 1170 proferunt
1323 1141 1422 1162 catena:
1436 1141 1537 1163 veteres
1551 1137 1577 1162 iu
1592 1137 1699 1163 Denter.
1712 1144 1766 1167 χιιι,
1784 1136 1830 1163 20.

1051 1182 1090 1217 (5)
1116 1181 1215 1209 Verum
1236 1189 1330 1216 parum
1354 1187 1394 1208 est
1414 1182 1581 1209 auctoritatis
1605 1183 1632 1209 in
1661 1182 1778 1213 catenis,
1807 1187 1837 1209 ut

1050 1228 1166 1255 diximus
1182 1228 1262 1261 alibi;
1278 1233 1305 1255 et
1321 1229 1408 1262 quoad
1431 1228 1537 1255 aliunde
1553 1229 1665 1256 accedat
1681 1228 1756 1261 fides,
1771 1228 1827 1255 fra-

1051 1279 1188 1308 gmentum
1204 1275 1254 1301 hoc
1268 1280 1422 1308 suspectum
1437 1278 1506 1301 esto.

1086 1319 1140 1347 Vll.
1165 1320 1244 1347 Liber
1265 1320 1301 1347 De
1317 1322 1435 1347 oratione
1455 1321 1562 1347 hortatu
1584 1321 1719 1348 Ambrosii
1737 1326 1765 1348 et
1782 1320 1834 1348 Ta-

1052 1366 1130 1393 tianae
1145 1366 1299 1393 lucubratus
1322 1371 1371 1393 est.
1387 1366 1462 1393 Hunc
1489 1374 1536 1393 nos
1548 1374 1563 1393 e
1584 1367 1771 1400 manuscripto
1786 1373 1833 1394 co-

1051 1411 1111 1437 dice
1131 1411 1299 1438 bibliothecae
1315 1410 1472 1438 llolmiensis
1492 1411 1634 1438 Christiua:
1664 1412 1762 1446 regina:
1787 1412 1835 1438 de-

1051 1456 1215 1490 scripsimus.
1246 1456 1334 1484 Titulo
1362 1457 1470 1490 quidem
1499 1462 1583 1490 caret,
1612 1457 1659 1484 sed
1681 1465 1715 1484 ex
1745 1457 1836 1492 ipsius

1053 1502 1146 1535 operis
1163 1502 1279 1529 lectione
1299 1508 1403 1534 auctor,
1429 1507 1455 1529 et
1473 1508 1661 1536 argumentum
1688 1503 1770 1530 facile
1788 1504 1838 1530 de-

1054 1548 1257 1581 prehenduntur
1273 1556 1280 1576 :
1302 1552 1330 1574 ut
1346 1548 1396 1574 alia
1413 1549 1512 1583 qttippe
1525 1549 1649 1575 deessent
1666 1549 1778 1580 indicia,
1797 1550 1840 1577 vel

1053 1601 1083 1621 ea
1097 1593 1250 1620 sufﬁcerent
1267 1593 1359 1625 verba,
1373 1595 1469 1628 quibus
1484 1594 1639 1621 dissertatio
1655 1595 1810 1622 absolvitur
1828 1607 1835 1622 :

1053 1639 1144 1666 Ταῦτα
1155 1640 1222 1666 κατὰ
1233 1639 1345 1674 δύναμιν
1355 1640 1423 1675 ἐμὴν
1437 1640 1476 1671 εἰς
1485 1639 1516 1665 τὸ
1525 1640 1574 1674 τῆς
1587 1640 1667 1674 εὐχῆς
1678 1640 1841 1674 πρόϐλημα,

1053 1687 1100 1712 καὶ
1130 1686 1169 1717 εἰς
1186 1685 1234 1720 τὴν
1256 1686 1285 1711 ὲν
1308 1687 1365 1717 τοῖς
1389 1685 1562 1720 Εὐαγγελιῡις
1579 1687 1660 1721 εὐχὴν
1680 1686 1716 1712 τά
1734 1695 1766 1712 τε
1787 1686 1843 1722 πρὸ

1053 1732 1137 1766 αὐτῆς
1152 1731 1225 1766 παρὰ
1243 1731 1281 1766 τῷ
1300 1731 1431 1767 Ματθαίῳ
1449 1731 1580 1767 εἰρημένα
1598 1732 1664 1766 ἡμῖν
1684 1731 1841 1766 διήθληται,

1053 1777 1276 1812 φιλομαθέστατοι
1294 1777 1339 1803 καὶ
1357 1776 1535 1812 γνησιώτατοι
1551 1778 1580 1802 ὲν
1596 1777 1736 1811 θεθσεῦείᾳ
1759 1776 1841 1803 ἀδελ-

1054 1823 1108 1858 φοὶ,
1129 1823 1271 1858 Ἀμϐρόσιε
1282 1822 1329 1848 καὶ
1339 1823 1468 1857 Tanaim.
1484 1831 1493 1847 ι
1512 1821 1574 1850 I‘ltec
1586 1831 1600 1848 a
1613 1822 1691 1849 nobis
1707 1829 1756 1856 pro
1768 1822 1843 1849 virili

1054 1877 1134 1903 super
1155 1869 1302 1903 quaestione
1323 1869 1356 1895 de
1372 1868 1504 1899 oratione,
1519 1873 1544 1894 et
1561 1876 1592 1894 ea
1610 1868 1767 1902 precatione
1780 1875 1843 1902 qua

1055 1915 1168 1942 habetur
1194 1916 1220 1942 in
1248 1915 1411 1950 Evangeliis,
1429 1919 1456 1942 et
1476 1922 1536 1948 quin
1562 1914 1646 1948 ipsam
1674 1914 1745 1949 apud
1772 1914 1842 1940 Mat-

1056 1961 1152 1988 lbteum
1169 1962 1331 1996 praecedunt,
1356 1961 1432 1988 nobis
1444 1961 1579 1987 elaborata
1592 1960 1844 1992 sunt,studiosissi-

1055 2007 1090 2033 mi
1105 2007 1336 2041 etgermanissimi
1347 2006 1372 2033 in
1386 2007 1483 2040 pietate
1495 2006 1601 2039 fratres,
1612 2005 1739 2032 Ambrosi
1752 2005 1843 2033 et'l‘a-

1054 2052 1136 2078 tiana.
1151 2061 1159 2078 ι
1178 2051 1354 2087 (6)}Qua2nam
1367 2059 1399 2079 ea
1425 2051 1505 2078 fuerit
1532 2051 1659 2083 Tatiana,
1675 2051 1765 2085 deque
1782 2052 1842 2085 ipsa

1055 2097 1242 2123 dissertatione
1262 2097 1328 2124 alias
1342 2106 1356 2123 a
1379 2097 1456 2124 nobis
1473 2097 1656 2130 disputabitur
1676 2097 1843 2130 accuratius,

1055 2149 1114 2168 cum
1132 2142 1201 2168 inter
1219 2142 1391 2177 Syntagmata
1407 2142 1476 2177 typis
1500 2143 1697 2169 committetur.

224 2182 329 2211 ledictis
344 2183 445 2210 referre
459 2183 537 2216 velle,
550 2190 633 2217 seque
645 2183 677 2210 iis
691 2190 775 2218 usque
786 2183 854 2210 adeo
867 2184 1004 2211 abstinere
1022 2194 1045 2223 ο
1093 2186 1159 2214 νιιι.
1179 2187 1308 2220 Quoniam
1322 2195 1355 2215 ex
1372 2188 1422 2215 hoc
1441 2188 1502 2215 albo
1520 2187 1700 2214 Philocaliam
1725 2195 1781 2216 non
1797 2195 1845 2216 ex-

260 2271 298 2307 (4)
310 2269 344 2297 Et
359 2279 402 2298 nos
416 2271 568 2306 aliquando,
585 2270 719 2307 cuntDeo,
739 2272 840 2307 ambat.
854 2277 908 2300 etc.
932 2273 1007 2300 Nun-

225 2313 305 2339 quam
321 2307 387 2332 duas
400 2308 448 2332 has
464 2307 590 2340 epistolas
606 2306 723 2341 vulgavit
739 2306 850 2334 Huetius
863 2327 870 2337 ,
884 2308 930 2334 sed
947 2316 1005 2333 am-

226 2341 266 2367 ba:
280 2346 390 2375 repertae
401 2346 462 2367 sttnt
480 2342 505 2367 in
521 2342 578 2374 ejus
595 2341 703 2374 scriptis
715 2349 778 2367 mss.
794 2350 862 2375 quas
875 2342 932 2369 ιιιι.
952 2342 1003 2370 Pl’.

224 2376 334 2402 .lesuita:
349 2376 441 2402 Sancti
459 2376 586 2403 Ludovici
608 2375 770 2403 Parisiensis
787 2377 900 2411 benigne
914 2377 1007 2404 nobis-

225 2419 285 2437 cum
302 2411 543 2437 contutunicaruut.

261 2445 299 2480 (5)
322 2444 414 2471 Verum
427 2453 518 2479 parum
535 2450 570 2471 est
595 2447 756 2472 auctoritatis
779 2446 805 2471 in
820 2446 929 2479 catenis,
950 2451 1004 2474 etc.

227 2481 308 2507 fiet-te
325 2485 413 2506 monet
428 2481 468 2506 vir
484 2481 656 2507 doctissimus
667 2481 892 2507 Mnutefaleouius
912 2487 1003 2508 noster

227 2515 394 2542 Bibliotheca:
414 2514 586 2542 Coistiniana:
618 2523 678 2549 pag.
694 2516 738 2547 41,
764 2516 907 2550 Origenem
926 2524 1002 2544 meu-

226 2553 290 2578 dose
303 2551 416 2584 positum
436 2551 516 2577 fuisse
541 2558 589 2584 pro
612 2552 721 2579 Severo.
739 2553 816 2584 cujus
837 2556 1003 2578 memoratur

229 2586 346 2618 lipixlola
366 2587 400 2611 ad
416 2585 539 2611 Pltotium
551 2591 574 2610 et
589 2585 718 2612 Andream
728 2586 901 2619 presbyteros,
915 2586 940 2612 in
954 2594 1002 2612 co-

227 2621 284 2646 dice
298 2620 314 2646 8
334 2621 453 2655 ejusdem
482 2619 651 2646 Bibliotheca
677 2621 848 2646 Coislirtiumv
873 2628 933 2654 pag.
955 2621 1000 2647 44.

227 2655 404 2686 Quamobrem
420 2657 453 2681 ab
473 2656 554 2682 hocce
571 2656 739 2689 supposititio
762 2655 911 2689 fragmento
932 2656 1002 2683 ittter

227 2691 339 2723 genuina
357 2690 478 2723 Origeuis
490 2698 570 2723 opera
589 2690 947 2723 publicandoabstinuimus.

262 2724 299 2757 (fi)
316 2724 439 2755 Quantum
456 2733 485 2751 ea
502 2725 577 2757 fuerit
591 2724 712 2753 Taliane.
726 2730 778 2751 etc.
798 2723 844 2750 Vix
866 2725 1002 2757 conjectu-

229 2758 342 2784 ris-licct
352 2762 457 2792 assequi
473 2767 594 2793 qutenam
606 2760 686 2785 fuerit
700 2759 822 2785 Taliana.
840 2759 930 2793 Elogia
942 2767 1000 2793 qua:

225 2798 285 2817 cum
298 2793 439 2820 Ambrosio
456 2795 579 2827 partitur,
595 2795 744 2820 conuuunia
761 2794 903 2827 utriusque
925 2802 1001 2820 titan—

231 2827 303 2859 datu,
322 2832 346 2853 et
357 2828 513 2861 obsequium
532 2828 639 2862 utrique
653 2829 732 2855 simul
757 2829 790 2856 ab
805 2829 920 2862 Origene
935 2837 1002 2863 pra:-

1059 2275 1150 2301 stitum
1163 2282 1294 2302 summam
1307 2276 1376 2303 inter
1387 2276 1447 2303 illos
1467 2276 1655 2310 intervenisse,
1670 2277 1843 2310 conjunctio-

1060 2317 1119 2336 nem
1129 2310 1292 2345 suaderent,
1306 2311 1485 2345 eonjugesque
1497 2312 1590 2342 fuisse,
1604 2309 1657 2337 nisi
1672 2309 1770 2338 contra
1792 2320 1842 2344 ap-

1058 2344 1191 2379 paruisset
1206 2352 1237 2370 ex
1254 2345 1373 2378 Epistola
1388 2344 1422 2371 ad
1437 2346 1605 2379 Africanum.
1621 2346 1763 2372 Ambrosii
1775 2355 1845 2373 uxo-

1059 2385 1114 2404 rem
1127 2378 1279 2414 Marcellam
1292 2379 1375 2407 fuisse
1395 2378 1565 2414 appellatam.
1582 2380 1698 2406 Videtur
1712 2387 1780 2414 ergo
1800 2390 1846 2408 su-

1058 2418 1218 2446 peresse,-ut
1232 2413 1371 2441 Tatianam
1385 2413 1547 2449 in’proximo
1561 2413 1766 2448 conjunctionis
1776 2435 1784 2446 ,
1799 2423 1843 2442 so-

1059 2448 1128 2484 roris
1141 2448 1266 2484 nimirum
1283 2451 1366 2484 gradu
1385 2448 1544 2480 statuamus,
1556 2451 1711 2481 prtesertim
1728 2458 1791 2476 cum
1812 2458 1845 2476 ex

1056 2481 1178 2516 Origenis
1202 2481 1391 2510 Exhaftatione
1420 2485 1454 2511 ad
1473 2485 1628 2518 martyrium
1650 2484 1802 2512 Ambrosio
1819 2486 1845 2510 in

1056 2518 1168 2544 vinculis
1180 2519 1327 2545 constituto
1337 2519 1474 2553 inscripta,
1488 2519 1561 2545 illutn
1577 2527 1628 2545 non
1650 2521 1734 2546 tuodo
1767 2525 1845 2546 natos

1055 2556 1135 2586 atque
1165 2553 1272 2584 fratres,
1299 2554 1346 2580 sed
1375 2558 1402 2580 et
1430 2561 1536 2581 sorores
1570 2553 1700 2581 habuisse
1725 2560 1843 2581 constet.

1055 2586 1123 2618 Quin
1146 2588 1226 2613 etiam
1251 2588 1284 2614 ab
1313 2587 1428 2622 Origene
1455 2588 1533 2622 hujus
1564 2587 1623 2614 libri
1651 2589 1726 2622 Περὶ
1750 2589 1845 2623 εὐχῆς

1056 2629 1128 2648 ιιιιιιι.
1146 2623 1173 2652 9.
1189 2622 1348 2649 describitur
1359 2623 1470 2649 Tatiana
1483 2628 1609 2657 tanquam
1626 2629 1769 2656 provecta:
1780 2622 1843 2650 aeta-

1057 2656 1101 2694 lis,
1121 2664 1168 2682 nec
1184 2665 1234 2694 non
1244 2658 1304 2694 ipsa
1312 2658 1504 2694 etAmbrosius
1516 2659 1573 2694 sub_
1582 2659 1660 2694 linetn
1674 2659 1844 2694 operism-

1057 2690 1181 2717 σ;ώτατοι
1197 2691 1319 2726 ἀδελφοί,
1339 2692 1435 2726 fratres
1458 2692 1574 2726 germani
1592 2690 1731 2719 άιρυιιιιιτ.
1746 2690 1842 2720 Verum

1056 2733 1209 2762 quanquam
1225 2729 1281 2753 haec
1296 2728 1437 2754 admodum
1452 2727 1600 2762 probabilia
1622 2734 1687 2753 sunt
1698 2747 1707 2759 ,
1725 2736 1780 2755 non
1797 2735 1842 2762 pro

1055 2760 1137 2787 certis
1153 2766 1240 2787 tamen
1253 2761 1342 2788 ltaberi
1357 2760 1538 2789 velimINihil
1554 2762 1624 2788 enim
1638 2767 1713 2789 vetat
1727 2760 1841 2789 Ambro—

1056 2795 1088 2821 sii
1106 2802 1218 2831 uxorem
1230 2804 1289 2830 qua:
1303 2797 1328 2823 in
1342 2796 1460 2830 Epistula
1477 2797 1511 2823 ad
1522 2797 1681 2831 Africanum
1716 2797 1840 2824 Marcella

1056 2836 1177 2863 vocatur,
1198 2829 1319 2859 Taiiautn
1345 2829 1452 2866 quoque
1470 2829 1566 2859 nomen
1587 2832 1729 2860 habuisse.
1753 2833 1840 2868 Neque
