1908 3071
103 137 169 165 1261

615 137 896 168 ORIGENIANORUM
916 138 978 165 LlB.
1000 139 1042 171 Ill,
1064 138 1138 167 CAP.
1159 138 1203 165 IV.

98 196 252 230 pungimus,
265 195 358 230 paucis
373 203 480 231 quoque
496 197 529 224 de
542 204 572 224 ea
592 199 723 232 agendum
745 203 797 226 est.
815 199 877 225 Phi-
893 200 914 228 A
929 198 1015 232 Atque
1029 199 1084 224 haec
1097 205 1129 225 eo
1144 197 1269 225 libentius
1287 197 1384 228 refero,
1403 198 1473 232 quod
1495 198 1528 225 iis
1544 197 1617 226 vocis
1632 198 1707 232 φιλας

97 241 195 270 localia
208 241 272 277 quid
285 242 320 268 sit
332 241 450 270 breviter
461 243 578 270 declarat
590 245 735 278 epigraphe
753 245 801 279 ipsi
816 252 880 280 pra:-

97 287 143 321 ﬁgi
158 287 252 315 solita:
270 287 425 324 Ἐκλογὴνὴ
443 289 567 324 παροῦσα.
581 289 701 325 περίεχει
711 290 799 325 βίϐλος
811 299 879 326 γρα-

96 333 186 368 φικῶν
196 333 356 368 ζητημάτων
370 335 416 360 καὶ
427 334 582 367 διαλύσεων,
595 336 626 362 ἐκ
637 335 770 371 διαφόρων
784 336 880 371 βίϐλων

95 378 137 414 τῷ
165 379 293 414 Ὠριγένει
323 380 485 415 ποιηθεισῶν
504 381 684 418 ἠθροισμένην
707 382 759 408 ὑπὸ
774 383 827 409 τῶν
847 382 880 409 τὰ

96 424 158 451 θεῖα
185 424 273 458 σοφῶν
290 425 439 460 Γρηγορίου
460 426 506 453 καὶ
530 427 681 454 Βασιλείου.
711 438 720 453 ι
747 428 879 455 Delectum

94 470 219 497 continet
236 471 312 498 hiccc
331 471 399 498 liber
411 473 587 506 quaestionum
602 477 628 500 et
645 474 807 501 solutionum
820 482 879 508 qure

95 516 233 549 pertinent
247 517 279 542 ad
292 515 471 550 Scripturam,
486 525 519 545 ex
532 519 615 546 variis
629 519 706 546 libris
720 520 753 546 ab
765 519 880 555 Origene

94 561 252 595 elaboratis,
266 563 310 598 qui
324 563 452 591 collectus
465 569 506 591 est
520 572 534 591 a
548 565 613 592 viris
624 565 774 593 divinarum
788 574 877 593 rerum

93 608 190 641 peritis
207 609 337 644 Gregorio
349 615 376 637 et
390 610 500 637 Basilio.
518 620 528 637 ›
548 610 615 638 Tum
632 612 801 646 subjungilur
822 612 878 646 epi-

91 655 179 686 stola,
195 662 246 688 qua
264 656 289 682 id
305 663 373 691 opus
390 656 423 683 ad
439 655 609 684 Theodorum
625 657 759 692 Tyaneum
774 657 878 692 episco-

93 708 160 734 pum
180 699 325 735 Gregorius
345 701 532 729 Nazianzenus
549 703 708 730 transmisit.
726 702 878 730 Ostendunt

90 747 272 780 quoquequid
289 747 324 774 sit
336 746 484 774 Philocalia
497 747 636 782 elegantes
649 748 742 780 iambi,
760 748 878 774 nondum

91 790 172 822 editi,
182 797 249 825 quos
261 791 287 818 in
297 792 407 826 antiquo
415 793 580 821 collectionis
589 793 669 827 hujus
680 793 772 820 codice
783 801 877 820 manu-

92 836 198 870 scripto
215 837 364 871 reperimus
378 846 385 864 :

89 879 134 920 ρῦ
144 882 152 916 ί
161 882 256 920 Ὠριγ.)
269 882 327 910 τῶν
334 884 432 919 λόγων
440 884 499 920 νῦν
507 885 642 920 ἀρμόγὴν
651 886 721 920 ὁρᾷς
736 886 840 920 ξένην,

91 917 255 944 Βωιλειου
269 917 436 953 apis-array,
447 919 487 953 ὡς
500 917 653 954 aperiam
664 917 754 948 Ξτᾶἇπυν.

90 965 178 1001 Cujus
186 966 435 1001 (Orig.)sermonum
443 977 509 995 nunc
517 969 691 996 collectionem
699 969 767 997 uides
774 977 874 1002 novam,

92 1002 167 1033 Quos
180 1002 296 1030 Basilius
310 1005 419 1038 optimos
432 1012 486 1031 esse
495 1004 635 1038 judicavit.

932 243 1043 275 καλίας,
1060 251 1114 278 quo
1136 251 1215 271 sensu
1233 252 1246 270 a
1262 243 1360 271 Basilio
1382 248 1409 271 et
1432 244 1561 278 Gregorio
1580 249 1709 279 usurpata

931 295 982 321 est,
995 289 1153 322 signiﬁcatio
1165 290 1326 318 continetur.
1336 288 1501 316 Nihilautem
1511 289 1665 317 sonataliud
1679 297 1711 318 ea

933 342 986 362 vox
1010 341 1089 368 quam
1115 334 1246 361 delectum
1267 334 1426 362 eximiorum
1447 335 1622 368 quorumdam
1637 335 1711 362 loco-

931 389 988 408 rum
1007 389 1022 408 e
1052 380 1132 407 variis
1158 379 1234 406 libris
1253 379 1392 414 scriptoris
1409 379 1521 413 alicujus
1540 379 1709 414 zeujusmodl

931 431 992 454 sunt
1033 426 1183 460 fragmenta
1207 432 1222 452 e
1246 425 1371 452 Petronio
1398 425 1431 451 ab
1462 425 1550 458 aliquo
1581 425 1702 452 studioso

932 472 1051 500 collecta.
1077 472 1177 499 Locum
1199 472 1243 498 hic
1269 479 1320 498 non
1343 471 1423 498 habet
1448 471 1529 498 altera
1552 471 1709 505 φιλοκαλίας

931 518 1044 550 notatio,
1061 525 1140 552 quam
1155 516 1232 544 affert
1248 516 1412 550 Augustinus
1426 517 1486 543 libr.
1506 524 1525 543 ιι
1538 522 1628 544 contra
1640 517 1710 544 Aca-

930 563 1012 594 ἄρηι..
1040 569 1099 597 cap.
1116 562 1142 594 l,
1158 566 1185 588 et
1196 561 1243 588 lib.
1258 569 1266 588 ι
1286 561 1438 592 Retractat.,
1454 569 1515 596 cap.
1530 563 1556 594 l,
1569 569 1628 589 eam
1643 570 1704 590 esse

931 607 1054 634 scribens
1079 613 1169 634 rerum
1183 606 1334 633 divinarum
1355 613 1388 632 ex
1408 606 1497 633 divina
1523 607 1661 638 relatione.
1682 613 1710 635 et

930 651 1018 679 Verbo
1031 652 1077 679 Dei
1091 652 1259 687 cogniturum
1275 652 1407 684 studium;
1424 658 1477 686 quo
1493 658 1573 679 sensu
1593 660 1707 688 usurpa-

932 702 987 724 tum
999 705 1060 725 esse
1074 704 1089 724 a
1102 696 1233 731 Gregorio
1248 701 1274 724 et
1291 696 1391 724 Basilio
1405 697 1456 724 hoc
1477 698 1635 725 vocabulum
1647 699 1708 733 opi-

929 743 983 770 nati
995 747 1057 770 sunt
1071 742 1260 770 Genebrardus
1274 749 1301 768 et
1313 742 1429 769 Tariuus
1442 750 1450 772 ι
1465 743 1511 777 qui
1522 743 1593 770 enim
1607 743 1633 771 id
1644 751 1710 772 con-

929 793 1006 823 gruet
1018 795 1078 815 cum
1089 787 1310 823 Origenianorum
1324 787 1424 820 aliquot
1432 788 1549 816 locorum
1560 789 1710 824 EclogalAt

931 841 964 861 eo
978 841 1071 865 sensu,
1086 840 1165 868 quem
1181 837 1255 860 notat
1280 832 1459 868 Augustinus,
1488 835 1643 869 accipienda
1666 841 1709 863 est

896 871 917 898 Β
931 887 982 906 vox
996 878 1151 913 φιλόκαλος,
1172 885 1252 913 quam
1275 878 1386 913 Origeni
1404 879 1523 906 tribuere
1546 880 1707 915 Gregorium

929 925 1097 959 Theologum
1109 925 1137 952 in
1148 924 1270 960 epistolis
1285 925 1381 952 scribit
1403 925 1513 953 Photius
1538 925 1709 965 Bibliotheca

927 972 985 999 eod.
999 978 1115 998 ccum.

90 1116 1702 1129 —--———-——————-—————————————-—————————————_

757 1195 946 1240 CAPUT
975 1196 1057 1240 IV.

232 1290 302 1326 Quo
323 1290 447 1328 ordine,
471 1290 589 1331 quibus
611 1289 810 1330 temporibus
837 1289 986 1329 Origenis
1007 1291 1083 1324 libri
1105 1292 1266 1325 lucubrati
1287 1293 1351 1324 sint
1371 1294 1567 1333 exploratur.

90 1440 115 1468 1.
143 1439 230 1475 Variis
250 1438 371 1473 Origenis
385 1439 569 1471 scriptionibus
589 1448 653 1467 suus
669 1440 744 1470 ordo.
757 1448 804 1467 sua
826 1445 991 1475 temporaiex
1004 1439 1116 1467 Eusebio
1137 1439 1314 1473 assignantur.
1331 1439 1362 1467 ΙΙ.
1379 1439 1436 1471 Quo
1450 1444 1561 1474 tempore
1574 1439 1708 1475 Tetrapla,

130 1474 259 1510 Hexupla,
278 1481 300 1500 et
321 1475 434 1508 Octapla
457 1475 663 1507 concinnunerit,
678 1475 860 1510 investigatur.
881 1475 923 1501 Ill.
941 1474 1076 1502 Notantur
1092 1475 1217 1510 nonnulla
1240 1475 1310 1510 circa
1330 1475 1449 1500 ordinem
1464 1483 1495 1500 ac
1511 1480 1608 1509 tempus
1621 1474 1710 1510 exege-

130 1504 216 1539 ιὶιῶηξ
232 1504 262 1535 ac
275 1504 466 1545 lyntagmatum
476 1510 558 1544 ipsius
571 1504 755 1545 quorumdam.
768 1504 813 1538 ι’ν.
833 1510 1038 1544 Diatinguunlur
1069 1510 1185 1544 ejusdem
1205 1509 1320 1536 homiiiw
1342 1510 1534 1543 extemporales
1560 1504 1583 1536 et
1606 1511 1633 1537 in
1657 1504 1709 1537 cutio

128 1545 281 1572 eleborum.

875 1592 908 1599 ..-

129 1664 151 1691 l.
165 1663 194 1692 Si
207 1669 355 1698 temporum
365 1663 504 1699 eli'ugisset
520 1664 644 1699 iniuriam
661 1665 728 1693 liber
739 1665 783 1693 ille
796 1666 880 1694 Euse-
893 1669 916 1699 (ι
932 1666 1028 1700 hisque
1040 1671 1101 1692 sese
1112 1663 1197 1692 libros
1217 1662 1256 1690 De
1269 1664 1458 1691 resurrectione
1469 1662 1523 1698 jam
1538 1667 1600 1691 ante
1619 1663 1711 1691 elabo—

90 1711 131 1738 bii
156 1710 193 1737 De
216 1709 274 1737 Vita
293 1709 436 1746 Pamphili,
463 1714 490 1739 in
505 1719 583 1746 quem
604 1711 733 1738 librorum
754 1711 878 1746 Origenis

91 1755 211 1782 indicem
228 1755 383 1789 inferserat,
395 1761 554 1792 argumento
569 1757 631 1784 huic
644 1757 715 1790 quod
736 1757 876 1791 persequi-

91 1808 155 1828 mur
177 1808 274 1836 magna
290 1801 333 1828 lux
358 1804 587 1837 accederetzquo
610 1803 738 1837 quoniam
753 1810 877 1831 caremus

93 1847 229 1879 subsidio,
241 1848 304 1882 quid
319 1848 346 1875 in
356 1848 440 1883 ipsius
452 1848 570 1875 Historia
584 1849 661 1877 nobis
675 1849 734 1884 opis
752 1850 832 1877 situm
843 1850 877 1877 sit

91 1893 245 1920 videamus.
262 1893 336 1922 Hunc
349 1895 433 1927 enim,
449 1900 477 1922 ut
490 1895 514 1921 in
534 1895 644 1929 reliquis
660 1903 720 1929 quae
735 1895 768 1922 ad
783 1896 877 1931 Orige-

92 1946 156 1966 nem
174 1939 319 1972 pertinent,
335 1940 370 1967 ita
387 1940 437 1967 hac
458 1941 538 1967 etiam
555 1940 581 1967 in
597 1946 672 1975 parte
681 1942 774 1968 ducem
785 1943 879 1976 praeci-

90 1991 146 2018 pue
163 1984 353 2019 spectabimus,
368 1985 393 2012 in
413 1993 463 2020 qua
480 1986 556 2013 nobis
567 1987 755 2020 proposuimus
765 1987 878 2014 investi-

90 2028 221 2063 gandum,
233 2036 286 2064 quo
296 2030 391 2057 ordine
405 2030 501 2065 singuli
516 2031 667 2058 Adamantii
683 2031 754 2066 libri,
764 2040 877 2067 quorum

92 2074 224 2101 memoria
238 2080 369 2109 superest.
394 2076 490 2110 quibus
504 2078 667 2111 temporibus
683 2077 779 2104 ruerint
805 2077 878 2104 luctt-

91 2120 176 2147 brati.
188 2120 252 2153 Qua:
261 2121 333 2155 prior
341 2121 375 2147 ab
388 2128 420 2148 eo
430 2121 581 2148 celebratur
590 2123 741 2149 Adamantii
754 2123 876 2156 scriptio,

91 2167 111 2193 ii
120 2171 184 2194 sunt
191 2167 379 2193 commentarii
388 2167 414 2193 in
424 2171 526 2193 veteres
535 2167 716 2202 philosophos,
723 2169 767 2203 qui
779 2168 880 2195 diutur-

91 2213 177 2240 nitate
193 2213 320 2247 tcmporis
331 2219 424 2240 omnes
439 2213 642 2241 interciderunt.
657 2214 788 2241 Proxima
804 2221 879 2241 corn-

93 2263 279 2285 memorantur
288 2258 433 2292 Scripturw
445 2264 544 2286 sanet-.e
556 2259 801 2294 interpretationes,
813 2267 879 2294 qua-

92 2311 154 2330 rum
168 2311 220 2330 non
228 2304 422 2331 contemnenda
434 2311 496 2338 pars
509 2304 542 2330 ad
555 2304 624 2331 hanc
632 2304 702 2331 diem
713 2309 818 2331 servata
826 2310 876 2331 est.

931 1719 1004 1739 rasse
1021 1711 1196 1746 signiﬁcavit.
1213 1710 1309 1737 Libros
1325 1717 1433 1744 quoque
1452 1710 1521 1744 Περὶ
1545 1709 1655 1745 ἀρχῶν,
1684 1715 1711 1738 et

928 1756 1121 1791 Στραῃιατεῗς,
1132 1761 1277 1791 antequam
1292 1755 1457 1783 Alexandria
1474 1757 1625 1789 excederet,
1637 1764 1711 1784 com-

929 1803 1029 1838 posuit.
1050 1802 1154 1837 Adepto
1170 1802 1313 1837 imperium
1329 1802 1486 1834 Maximino,
1511 1802 1607 1829 librum
1629 1803 1712 1830 edidit

929 1849 967 1876 De
979 1849 1120 1884 martyrio.
1139 1848 1178 1876 Eo
1192 1856 1257 1876 vero
1282 1848 1400 1881 sublato,
1423 1856 1485 1876 cum
1500 1856 1591 1875 rerum
1606 1848 1710 1884 potire-

930 1899 973 1921 tur
985 1894 1149 1927 Gordianus,
1170 1894 1197 1921 in
1213 1894 1308 1921 Isaiam
1325 1898 1352 1921 et
1366 1894 1534 1921 Ezechielem
1547 1899 1711 1921 commenta«

930 1944 972 1967 lus
989 1943 1031 1967 est
1048 1939 1074 1966 in
1102 1938 1258 1966 Caesariensi
1274 1939 1404 1974 ;secessu.
1433 1938 1553 1966 Meminit
1578 1943 1710 1974 przeterea

929 1985 1062 2012 Eusebius
1076 1985 1123 2012 lib.
1141 1993 1167 2012 vr
1183 1985 1267 2018 Ilist.,
1283 1993 1343 2020 cap.
1361 1985 1406 2017 5i,
1420 1984 1546 2020 Epistolas
1558 1985 1591 2012 ad
1605 1985 1710 2012 Africa-

930 2039 1005 2064 nttm,
1017 2039 1069 2066 qua
1084 2031 1206 2059 historias
1226 2032 1358 2059 Susaunae
1370 2032 1434 2059 ﬁdes
1444 2035 1472 2059 et
1492 2032 1637 2059 auctoritas
1652 2040 1711 2066 pro-

931 2082 1067 2112 pugnatur
1083 2086 1090 2104 τ
1106 2081 1212 2111 tempus
1236 2085 1301 2104 vero
1329 2085 1382 2111 quo
1407 2077 1467 2104 data
1487 2078 1543 2112 ipsa
1571 2081 1624 2107 est,
1656 2084 1709 2104 non

930 2123 1061 2157 assignat.
1081 2121 1176 2150 Refert
1201 2122 1266 2149 illud
1291 2121 1416 2149 Petavius
1435 2122 1468 2148 ad
1491 2129 1589 2149 annum
1609 2121 1710 2149 Christi

929 2168 1000 2200 222;
1016 2175 1069 2202 quo
1082 2175 1153 2194 anno
1170 2167 1310 2201 imperium
1325 2167 1644 2201 capessivitAlexander;
1662 2175 1710 2195 cur

930 2214 967 2241 ita
987 2214 1110 2246 sentiret,
1129 2213 1282 2248 neutiquam
1301 2213 1437 2247 ascripsit.
1458 2214 1493 2239 At
1507 2220 1566 2239 cum
1584 2212 1709 2240 Nicome-

930 2259 979 2286 diae
992 2259 1091 2293 scripta
1105 2258 1138 2285 sit
1149 2261 1280 2293 praesente
1292 2257 1443 2289 Ambrosio,
1458 2257 1547 2284 datam
1561 2257 1632 2284 illam
1642 2263 1708 2284 con-

928 2305 994 2339 iicio
1021 2305 1164 2339 imperium
1191 2309 1297 2333 tenente
1323 2304 1469 2337 Gordiano,
1499 2312 1600 2332 annum
1623 2305 1710 2332 aetatis

92 2349 179 2376 Sacra
187 2349 322 2376 volumina
334 2356 386 2376 non
403 2348 479 2383 longe
488 2353 547 2382 post
561 2349 635 2376 initia
645 2348 790 2375 Alexandri
798 2348 878 2376 Com-
895 2363 916 2391 ο
931 2356 1024 2385 agente
1039 2351 1156 2385 Origene
1170 2352 1278 2379 circiter
1289 2351 1539 2386 quinquagesimum
1551 2351 1709 2382 secundum,

92 2394 235 2422 meulariis
245 2394 378 2429 explicare
388 2401 448 2421 eum
458 2395 573 2429 ctepisse
587 2394 700 2430 reperio.
710 2395 748 2421 Ac
764 2394 877 2428 primum

91 2448 107 2467 a
133 2439 242 2468 Joannis
260 2440 404 2475 Evangelio
433 2441 588 2475 auspicatus
614 2445 673 2472 est,
703 2440 730 2466 in
763 2447 877 2474 eumque

91 2486 201 2521 priores
228 2486 347 2520 quinque
386 2491 474 2513 tomos
501 2486 671 2513 Alexandriae
705 2487 874 2520 composuit;

93 2539 206 2567 necnon
223 2532 250 2559 in
275 2531 402 2559 Genesitn
428 2533 534 2567 priores
563 2536 625 2560 octo
642 2540 657 2560 e
670 2532 810 2559 duodecim
825 2532 873 2567 (7).

93 2578 166 2611 Quin
179 2577 262 2605 etiam
278 2578 374 2613 viginti
390 2579 510 2614 quinque
525 2579 629 2614 priores
644 2577 774 2613 psalmos,
790 2583 817 2606 et
830 2578 876 2606 Je-

92 2623 186 2651 remiaa
203 2623 326 2651 Threnos
340 2623 438 2651 ibidem
447 2624 661 2659 expositionibus
672 2623 834 2656 illustravit;
850 2623 875 2650 in

92 2693 184 2728 magni
198 2693 324 2720 momenti
338 2697 379 2720 est
393 2693 463 2727 quod
478 2693 537 2719 libri
554 2693 622 2727 Περὶ
636 2691 740 2726 εὐχῆς,
757 2700 829 2718 nmn.
843 2691 872 2728 2,

93 2727 206 2755 Tatiaua
223 2733 347 2761 tanquam
359 2733 490 2762 provecta:
502 2730 590 2754 :etatis
599 2728 769 2758 describitur,
783 2727 873 2762 etrsub

94 2764 176 2789 tinent
192 2763 281 2796 operis
297 2761 365 2797 ipsa:
375 2766 403 2788 et
416 2763 576 2789 Ambrosius
596 2762 780 2797 γνησιώτατοι’
792 2761 870 2787 ἁδελ-

94 2797 141 2833 φοι
164 2798 326 2833 salutantur.
340 2796 407 2833 Nam
425 2797 568 2831 utrobique
582 2796 670 2831 potest
684 2798 795 2833 ﬁgurata
811 2804 873 2823 esse

96 2831 207 2864 locutio,
226 2840 276 2860 nec
288 2832 365 2859 aliter
380 2831 448 2859 forte
471 2833 550 2858 ambo
568 2832 759 2865 germanissimi
778 2832 873 2866 fratres

932 2404 992 2423 cum
1009 2396 1133 2423 Caesarea
1161 2398 1282 2425 Athenas
1307 2397 1455 2432 proiectus,
1471 2395 1630 2423 Nicomediae
1645 2397 1710 2422 Am-

931 2440 1051 2468 brosium
1072 2439 1159 2468 obiter
1181 2442 1259 2469 adiit.
1274 2441 1418 2475 Postquam
1440 2440 1565 2475 migravit
1578 2440 1708 2472 Athenas,

930 2485 1069 2513 inchoatos
1091 2486 1119 2513 in
1143 2486 1307 2514 Ezecliietem
1320 2486 1534 2516 Commentarios
1551 2487 1584 2513 ad
1604 2486 1710 2513 umbili-

928 2539 988 2558 cum
1005 2531 1131 2566 perduxit
1149 2540 1156 2558 :
1173 2532 1277 2560 Cantici
1293 2541 1358 2562 vero
1373 2533 1539 2561 canticorum
1563 2532 1708 2566 expositio-

928 2584 988 2604 nem
1006 2584 1160 2612 aggressus,
1174 2577 1322 2606 lucubratis
1335 2579 1471 2614 prioribus
1482 2578 1600 2613 quinque
1615 2577 1691 2604 libris
1701 2597 1708 2610 ,

929 2623 1048 2658 reliquos
1070 2623 1191 2659 quinque
1205 2624 1356 2652 Caesaream
1379 2626 1464 2653 redux
1490 2624 1615 2652 absolvit.
1631 2624 1707 2650 Anno

927 2691 1106 2726 appellantur,
1122 2700 1201 2728 quam
1220 2694 1246 2719 in
1261 2692 1380 2725 Christo,
1412 2694 1506 2721 eodem
1523 2699 1606 2728 prope
1620 2692 1706 2728 ~mode

927 2735 980 2761 quo
997 2726 1169 2754 Ambrosium
1188 2728 1274 2762 ipsum
1291 2728 1400 2755 fratrem
1417 2736 1496 2755 suum
1520 2726 1597 2755 vocat
1614 2726 1703 2761 Orige'

927 2769 975 2788 nes
991 2762 1067 2789 initio
1082 2762 1144 2790 torni
1156 2770 1175 2789 tt
1189 2763 1450 2791 Commentariorum
1464 2764 1491 2790 in
1506 2762 1649 2789 Joannem.

927 2796 1001 2831 ...(7)
1019 2795 1080 2832 Leg.
1096 2797 1236 2825 tredecim.

1642 140 1706 168 “265
1743 153 1745 156 ι
