1908 3071
210 112 279 139 1265

860 113 889 140 P.
912 113 1067 143 DANIELIS
1084 115 1201 144 llUETll

1759 120 1822 147 ηῡιι

210 170 326 205 Philippi
339 170 419 198 tertio
436 170 647 205 sexagenarium
666 177 766 198 annum
784 175 996 206 praetergressus
1007 175 1028 203 Α
1043 173 1118 207 prius
1139 174 1229 200 animo
1251 172 1411 207 informata,
1444 173 1575 202 Cassareaz
1586 174 1763 210 Cappadociae
1784 178 1823 205 in-

210 217 338 245 homilias
352 225 384 245 ex
397 225 444 245 ore
458 224 518 250 suo,
534 217 597 244 dum
610 217 834 251 concionaretur,
852 224 867 244 a
881 218 995 246 notariis

210 264 299 299 excipi
316 268 370 292 tum
382 263 499 299 primum
512 270 609 298 passus
620 267 676 290 est.
690 262 767 291 Unde
779 267 887 291 constat
897 264 994 292 bonam

210 318 305 338 earum
321 315 435 345 partem,
451 317 511 344 qua:
523 310 556 336 ad
571 313 690 337 nostram
703 313 811 336 aetatem
827 310 995 338 transmissa

210 363 283 390 sunt,
299 365 351 385 non
367 357 402 385 ab
420 357 474 384 alio
485 363 546 384 esse
560 361 681 391 tempore
693 355 863 391 repetendas.
878 356 994 384 Humilia

211 411 274 442 puta
293 405 319 432 in
334 405 466 440 psalmum
481 411 586 438 Luxu,
599 403 674 438 cujus
688 403 870 438 fragmentum
892 411 924 432 ex
939 403 994 431 Eu-

210 453 288 481 sebio
298 450 528 487 deprompsimus,
546 450 677 478 adversus
688 457 811 478 errorem
825 450 994 479 Helcesaita-

210 508 270 528 rum
282 499 335 527 hac
345 503 426 526 aetate
439 502 565 526 exortum
582 497 673 525 habita
692 502 743 525 est.
762 497 820 526 Hac
846 498 904 533 ipsa
925 503 994 526 tem-

209 550 315 580 pestate
330 545 439 572 Celsum
465 544 544 572 libris
563 549 626 572 octo
639 544 811 576 confutavit;
828 544 854 571 in
872 544 994 572 Matthzei

209 591 384 626 Evangelium
399 596 427 619 et
453 592 598 626 prophetas
620 590 761 619 duodecim
776 590 994 619 Commentarios

210 640 399 673 concinnavit;
412 639 543 675 plurimas
557 639 639 666 etiam
646 638 778 674 epistolas
792 638 826 666 ad
840 638 993 673 Philippum

210 688 447 722 imperatorem,et
461 686 493 713 ad
505 685 645 721 conjugem
658 686 744 720 ipsius
757 685 898 716 Severam,
911 685 994 712 alius-

210 741 263 769 que
277 733 429 768 complures
445 732 529 763 dedit.
545 739 606 767 quae
620 731 734 766 sparsim
759 732 786 759 in
801 738 833 759 eo
852 731 921 759 libro
940 731 992 759 Eu-

209 779 277 808 sebii
297 780 353 807 suis
367 779 533 812 temporibus
550 778 733 813 assignantur.

245 826 278 856 ll.
293 826 474 860 Tetraplorum
487 830 515 853 et
529 825 720 860 "empturum.
740 833 854 860 quorum
874 825 992 853 mentio-

1046 220 1156 252 choata,
1180 220 1294 247 Athenis
1315 224 1343 247 et
1367 220 1497 248 Caesareae
1518 220 1653 249 Stratonis
1667 221 1775 255 atl'ecta,
1795 231 1823 251 ac

1046 266 1109 303 Tyri
1126 267 1234 294 demum
1250 267 1368 294 arbitror
1384 267 1469 294 fuisse
1491 267 1619 302 perfecta.
1647 268 1685 295 lta
1710 268 1824 297 Eusebio

1045 312 1206 340 conciliatur
1229 313 1413 348 Epiphanius,
1442 321 1557 349 quorum
1582 314 1626 341 ille
1648 315 1765 350 aliquam
1798 317 1822 343 in

1044 360 1235 387 concinnaudis
1243 359 1369 394 Hexuplis
1378 360 1659 396 Alexandrircoperam
1670 362 1704 389 ab
1714 361 1824 397 Origene

1045 405 1158 440 positam
1171 405 1279 433 videtur
1293 407 1465 441 signiﬁcare;
1481 407 1525 434 hic
1540 407 1604 444 Tyri
1620 408 1703 436 fuisse
1717 417 1822 444 compo-

1044 453 1096 479 sita
1112 457 1207 486 aperte
1224 453 1319 485 docet;
1334 453 1405 488 quod
1421 454 1457 480 ita
1475 454 1677 489 intelligendum
1698 459 1758 487 est,
1773 463 1821 483 non

1044 497 1109 533 Tyri
1121 498 1208 526 solum
1224 505 1256 526 ea
1265 498 1421 527 elaborasse
1433 499 1588 535 Origenem,
1601 500 1647 528 sed
1659 502 1685 528 in
1701 501 1735 529 iis
1747 502 1822 529 etiam

1044 544 1120 576 locis,
1143 545 1170 572 in
1191 545 1291 580 quibus
1301 550 1362 572 octo
1378 551 1405 572 et
1419 546 1513 581 viginti
1533 552 1596 574 ante
1614 551 1729 574 mortem
1749 547 1822 575 annis

1044 596 1168 619 versatus
1183 595 1236 624 est,
1251 599 1319 626 quos
1341 591 1405 627 Tyri
1437 596 1587 620 trausactos
1611 600 1753 628 perperam
1766 592 1823 627 Epi-

1044 637 1160 672 phanius
1176 638 1301 666 credidit.
1312 637 1416 665 Firmat
1425 643 1544 666 nostram
1560 639 1745 674 conjecturam
1756 641 1822 674 quod

1044 684 1083 711 ait
1112 683 1243 712 Eusebius
1258 684 1305 712 lib.
1324 692 1349 711 vt
1368 684 1452 718 Hist.,
1469 692 1528 720 cap.
1545 684 1588 717 l7,
1615 685 1771 721 Symmachi
1786 685 1823 712 in-

1044 732 1267 766 terpretationem
1303 732 1330 759 in
1360 730 1465 759 Juliaua
1493 731 1653 760 bibliotheca
1684 733 1822 768 Origenetn

1044 779 1187 813 reperisse.
1204 777 1325 806 Nondum
1341 779 1433 814 itaque
1447 778 1568 813 Hexapla
1582 779 1623 806 vel
1634 778 1823 813 Tetraplacon-

1043 826 1218 859 cinnaverat,
1236 833 1350 860 quorum
1367 833 1431 860 pars
1448 833 1543 859 magna
1556 825 1606 852 fuit
1622 824 1779 860 Symmachi
1789 824 1823 852 in-

209 880 271 901 nem
298 872 364 900 fecit
388 872 519 900 Eusebius
544 872 591 899 lib.
615 880 638 899 vr
673 871 777 899 Ηὶιιοτ.
801 879 862 907 cap.
884 872 929 904 16,
945 871 989 899 cui
1006 869 1026 895 Β
1042 872 1207 906 tcrpretatio.
1230 872 1346 899 Eusebio
1364 872 1457 898 itidem
1470 871 1632 906 astipulatur
1648 870 1819 907 Epiphanius,

207 919 321 955 tempori
331 919 498 954 adiungenda
507 919 541 946 sit
549 918 705 953 descriptio,
713 922 832 946 statuere
840 922 991 953 promptum

207 974 260 993 non
277 971 328 993 est.
354 964 466 992 Factum
494 965 520 992 id
549 965 704 1000 signiﬁcare
730 965 837 992 videtur
858 965 992 992 Eusebius

207 1013 291 1040 multo
308 1017 454 1047 antequam
484 1009 646 1039 Alexandria
670 1011 800 1047 Origenes
816 1011 990 1042 excessisset.

206 1064 270 1087 tunc
292 1059 420 1086 nimirum
446 1065 509 1086 cum
533 1058 705 1086 Ambrosium
733 1058 765 1085 ad
782 1057 882 1086 Christi
911 1057 990 1085 fidem

205 1106 394 1134 convertebat.
413 1105 578 1140 Epiphanius
591 1109 680 1132 autem
707 1103 770 1140 Tyri
794 1104 932 1131 lurubrata
958 1110 989 1130 ea

208 1161 260 1181 non
274 1152 358 1180 semel
374 1151 540 1179 asseveravit
563 1151 613 1187 (8).
638 1151 693 1186 Ego
707 1158 772 1178 vero
790 1150 861 1177 aliud
877 1149 916 1177 rei
929 1149 991 1177 huic

206 1205 313 1234 tempus
327 1198 437 1233 deputo,
449 1197 558 1233 quando
575 1197 678 1225 scilicet
688 1197 858 1224 Christianos
875 1201 991 1224 vexante

207 1245 354 1273 Maximino
378 1246 530 1272 Cmsaream
559 1243 737 1278 Cappadocim
751 1244 784 1270 ad
800 1241 989 1269 Firmilianum

206 1292 331 1326 confugit
354 1291 495 1326 Origenes.
522 1291 543 1317 A
567 1289 676 1317 Juliana
690 1290 763 1317 enim
778 1288 928 1316 liberaliter
941 1296 991 1316 ex-

204 1345 299 1374 ceptus
314 1342 341 1365 et
365 1338 446 1365 donto
471 1342 498 1364 et
521 1337 682 1365 bibliotheca
709 1343 723 1363 a
749 1335 912 1372 Symmacho
925 1335 989 1362 olim

204 1388 345 1418 instructa,
355 1386 388 1413 ad
397 1394 456 1413 eam
471 1386 567 1413 deinde
581 1385 808 1419 ltzereditatisjure
820 1385 988 1417 transmissa,

202 1432 259 1468 (77)
271 1436 366 1460 nactus
380 1431 434 1459 illic
448 1437 488 1459 est
499 1432 646 1466 Scriptura:
652 1439 735 1459 sacrae
745 1431 918 1466 exemplaria,
928 1431 989 1466 qui-

204 1479 253 1506 bus
266 1486 331 1506 usus
343 1478 625 1514 fueratSymmachus.
633 1477 700 1505 Tum
711 1484 773 1505 vero
782 1477 887 1504 codices
901 1477 987 1512 ipsum

1043 918 1107 945 hair.
1135 926 1209 951 LXIV,
1227 926 1288 953 cap.
1300 918 1325 950 3,
1345 918 1489 953 Origenem
1505 917 1708 945 lucubrationes
1728 924 1789 944 suas
1797 917 1820 944 in

1042 963 1223 999 Scriptorum,
1237 964 1350 999 impulsu
1366 964 1502 991 Ambrosii
1514 968 1665 998 susceptas,
1687 964 1724 991 ab
1737 963 1820 990 Hexa-

1041 1010 1091 1043 ph'a
1122 1010 1205 1038 fuisse
1230 1011 1397 1044 auspicatum
1415 1018 1421 1037 :
1439 1009 1476 1036 Τὸ
1494 1009 1613 1045 πρῶτον,
1631 1010 1732 1045 inquit,
1745 1009 1820 1036 αὑτοῦ

1040 1056 1178 1092 ἐπιμελῶς
1202 1056 1413 1092 ἐφιλοτιμήσατο
1431 1057 1593 1090 συναγαγεῖν
1607 1055 1662 1082 τῶν
1688 1055 1719 1089 ἐξ
1735 1056 1820 1092 ’ἑρμη-

1040 1102 1130 1131 νειῶν.
1143 1103 1224 1138 Atqui
1244 1107 1307 1130 tunc
1322 1102 1452 1136 temporis
1466 1101 1638 1129 Alexandriae
1655 1102 1820 1130 versabatur.

1042 1148 1219 1183 Retorquebit
1235 1152 1425 1184 argumentum
1444 1147 1551 1183 aliquis,
1567 1153 1595 1176 et
1607 1148 1680 1175 dicet
1695 1148 1748 1175 hoc
1761 1153 1820 1175 tem-

1040 1203 1106 1229 pore
1120 1202 1168 1222 sex
1184 1195 1421 1230 interpretationes
1437 1196 1463 1223 in
1477 1203 1560 1223 unum
1572 1195 1704 1231 colligere
1716 1203 1768 1223 non
1779 1202 1820 1230 po-

1042 1241 1125 1268 tuisse
1138 1240 1295 1276 Origenem,
1323 1241 1367 1276 qui
1384 1241 1466 1270 etiam
1481 1246 1538 1269 tum
1562 1241 1721 1277 Symmachi
1743 1242 1819 1268 inter-

1040 1287 1201 1321 pretatione,
1228 1291 1256 1314 et
1282 1287 1402 1315 editione
1429 1293 1506 1315 sexta
1532 1293 1649 1317 careret.
1666 1287 1819 1323 Respondeo

1041 1331 1221 1367 [Iezaplorum
1234 1332 1495 1368 coagmentationem
1522 1338 1613 1361 mente
1638 1333 1820 1368 praeformasse

1040 1378 1127 1412 ipsum
1135 1385 1195 1404 cum
1204 1382 1276 1405 esset
1287 1377 1524 1412 Alexamlriemcn
1536 1378 1592 1414 ipsa
1607 1385 1820 1414 coagmentasse,

1039 1431 1100 1451 cum
1116 1424 1232 1451 nondum
1247 1424 1414 1459 exemplaria
1435 1425 1548 1453 haberet
1571 1425 1605 1453 ad
1630 1434 1760 1458 rnauum,
1777 1426 1818 1453 sed

1036 1469 1091 1503 jam
1103 1469 1166 1496 imle
1184 1469 1248 1503 ipsis
1261 1469 1454 1504 investigandis
1470 1477 1580 1504 operam
1598 1470 1720 1498 dedisse.
1736 1470 1818 1506 Itaque

203 1524 357 1553 conﬂixisse
371 1525 443 1551 inter
451 1532 480 1551 se
488 1523 694 1558 etconjunxisse
709 1523 847 1559 probabile
863 1528 905 1551 est
919 1531 925 1549 :
939 1524 985 1551 sed

1040 1523 1090 1542 non
1105 1515 1168 1542 dicit
1181 1515 1355 1550 Epiphanius,
1364 1515 1527 1551 συνήγαγεν,
1544 1516 1600 1550 sed,
1614 1516 1819 1552 ὲφιλῡτιμήσατο

203 1579 263 1598 eum
283 1571 434 1598 institutum
450 1579 518 1605 opus
534 1578 582 1606 per
600 1571 736 1606 angustias
749 1570 924 1605 temporisihi
937 1570 984 1597 ab-

202 1618 305 1646 solvere
318 1626 369 1646 non
390 1623 490 1653 posset,
512 1625 665 1652 supremam
689 1617 739 1651 ipsi
758 1624 867 1644 manum
887 1616 912 1643 in
928 1617 985 1644 otio

201 1665 283 1702 Tyrio
296 1665 467 1700 imposuisse.
488 1663 545 1691 Non
563 1663 634 1698 quod
652 1664 685 1691 de
703 1663 735 1690 iis
746 1663 880 1698 cogitasse
892 1663 987 1697 Orige-

201 1720 263 1740 uem
279 1717 334 1739 tum
359 1712 476 1747 primum
489 1717 598 1747 putem;
622 1711 667 1739 sed
682 1711 850 1738 Alexandria?
868 1711 984 1738 fortasse

237 1770 385 1832 (8)5;piph.
400 1771 502 1798 lla-res.
519 1779 592 1804 Lxrv,
620 1777 681 1805 cap.
696 1769 713 1797 '5
729 1775 756 1798 et
776 1771 823 1798 lib.
850 1771 887 1798 De
910 1771 990 1806 pond.

237 1814 261 1832 0.
319 1825 326 1832 .

200 1813 261 1834 can.

235 1814 398 1875 ?§)11lii.actus
424 1841 479 1867 illic
493 1846 530 1868 est
543 1840 691 1874 Scriptura:
705 1848 790 1867 sacra
804 1840 967 1875 exemplaria
979 1861 987 1874 ,

200 1877 295 1912 quibus
306 1884 368 1912 ttat“
387 1876 474 1912 facta!
487 1876 669 1911 Symmachus,
681 1881 735 1912 etc.
747 1884 758 1912 ι
774 1875 922 1912 verisimile
934 1885 988 1912 non

203 1911 319 1942 videtur.
338 1911 424 1945 inquit
435 1911 634 1943 'l’illemontius.
652 1916 708 1946 not.
722 1911 739 1938 9
753 1911 779 1937 in
792 1911 913 1946 Origen.,
927 1911 989 1939 Ori-

201 1954 296 1982 genem
313 1946 469 1982 Symmachi
483 1946 636 1973 versionem
654 1945 689 1973 60
712 1951 776 1973 ante
794 1945 879 1974 annos
897 1947 988 1974 elabo-

202 1987 288 2010 ratam
317 1987 370 2009 lalll
393 1989 454 2008 SCI'O
477 1986 585 2008 nactum
598 1989 669 2013 esse,
686 1986 829 2016 potestque
845 1982 988 2009 commode

201 2017 336 2045 Eusebius
352 2017 466 2050 intelligi
483 2021 529 2043 aut
542 2017 574 2043 de
601 2017 658 2050 ipso
684 2017 837 2050 Symmachi
857 2022 987 2050 autogra-

201 2053 267 2087 pho,
286 2059 348 2079 nam
364 2059 397 2079 ex
410 2053 467 2086 ipso
486 2051 650 2087 Symmacho
669 2051 732 2078 illud
748 2050 854 2078 Juliana
872 2059 986 2086 accepe-

202 2092 256 2121 rat,
281 2092 328 2114 aut
354 2087 388 2114 de
413 2087 615 2121 Commentario
639 2087 756 2121 quodam
779 2087 934 2121 Symmachi
959 2087 986 2114 in

203 2117 385 2157 Sciipturam,
401 2130 453 2149 non
469 2117 502 2149 de
521 2121 579 2155 ejus
594 2117 727 2148 versione.
755 2117 863 2156 En'ipsa
877 2121 986 2149 Eusebii

201 2158 284 2193 verba
299 2157 385 2193 Ιίὺηνι
404 2157 493 2193 Hist”;
505 2164 566 2191 cap.
581 2157 613 2183 ‘l7
625 2166 631 2184 :
642 2157 897 2193 [fatrumpvﬁpaea
911 2157 986 2193 Συμ-

225 2165 284 2185 erua
299 2165 344 2184 IID.
360 2165 385 2184 vt
404 2165 485 2198 (tum,
505 2165 566 2191 cap.
581 2165 611 2183 ἰι
625 2165 694 2184 :nat
712 2165 897 2218 ompvqgata
911 2165 985 2193 Lup.-

225 2192 291 2228 dtxou
303 2192 386 2218 εἰσέτι
402 2201 449 2220 νυν
463 2191 583 2228 φέρεται,
599 2193 628 2219 ὲν
642 2190 686 2228 οἷς
697 2192 770 2219 δοκεῖ
781 2200 824 2228 νπρ
838 2201 854 2228 γς
868 2192 900 2228 τὸ
914 2193 985 2220 κατὰ

200 2201 291 2254 ὕαχου
303 2201 386 2218 εισετι
402 2201 449 2220 νυν
463 2201 583 2228 φερεται,
599 2201 628 2219 εν
642 2201 681 2224 ut;
697 2201 769 2219 οοκει
785 2201 854 2228 προς
870 2201 900 2219 το
914 2201 981 2220 κατα

230 2227 338 2254 ατοαῐον
355 2228 562 2263 ἀποτεινόμενος
574 2227 748 2262 Εὑαγγέλιον,
761 2227 810 2262 τὴν
834 2227 981 2263 δεδηλωμέ-

200 2271 249 2302 νην
264 2263 369 2302 ίιζρεσιν
383 2262 544 2302 κρατύνειν.
563 2263 654 2302 Ταῦτα
673 2263 702 2289 δὲ
716 2262 894 2302 ὁ-Ὢριχέχηξ
917 2262 986 2302 μετὰ

200 2271 249 2297 νην
264 2271 369 2323 urgeam
391 2271 544 2299 κρατυνειν.
568 2271 654 2289 lauta
673 2271 702 2289 οε
716 2271 747 2304 ο-
758 2271 890 2302 ιιριχενης
917 2271 985 2298 μετα

200 2298 249 2324 καὶ
262 2297 295 2334 ἄλ
312 2306 349 2324 ων
366 2299 470 2334 εἰςτὰς
490 2297 601 2334 Γραφὰς
616 2299 768 2334 ἑρμηνειῳν
775 2306 821 2334 sou
836 2298 985 2333 Συμμάχου

201 2332 328 2376 σημαίνει
338 2333 436 2376 (παρὰ.
447 2332 593 2376 ’ὲουλὶανῆς
616 2332 916 2376 τινοέωειξληφέχαιμκῇν
930 2332 985 2376 “ita!

201 2376 266 2409 φηει
280 2368 344 2402 παρ’
355 2368 437 2395 αὑτοῦ
455 2368 601 2409 Σνμμάχου
608 2369 665 2409 3a;
684 2368 984 2409 βίὸλουςριαδέξασθαι·
1009 2392 1012 2396 .

201 2404 353 2440 —-Exstant
367 2411 443 2440 certe
451 2404 598 2440 etiamnum
606 2403 798 2440 Commentarii
814 2403 982 2440 Symmachi,

201 2440 228 2466 in
256 2439 355 2474 quibus
386 2438 530 2474 Evangelio
556 2439 704 2466 secundum
723 2438 879 2466 Multi-tuum
903 2439 983 2467 nixus

201 2473 379 2501 memoratum
390 2473 599 2509 (Ebionitarum)
616 2475 738 2501 haeresim
752 2480 912 2509 propugnat.
928 2475 983 2503 Hos

200 2513 291 2536 autem
307 2508 437 2544 Origenes
449 2517 511 2536 cum
525 2509 586 2536 aliis
603 2510 759 2544 Symmachi
778 2508 807 2536 in
826 2509 982 2544 Scripturas

201 2543 484 2578 interpretationibus.
510 2543 631 2571 testatur
641 2551 670 2572 se
693 2552 708 2572 a
734 2543 840 2571 Juliana
863 2543 980 2579 quadam

201 2580 350 2613 accepisse,
368 2581 400 2606 ad
414 2587 494 2614 quam
511 2580 528 2606 ii
541 2579 601 2607 libri
615 2580 648 2607 ab
665 2579 724 2614 ipso
742 2579 906 2615 Symmacho
920 2588 981 2608 suc-

200 2615 331 2651 cessuonis
344 2615 405 2650 jure
431 2619 660 2649 pervenerant.~
675 2615 704 2642 Si
718 2616 861 2651 ἑρμηνεῖαι
877 2616 982 2649 possint

201 2649 245 2676 hic
269 2650 302 2676 de
316 2650 516 2677 Commentario
529 2650 652 2686 intelligi,
669 2649 741 2685 quod
755 2649 892 2678 neminem
917 2657 981 2685 puto

200 2689 372 2720 negaturum,
396 2690 425 2711 nt
443 2686 481 2712 sic
497 2686 548 2712 hoc
566 2685 624 2712 loco
639 2685 803 2720 intelligatur
820 2686 914 2713 suadet
929 2694 978 2713 vox

199 2719 297 2750 ἄλλων,
309 2721 378 2751 aliis.
390 2721 423 2746 ab
437 2720 552 2747 Eusebio
567 2721 698 2748 adhibita.
715 2719 807 2754 {Quae
819 2728 882 2747 cum
901 2721 938 2748 ita
951 2729 980 2749 se

200 2754 326 2785 habeant,
335 2756 400 2782 nihil
414 2761 486 2782 vetat
497 2755 641 2790 Origenem
656 2756 774 2790 ﬂexapla
782 2763 907 2790 exorsum
919 2763 979 2784 esse

200 2793 263 2825 ante
276 2790 446 2825 ammm‘235,
459 2798 511 2824 quo
527 2789 555 2816 iu
568 2791 735 2825 Cappadocia
755 2792 824 2825 apud
842 2789 977 2818 Julianam

199 2823 284 2860 latere
294 2823 408 2860 coepisse
422 2823 550 2853 creditur.
568 2823 688 2858 nemo
701 2833 749 2852 sua
768 2823 860 2860 aperte
874 2834 977 2853 memo-

145 2875 148 2876 ν
200 2864 241 2885 rut
259 2858 285 2885 in
303 2856 424 2887 Epistula
445 2860 478 2886 ad
501 2856 668 2893 Africanum,
695 2856 907 2893 quam'certum
936 2866 977 2888 est

1036 1561 1206 1595 συναγαγεῖν.

1072 1617 1127 1653 (10)
1139 1617 1261 1645 Perfecto
1285 1617 1463 1653 "empturum
1476 1626 1568 1654 opere,
1594 1624 1625 1647 ut
1641 1621 1816 1649 studiosorum

1034 1665 1185 1700 sumptibus
1208 1669 1236 1692 et
1259 1672 1347 1698 opera:
1361 1666 1512 1693 consuleret
1528 1665 1672 1701 Origenes,
1697 1667 1730 1694 ad
1754 1675 1819 1694 com-

1035 1711 1168 1747 pingenda
1203 1710 1325 1746 Tetraplu
1366 1711 1486 1739 animum
1518 1713 1667 1740 convertit.
1695 1713 1817 1741 Eusebius

1046 1771 1208 1798 Nicomedia:
1221 1771 1347 1806 scriptam
1363 1778 1432 1804 esse,
1451 1779 1566 1806 cumque
1581 1771 1624 1800 bis
1644 1772 1672 1799 in
1690 1771 1813 1799 Graeciam

1044 1807 1096 1833 iter
1112 1806 1270 1837 instituerit,
1296 1806 1427 1834 alterutro
1449 1807 1546 1834 itinere
1561 1806 1750 1834 Nicomediam
1772 1815 1813 1842 pe-

1044 1842 1122 1869 tiisse
1135 1847 1162 1868 et
1174 1841 1315 1876 epistolam
1327 1842 1434 1869 dedisse
1445 1842 1561 1869 videtur.
1580 1841 1816 1876 Tilleniontiospo-

1040 1878 1092 1904 tius
1100 1877 1186 1911 primo
1195 1877 1301 1908 itinere,
1313 1876 1337 1903 id
1347 1881 1464 1904 estanno
1473 1877 1538 1909 228,
1546 1884 1627 1911 quam
1637 1878 1815 1905 sucoudoduu-

1038 1913 1123 1938 decim
1133 1917 1296 1946 postannos,
1308 1911 1332 1947 id
1348 1912 1494 1947 contigisse
1511 1917 1597 1946 putat.
1610 1913 1662 1940 hoc
1677 1920 1731 1939 uno
1745 1913 1814 1939 nixus

1038 1952 1196 1981 argumento
1204 1947 1274 1981 quod
1286 1946 1622 1982 Africariustlrigenemﬂlii
1631 1948 1741 1975 nomine
1749 1955 1813 1974 curn-

1039 1983 1127 2015 pellet,
1147 1983 1219 2016 quod
1232 1982 1322 2017 aptius
1334 1982 1366 2008 ad
1380 1983 1508 2016 primum,
1520 1990 1602 2017 quam
1617 1984 1651 2008 ad
1673 1983 1811 2010 secundum

1038 2018 1090 2044 iter
1105 2016 1256 2043 referatur.
1276 2016 1329 2043 Sed
1345 2017 1403 2044 viro
1422 2016 1537 2044 summo,
1552 2017 1767 2045 Montefaleouio
1789 2017 1811 2043 id

1039 2060 1091 2079 non
1112 2052 1178 2079 tanti
1195 2060 1256 2079 esse
1272 2052 1400 2079 momenti
1424 2053 1541 2079 videtur.
1560 2061 1570 2078 ι
1587 2052 1656 2079 Nam
1674 2051 1811 2080 verisimile

1037 2091 1087 2119 est,
1104 2087 1190 2121 inquit
1207 2095 1266 2122 pag.
1292 2087 1325 2113 l3
1356 2087 1533 2114 l’rteliminar.
1559 2088 1585 2114 in
1605 2087 1737 2121 Hexapl.,
1759 2088 1809 2114 ideo

1038 2122 1121 2149 filium
1139 2129 1320 2156 nuncupasse,
1340 2123 1401 2155 quia
1421 2123 1498 2157 longe
1523 2122 1612 2150 minor
1634 2127 1716 2150 actate
1737 2127 1808 2150 erat:

1036 2165 1097 2193 quae
1113 2158 1182 2184 ratio
1199 2162 1252 2184 tam
1271 2158 1296 2193 iu
1312 2158 1408 2192 primo,
1424 2165 1506 2192 quam
1520 2158 1547 2185 in
1561 2158 1683 2185 secundo
1697 2157 1808 2193 Origenis

1039 2193 1136 2220 itinere
1152 2200 1200 2226 par
1218 2192 1288 2219 haud
1308 2193 1388 2219 dubie
1412 2197 1481 2220 erat.
1503 2193 1559 2220 Nec
1581 2193 1681 2220 desunt
1698 2192 1807 2226 exempl:

1003 2219 1023 2246 ί)
1037 2219 1136 2263 quibus
1152 2219 1179 2254 id
1193 2227 1378 2263 confirmetur.
1397 2219 1627 2255 Eusebiusreuimi
1639 2219 1807 2256 vercellen'sis

1038 2263 1194 2298 liioitysium
1219 2262 1447 2290 Mediolanensem
1464 2264 1631 2297 episcopum,
1659 2268 1740 2290 :etate
1759 2263 1805 2297 jam

1037 2304 1171 2325 maturum
1202 2298 1387 2333 dignitateque
1412 2299 1598 2332 conspicuum,
1621 2307 1650 2325 st-
1668 2305 1755 2325 tamen
1770 2298 1806 2331 ju-

1037 2335 1151 2366 niorem,
1169 2333 1253 2361 filium
1269 2333 1432 2368 compellare
1447 2333 1494 2360 sol-
1505 2333 1561 2361 bat.
1576 2343 1585 2360 ι
1600 2333 1668 2361 Cum
1683 2341 1747 2367 ergo
1760 2340 1806 2359 eer-

1037 2373 1091 2395 tqu
1109 2377 1160 2396 non
1176 2369 1210 2396 sit
1223 2369 1309 2403 primo
1326 2368 1435 2403 Itinere.
1458 2369 1509 2396 hoc
1531 2373 1572 2396 est
1585 2377 1656 2396 anno
1672 2368 1736 2400 228,
1749 2368 1803 2401 Epi-

1034 2405 1125 2430 stulam
1142 2405 1175 2430 ad
1190 2402 1342 2439 Africanum
1351 2402 1512 2430 Nicomediae
1522 2405 1651 2438 scriptam
1664 2412 1733 2436 esse,
1744 2404 1802 2430 nulla

1035 2440 1103 2466 ratio
1116 2445 1157 2466 est
1168 2437 1217 2466 cur
1231 2439 1293 2466 inde
1308 2437 1427 2471 Hexapla
1451 2444 1514 2466 ante
1528 2437 1599 2466 hunc
1617 2447 1718 2466 anuutn
1733 2439 1802 2464 ador-

1034 2479 1097 2501 nata
1111 2474 1310 2502 existimentur.
1325 2474 1350 2500 Id
1363 2481 1444 2509 tuuun
1466 2474 1611 2501 verisimile
1623 2479 1700 2509 putat
1714 2473 1801 2500 Monte-

1034 2509 1178 2542 falconius,
1206 2518 1216 2535 ι
1247 2509 1392 2544 Origenem
1423 2508 1547 2541 Hexaplir
1571 2509 1685 2536 edendis
1705 2514 1799 2535 manum

1033 2545 1186 2572 admovisse
1208 2550 1350 2579 postquam
1364 2549 1466 2571 sextam
1482 2545 1629 2571 editionem
1650 2548 1798 2579 repererat:

1034 2581 1132 2613 reperit
1146 2578 1246 2614 autem,
1260 2580 1410 2614 Epiphanio
1429 2583 1505 2610 teste,
1519 2587 1589 2606 anno
1603 2579 1746 2606 Alexandri
1758 2578 1798 2604 Se-

1032 2617 1087 2642 veri
1110 2616 1236 2650 septimo,
1252 2613 1335 2641 idest
1354 2615 1453 2641 Christi
1465 2614 1529 2642 2‘18.
1548 2615 1581 2642 Et
1595 2615 1658 2649 quia
1670 2613 1796 2650 abhincad

1031 2657 1130 2676 annum
1142 2648 1190 2676 iiii
1199 2670 1206 2681 ,
1218 2650 1426 2684 quotlaesaream
1439 2657 1468 2677 se
1477 2651 1586 2685 recepit.
1600 2648 1652 2676 non
1670 2654 1710 2675 Sal
1723 2648 1764 2675 otii
1774 2653 1795 2673 et

1031 2686 1164 2712 conunoui
1184 2686 1309 2712 habuisse
1321 2685 1438 2716 videtur,
1452 2689 1481 2711 ιιι
1494 2690 1548 2712 tam
1565 2687 1676 2712 arduam
1694 2691 1745 2710 rem
1758 2690 1794 2708 su-

1031 2721 1158 2754 sciperet.
1181 2726 1331 2755 opportune
1345 2721 1371 2746 in
1386 2728 1486 2747 anitum
1507 2721 1572 2752 23L
1597 2727 1658 2746 cum

1030 2761 1131 2789 ageret,
1149 2755 1329 2789 Hexaplorum
1341 2763 1408 2790 opus
1420 2755 1575 2783 remittitur.
1598 2765 1608 2781 ι

1065 2792 1122 2824 ([0)
1144 2789 1264 2824 Perfecto
1284 2789 1465 2825 Hexaplorum
1487 2799 1576 2825 apere,
1589 2795 1616 2817 ut
1630 2790 1790 2817 studiorum.

1028 2826 1173 2861 aliiirptiuns
1190 2832 1212 2851 et
1229 2834 1313 2858 operae
1329 2825 1474 2853 coruuleret
1493 2826 1628 2861 Origenes.
1641 2827 1674 2852 ad
1688 2826 1788 2858 compin-

1029 2864 1112 2893 geudu
1136 2860 1259 2894 Ten-apta
1283 2861 1400 2888 animum
1421 2861 1558 2889 conuertit.
1581 2860 1678 2890 Huetio
1702 2863 1787 2892 praztt'll
