1908 3071
213 149 278 176 1267

836 149 866 177 Ρ.
887 148 1043 175 DANIELIS
1063 148 1177 176 HUETII

1740 147 1800 176 1263

209 215 293 236 tarios
323 209 350 235 in
383 207 519 238 Geimi’m.
550 212 691 242 antequam
720 207 803 234 libros
834 207 902 241 Περὶ
932 208 982 241 dp-
997 209 1020 237 A
1036 207 1108 234 ribus
1123 207 1266 242 explanare
1284 207 1451 235 tentavimus.
1478 217 1486 232 ι
1504 206 1544 233 An
1561 212 1624 233 vero
1639 206 1801 234 Commenta-

206 255 269 290 χῶν
291 259 473 288 componeret,
497 258 523 280 et
540 261 572 281 ex
596 253 710 281 Eusebio
727 253 892 288 gintelligitur
917 252 985 288 (tl),

207 307 233 328 et
249 301 330 327 multo
346 301 430 335 magis
458 307 491 327 ex
517 299 633 334 Origene
662 300 729 334 ipso,
744 300 788 334 qui
803 299 892 328 libroi
916 300 986 334 Περὶ

209 346 312 381 ἀρχῶν
325 353 385 380 cap.
400 347 427 378 5,
441 353 513 374 num.
539 346 566 378 5,
577 351 604 373 et
617 346 663 373 lib.
686 354 715 378 ii,
733 354 792 380 cap.
811 347 837 377 5,
864 354 936 374 num.
959 346 985 379 6,

208 393 274 419 istos
288 393 352 420 citat
366 391 590 419 Commentarios.
606 391 677 418 Idem
698 397 787 418 tamen
805 392 874 419 libro
887 400 905 422 i,
926 399 985 426 cap.

206 438 233 471 2,
253 446 325 465 num.
351 437 377 469 6,
401 438 457 464 haec
482 437 563 464 habet
582 445 589 462 τ
620 446 629 462 ι
645 436 712 463 Puto
733 444 796 471 ergo
813 443 890 470 posse
905 436 986 471 priori

206 484 312 518 quidem
325 483 447 518 exemplo
466 482 554 517 aptari
569 490 630 509 eum
646 483 691 516 qui
708 482 739 508 ad
753 482 893 516 imaginem
913 486 939 509 et
951 482 988 508 εἰ·-

207 529 384 556 uiililudinem
410 530 455 558 Dei
471 530 559 558 factus
580 536 632 564 est,
650 531 795 564 hominem,
810 531 842 558 de
860 538 913 566 quo
928 530 988 557 dili-

206 575 323 610 gentius,
340 575 446 602 favente
469 576 536 609 Deo,
549 584 610 604 cum
632 576 717 604 locum
734 577 819 610 ipsum
843 577 868 603 in
890 576 985 603 Genesi

205 628 342 656 exponere
368 622 540 656 cmperimus,
557 622 719 649 videbimus.
737 631 747 648 ›
764 622 832 654 Quid
847 622 928 656 ergo?
953 629 985 647 an

209 665 267 692 haec
290 673 304 692 a
320 665 448 698 librariis,
464 674 497 693 an
513 667 546 693 ab
567 667 715 701 interprete
733 668 825 694 vitiata
848 666 987 693 dicemus?

206 719 240 738 an
256 711 308 738 alia
333 713 454 746 quaedam
474 713 499 739 in
523 713 650 740 Genesim
669 713 824 740 meditatum
841 713 923 740 fuisse
938 713 987 740 tin-

207 765 300 791 genius
323 758 478 793 Origenem,
505 766 565 786 cum
601 760 658 786 haec
682 760 834 787 scriberet?
857 759 985 794 Equidem

207 804 305 831 haereo.
323 803 361 830 Ex
375 803 442 830 libro
456 811 562 838 quoque
578 804 617 831 De
637 806 756 833 oratione
771 814 845 832 num.
865 806 909 837 25,
925 814 984 840 pag.

206 848 269 880 255,
301 849 487 883 cognoscimus
512 850 642 884 scriptum
670 851 741 878 hunc
762 858 821 878 esse
837 851 917 879 editis
931 852 986 886 jam

206 893 413 921 Commentariis
428 895 456 920 in
465 894 594 922 Genesim.
604 896 804 929 Expositionnm
818 897 844 924 in
856 897 989 931 Exortum,

207 939 236 964 iii
249 938 403 971 Leviticum,
415 944 441 966 et
454 940 481 966 in
497 939 628 967 Numeros
642 942 714 968 nulla
729 943 754 969 in
769 948 846 970 sexto
862 943 991 970 Eusebia-

209 989 250 1010 με
264 982 389 1010 Historiis
405 985 532 1010 memoria
553 994 559 1011 :
577 993 624 1012 eas
635 993 696 1013 esse
715 987 877 1015 vetustiores
899 987 990 1014 decem

207 1028 389 1055 voluminibus
398 1029 664 1057 Commentariorum
679 1032 706 1057 in
720 1031 857 1058 Canticum
878 1034 991 1059 cantico—

208 1083 267 1101 rum
282 1074 339 1101 luec
358 1074 481 1108 Origeuis
493 1075 748 1109 patefaciuntverba
767 1085 798 1104 ex
815 1077 859 1104 lib.
881 1086 890 1104 i
912 1077 992 1105 Cont-

207 1125 304 1147 ment..
317 1119 537 1154 i'nCunti‘c.,pag.
549 1120 583 1147 58
595 1130 601 1148 :
614 1131 623 1146 ε
641 1121 678 1148 De
692 1129 746 1156 quo
762 1123 865 1156 plenius
881 1123 907 1150 in
923 1124 992 1151 libro

208 1165 339 1197 Levitico,
355 1172 434 1200 prout
451 1168 578 1195 Dominus
591 1167 656 1194 dare
666 1168 793 1201 dignatus
804 1174 855 1202 est,
865 1169 991 1203 exposui-

209 1219 285 1244 mus;
318 1221 328 1238 ›
347 1217 374 1239 el.
388 1212 437 1239 ista
449 1220 464 1239 e
483 1211 606 1247 Prologo,
621 1221 682 1247 pag.
698 1213 749 1240 '55:
767 1223 776 1238 ι
794 1213 846 1240 Sed
860 1215 992 1248 quomodo

207 1256 332 1284 diﬁ‘eraiit
346 1266 360 1284 a
378 1258 480 1285 sanctis
497 1258 596 1285 Sancta
608 1264 762 1286 sanctorum
774 1260 800 1286 in
818 1259 921 1292 Exodo,
933 1260 990 1295 (12)

208 1308 235 1329 et
249 1303 382 1336 quomodo
401 1302 523 1330 dill‘erant
535 1311 616 1338 opera
637 1305 670 1332 ab
686 1305 812 1339 operibus
832 1312 941 1340 operum
965 1307 990 1333 in

209 1347 388 1375 Numerorum
417 1348 503 1380 libro,
529 1350 697 1381 tractatibus,
727 1354 807 1384 prout
845 1352 990 1385 potuimus,

210 1395 310 1421 dictum
334 1399 403 1422 esta
428 1395 515 1422 nobis.
532 1405 541 1420 ι
562 1395 622 1428 Quo
640 1399 761 1430 tempore
783 1401 872 1422 autem
899 1396 992 1423 Canti-

208 1447 270 1467 cum
282 1440 468 1474 explaiiaverit
482 1448 543 1468 mox
562 1441 717 1468 viderimus.
730 1441 785 1476 (15)
804 1441 992 1476 Expositioncs

209 1487 237 1511 in
264 1485 406 1512 Leviticum
431 1487 522 1513 laudat
557 1487 653 1513 iterum
692 1486 822 1521 Origenes
846 1487 934 1514 lib.ix
965 1489 991 1514 in

212 1531 299 1566 Epist.
311 1533 345 1558 ad
357 1531 433 1559 Rom.
447 1540 507 1559 cum
517 1532 555 1559 ait
570 1540 644 1558 num.
661 1532 673 1558 1
688 1540 695 1558 :
712 1542 721 1556 ι
742 1532 778 1558 De
792 1532 888 1566 quibus
901 1533 993 1568 singu-i

211 1577 244 1604 lis
259 1585 318 1604 cum
334 1578 360 1604 in
375 1577 471 1604 librum
484 1577 594 1604 Levitici
610 1577 698 1611 aliqua
713 1577 873 1610 diceremus,
889 1585 937 1612 pro
954 1579 993 1606 vi-

247 1646 269 1663 "
292 1645 387 1674 Baron.
413 1654 477 1674 ann.
496 1646 558 1679 208,
585 1653 643 1681 cap.
662 1646 689 1672 5.

212 1717 306 1775 postea
327 1721 387 1740 cum
414 1712 534 1748 Tetrapla
547 1713 649 1744 ederet,
670 1713 749 1739 missa
768 1712 811 1739 illa
824 1720 902 1747 quam
919 1718 992 1742 tanto

223 1749 304 1775 abore
317 1748 515 1775 emaculaverat
531 1748 674 1775 Hexaulari
696 1748 824 1775 editione.
851 1748 928 1774 aliam
948 1749 990 1775 in-

223 1749 304 1775 abore
317 1748 515 1775 emaculaverat
531 1748 674 1782 Hexaplari
696 1748 824 1779 editione.
851 1748 928 1774 aliam
948 1749 990 1776 iii-

213 1784 382 1810 eiiiendatam
390 1787 417 1809 et
427 1784 523 1810 erratis
534 1783 638 1817 plenam
656 1782 792 1817 posuisse?
808 1782 834 1809 ld
848 1788 920 1809 certe
930 1792 990 1810 cuin

214 1822 286 1845 recta
307 1818 410 1844 ratione
424 1823 563 1852 pugnaret.
580 1817 641 1844 Hinc
660 1822 749 1844 auteiii
764 1817 883 1851 pluribus
902 1826 993 1852 prose—

213 1853 266 1879 cuti
283 1859 385 1883 smnus,
403 1852 464 1886 quia
482 1852 612 1879 Henricus
638 1852 756 1879 Valesius
777 1853 861 1880 locum
884 1852 990 1880 Eusebii

232 1894 354 1920 erperam
375 1887 574 1921 interpretatus,
588 1887 673 1914 doctis
688 1888 790 1921 aliquot
818 1888 881 1914 viris
902 1887 991 1915 l'ucum

224 1926 323 1948 'ecei‘at.
342 1930 350 1946 ι

249 1956 307 1989 (11)
331 1955 469 1989 Scripsisse
488 1956 623 1991 Origenem
636 1956 848 1984 Commentarios
867 1957 893 1983 in
905 1957 992 1984 Gene-

213 1992 275 2025 sini,
291 1995 429 2024 antequam
451 1991 529 2018 libros
551 1991 620 2024 Περὶ
632 1991 730 2024 ἀρχῶν
743 1998 915 2025 componeret,
928 1998 950 2018 et
962 2001 993 2019 ex

214 2027 328 2053 Eusebia
356 2026 521 2060 intelligitur,
550 2031 574 2052 et
601 2031 681 2052 multo
715 2027 797 2059 magis
827 2035 858 2053 ea:
883 2026 993 2060 Origene

214 2062 280 2093 ipso,
295 2066 346 2088 etc.
361 2060 388 2086 id
407 2061 513 2094 quidem
525 2068 557 2087 ex
572 2061 685 2088 Eusebio
698 2062 808 2088 minime
825 2061 991 2096 intelligitur.

217 2096 356 2130 llocieuim
371 2096 499 2121 duntaxat
510 2096 547 2121 ait
562 2095 702 2126 Eusebius,
716 2101 776 2122 ουιο
794 2096 896 2130 priores
907 2095 993 2123 tomos

215 2132 242 2156 in
269 2129 387 2156 Cenesim
407 2130 574 2156 Alexandriae
593 2131 673 2157 luisse
690 2129 851 2161 elaboratas,
867 2132 993 2164 quemad-

215 2165 322 2191 iuudiiiii
350 2165 378 2191 in
408 2165 476 2191 libro
502 2172 573 2191 nouo
593 2165 649 2199 ipse
672 2165 839 2199 siguilicabal
855 2166 992 2198 Origenes.

215 2199 298 2234 Porro
325 2206 384 2225 cum
414 2199 582 2226 Alexandria:
609 2200 698 2226 itidem
726 2200 807 2227 libros
842 2200 913 2233 Περὶ
941 2201 992 2234 ἀρ-

215 2233 277 2268 χῶν
288 2235 443 2269 composuit
456 2235 635 2261 Adamantius
650 2241 748 2266 noster,
770 2241 913 2269 utrumque
925 2233 993 2269 opus

215 2267 295 2294 simul
318 2269 403 2304 potuit
429 2269 580 2295 liicubrare.
595 2269 696 2296 Deinde
708 2278 740 2296 ex
755 2267 877 2304 Origene
893 2267 950 2304 ipso
968 2271 993 2297 id

216 2311 297 2329 unum
312 2303 369 2329 erui
390 2307 476 2336 potest
494 2309 548 2330 tres
561 2305 600 2330 vel
617 2311 732 2337 quatuor
745 2303 875 2331 duntaxat
891 2303 916 2331 in
945 2305 994 2332 Ge-

219 2338 302 2374 ne_sim_
313 2338 565 2374 coiil'ecisseitomos
585 2345 726 2373 ann-quani
748 2340 828 2366 libros
851 2339 919 2374 Περὶ
945 2341 995 2374 ἀρ-

235 2372 278 2401 ῶν
297 2372 443 2408 inchoaret.
456 2373 530 2408 iNullI
557 2374 613 2399 loca
636 2372 770 2401 Gciieseos
790 2382 849 2408 qua:
880 2372 945 2401 citat
962 2372 993 2402 ἰιι

235 2381 278 2401 ωιν
297 2381 443 2399 lll('llOill‘l‘.t.
466 2381 530 2399 nam
557 2381 613 2399 ioca
636 2381 770 2401 ueneseos
790 2382 849 2408 quae
880 2381 945 2401 citat
969 2384 993 2402 in

214 2381 291 2436 ﬁbris
307 2407 375 2441 Περὶ
390 2407 488 2444 ᾀρχῶν
503 2414 626 2444 umquam
638 2409 692 2442 jam
707 2418 720 2434 a
737 2417 765 2435 se
774 2410 846 2442 prius
861 2411 993 2444 exposita,

216 2443 273 2469 liwc
287 2448 370 2477 sunt:
389 2442 422 2468 lii
443 2443 568 2476 principio
587 2443 656 2469 Deus
668 2444 725 2477 [erit
740 2444 829 2470 uelum
843 2450 865 2470 et
882 2442 994 2476 terram;

214 2482 243 2504 et
255 2478 304 2504 ista
319 2486 325 2503 :
343 2476 460 2510 Spiritus
478 2478 523 2503 Dei
536 2478 667 2511 ferebatur
678 2487 756 2511 super
766 2479 959 2513 aquastﬂenes.
972 2487 992 2510 I,

216 2514 243 2543 1,
259 2513 297 2547 2),
315 2520 374 2546 quin
390 2518 462 2540 cette
476 2515 507 2538 :id
523 2513 637 2546 priorem
657 2517 756 2539 Ionium
774 2514 867 2540 referri
887 2515 993 2548 debent,

216 2547 348 2581 siquidem
362 2548 455 2573 tertius
463 2549 496 2573 de
508 2555 589 2580 opere
604 2553 706 2581 quarta:
725 2547 776 2574 diei
790 2549 893 2582 agebat,
910 2554 938 2575 ut
955 2550 994 2575 in-

215 2582 285 2608 victe
295 2582 410 2615 probant
421 2582 540 2615 ejusdem
559 2588 622 2608 tomi
635 2582 783 2616 iragnienla
793 2591 807 2609 a
822 2584 898 2610 nobis
911 2584 993 2610 edita.

216 2617 251 2643 At
273 2624 336 2643 vero
355 2617 387 2643 de
402 2625 483 2651 opere
498 2622 580 2644 sexta:
599 2618 661 2648 diei,
678 2618 747 2650 quod
765 2618 796 2644 ad
816 2620 938 2652 quintum
955 2619 993 2645 vel

217 2656 321 2677 sextum
338 2657 438 2688 tomum
456 2651 564 2688 referri
587 2652 675 2683 debet,
692 2651 886 2688 iiondumi’eum
907 2655 995 2688 cgisse

217 2691 365 2721 constath
382 2686 440 2714 loco
455 2687 501 2713 lib.
521 2695 530 2712 ξ
547 2687 584 2712 De
599 2688 725 2721 princip.,
741 2694 801 2721 cap.
809 2687 835 2719 2,
851 2686 936 2721 queui
951 2689 994 2715 hic

217 2719 326 2747 adducit
337 2720 459 2757 Huetius,
476 2719 608 2755 quemque
622 2719 749 2748 inusitatis
765 2719 898 2750 iiiiiiienito
911 2724 995 2757 suspi-

220 2759 297 2792 catur
316 2762 331 2792 a_
349 2756 466 2792 libi-ariis
481 2757 520 2792 vel
533 2757 566 2782 ab
585 2757 730 2792 interprete
745 2757 877 2790 vitiatum,
894 2759 937 2784 vei
949 2756 994 2785 tie-

219 2790 298 2826 {iique
311 2790 461 2826 signiﬁcare
473 2791 523 2826 alia
536 2792 655 2824 quoniam
667 2792 692 2818 in
701 2791 824 2818 Gciiesiin
837 2792 993 2819 meditatum

219 2823 301 2857 fuisse
320 2823 690 2857 Origeneni.Commentarios
701 2834 764 2853 suos
780 2827 806 2852 iii
823 2826 941 2853 Genetii"
953 2828 993 2854 ci-

220 2861 258 2884 tat
278 2855 405 2892 Origenes
421 2859 510 2886 Tract.
529 2859 562 2887 55
577 2861 603 2887 in
621 2859 714 2887 Manli.
742 2869 801 2897 pag.
818 2861 878 2894 921,
895 2867 921 2889 et
947 2862 991 2890 lib.

1038 254 1068 280 rii
1097 254 1125 281 in
1145 253 1276 285 Exortum,
1301 255 1327 280 in
1352 253 1493 280 Leuiticum
1520 258 1547 280 et
1570 254 1596 280 in
1618 253 1745 280 Numeros
1766 254 1802 282 liis

1039 300 1187 334 signentur,
1205 308 1238 327 an
1251 300 1382 332 Honiilim,
1398 307 1448 327 non
1466 301 1532 327 satis
1545 304 1664 334 apparet.
1686 299 1722 326 De
1732 307 1802 326 enar-

1037 346 1187 373 rationibiis
1208 346 1403 373 Denteroiiomii
1428 345 1508 372 altum
1524 345 1592 378 apud
1612 344 1752 371 Eusebium
1771 346 1804 372 si-

1040 391 1162 419 lentium.
1175 391 1349 418 Recentiores
1363 391 1420 418 illas
1435 398 1495 417 esse
1510 391 1613 423 reperio
1621 389 1805 423 posterioribus

1037 437 1116 464 tomis
1131 437 1159 463 in
1175 436 1304 464 Joannem
1321 444 1329 463 :
1350 436 1389 463 sic
1405 436 1476 462 enim
1488 435 1581 463 scribit
1599 435 1727 470 Origenes
1742 440 1805 464 tonio

1037 491 1112 510 xuii
1127 484 1153 509 in
1167 483 1258 515 Joan.,
1282 490 1356 509 num.
1372 483 1416 516 H,
1435 489 1516 516 super
1535 482 1731 509 Deuteronomii
1752 489 1804 516 cap.

1037 537 1068 559 ii.
1084 536 1153 555 vers.
1172 528 1206 555 50
1219 536 1225 554 ε
1246 527 1323 554 Ἀλλὰ
1335 527 1368 554 τὰ
1392 528 1455 563 περὶ
1470 527 1518 562 μὲν
1536 528 1641 559 τούτου,
1655 527 1806 563 οἰκειότερον

1039 575 1067 600 ὲν
1081 575 1136 606 τοῖς
1149 575 1188 604 εἰς
1199 573 1229 600 τὸ
1241 574 1445 609 Δευτερονόμιον
1463 573 1615 609 ἐξετασθείη
1628 574 1670 600 ἄν.
1686 573 1808 601 Posterio-

1041 620 1115 646 ribiis
1130 624 1218 646 autem
1242 620 1269 645 in
1284 619 1415 645 Joannem
1440 620 1519 646 tomis
1538 627 1615 646 suum
1628 620 1696 646 ’mox
1714 624 1807 653 tempus

1038 665 1225 699 praetiniemus.
1237 665 1270 692 At
1281 665 1442 692 vetustiores
1452 665 1560 692 fuerunt
1568 665 1754 692 enarrationes
1762 665 1806 692 illa;

1037 711 1236 738 Deiiteronomii
1254 710 1375 737 Homiliis
1389 711 1415 737 in
1436 709 1531 737 Lucam
1545 719 1555 737 :
1572 711 1606 737 de
1621 711 1654 737 iis
1664 711 1760 745 quippe
1775 711 1808 738 sic

1037 757 1165 792 Origenes
1172 756 1265 783 homil.
1279 755 1295 783 8
1311 757 1337 782 in
1354 755 1418 782 Luc.
1431 765 1438 782 :
1458 765 1467 781 ι
1483 756 1587 782 Memini
1600 757 1735 790 quondam
1748 757 1808 782 Dcu-

1038 804 1212 830 terononiiuin
1228 803 1411 833 disserentem,
1422 802 1520 828 dixisse
1535 809 1586 832 me,
1598 812 1607 827 l
1617 807 1683 831 etc..
1697 801 1750 837 (14)
1759 810 1810 836 qua:

1039 857 1091 875 non
1116 848 1186 875 aliud
1211 848 1384 882 expositionis
1407 855 1500 883 genus,
1524 855 1602 881 quam
1635 848 1808 876 homileticum

1042 894 1168 920 videntur
1183 894 1313 920 indicare.

1075 940 1252 968 Observatum
1268 945 1309 967 est
1322 939 1436 967 Eusebio
1447 939 1661 968 Commentarios
1685 941 1710 967 in
1727 940 1809 976 viginti

1041 988 1159 1022 quinque
1172 987 1276 1022 priores
1295 987 1412 1020 psalmos
1425 986 1593 1014 Alexandria:
1600 986 1742 1021 degentem
1750 987 1811 1012 Ada-

1041 1032 1170 1060 mantium
1182 1032 1308 1059 edidisse.
1320 1032 1377 1066 lpse
1392 1039 1455 1059 vero
1472 1031 1602 1066 Origenes
1622 1037 1696 1059 tonio
1717 1041 1724 1059 l
1739 1031 1811 1059 Com-

1042 1083 1155 1105 mentar.
1170 1079 1196 1104 in
1215 1077 1300 1110 Epist.
1315 1079 1348 1104 ad
1371 1077 1446 1105 Rom.
1470 1085 1545 1104 num.
1563 1078 1590 1110 3,
1606 1083 1664 1105 not.
1682 1087 1742 1113 pag.
1756 1079 1810 1110 461,

1042 1125 1160 1151 futurum
1185 1124 1343 1158 pollicetur,
1372 1128 1401 1150 ut
1432 1124 1564 1157 psalmum
1595 1131 1649 1151 tvn
1680 1124 1812 1158 aliquando

1041 1173 1166 1196 enarret:
1178 1173 1205 1196 et
1213 1169 1281 1195 libro
1295 1173 1382 1194 tamen
1393 1173 1489 1202 quarto
1498 1168 1523 1194 in
1536 1169 1659 1195 eamdem
1675 1169 1811 1203 Epistolain

1042 1223 1116 1242 num.
1132 1215 1159 1247 2,
1168 1222 1228 1250 pag.
1245 1214 1308 1247 523,
1318 1215 1434 1249 psalmos
1448 1223 1507 1242 sese
1521 1215 1727 1248 interpretatum
1741 1215 1813 1242 fuisse

1043 1261 1160 1287 declarat
1178 1270 1184 1287 :
1200 1261 1245 1287 sed
1259 1261 1301 1288 liic
1319 1260 1432 1288 fortasse
1447 1265 1535 1288 tomos
1549 1261 1693 1294 intelligit;
1707 1261 1759 1288 illic
1770 1261 1812 1287 ho-

1044 1307 1131 1334 milias
1147 1306 1188 1333 vel
1208 1307 1320 1334 scholia.
1335 1307 1370 1332 At
1388 1306 1494 1334 humilia
1510 1307 1541 1334 l5
1554 1308 1580 1334 in
1593 1307 1689 1339 Josue,
1703 1315 1774 1334 num.
1789 1307 1812 1339 6,

1043 1352 1191 1386 cxplicasse
1216 1360 1245 1379 se
1272 1351 1405 1385 signiﬁcat
1429 1353 1561 1387 psalmum
1577 1352 1769 1384 centesimum;
1791 1358 1814 1379 et

1044 1398 1152 1425 liomilia
1163 1398 1194 1425 15
1206 1399 1232 1425 in
1253 1397 1372 1430 chitie.,
1388 1407 1460 1426 num.
1472 1399 1499 1432 2,
1515 1399 1637 1426 meminit
1648 1399 1814 1433 expositionis

1043 1452 1096 1472 suae
1105 1446 1131 1472 in
1141 1445 1269 1480 psalmum
1277 1453 1368 1472 cxviii.
1379 1445 1554 1480 Hieronymus
1564 1446 1589 1472 in
1600 1446 1814 1472 ProtemioConi-

1043 1490 1236 1517 mentariorum
1245 1498 1352 1518 suorum
1364 1491 1390 1517 in
1399 1491 1508 1518 Abdi'am
1517 1491 1611 1518 scribit
1618 1490 1813 1526 Expositioiieui

1006 1547 1026 1574 α
1042 1536 1166 1571 Origenis
1180 1537 1208 1563 in
1223 1535 1371 1568 Canticum,
1397 1536 1480 1563 fetum
1495 1543 1554 1564 esse
1575 1536 1706 1571 juvenilis
1726 1537 1813 1563 aetatis.

1046 1580 1237 1617 Hieronymum
1263 1587 1371 1610 secutus
1394 1581 1525 1610 Baronius
1538 1582 1561 1598 ⁷⁷
1578 1582 1682 1609 factum
1698 1581 1725 1609 id
1750 1587 1816 1616 putat

1005 876 1025 903 Β

1048 1724 1073 1742 iv
1090 1723 1121 1743 ac
1135 1723 1161 1742 vr
1181 1720 1271 1741 contra
1306 1713 1386 1745 σξιο..
1404 1721 1478 1740 num.
1492 1713 1537 1744 57,
1553 1720 1612 1747 pag.
1630 1713 1695 1744 550,
1710 1717 1736 1739 et
1750 1720 1814 1740 nimi.

1043 1751 1089 1781 49,
1103 1759 1128 1783 p.
1144 1749 1204 1777 670.
1220 1750 1321 1776 Laudat
1333 1754 1360 1776 et
1377 1749 1512 1776 homiliain
1528 1749 1560 1775 15
1579 1750 1605 1774 in
1623 1747 1756 1779 Genesim,
1774 1749 1816 1774 ho-

1045 1786 1117 1812 iiiilia
1134 1786 1166 1812 12
1184 1786 1212 1811 in
1230 1783 1368 1813 Numeros.
1385 1792 1457 1810 num.
1473 1784 1498 1816 1,
1511 1791 1536 1816 p.
1548 1783 1609 1810 5l2.

1081 1820 1135 1855 (12)
1147 1819 1178 1846 Et
1188 1820 1314 1855 quomodo
1322 1819 1533 1855 dilferantopera
1542 1819 1573 1844 ab
1587 1818 1710 1855 operibus
1720 1826 1816 1855 operum

1044 1857 1071 1881 in
1085 1853 1263 1882 Numerorum
1279 1854 1354 1885 libro,
1368 1859 1421 1880 etc.
1442 1853 1468 1879 id
1485 1861 1568 1887 genus
1581 1853 1764 1880 distinctionis
1779 1860 1817 1879 cx-

1043 1894 1096 1917 stat
1112 1890 1218 1916 liomilia
1233 1889 1325 1923 quinta
1342 1890 1368 1915 in
1386 1887 1516 1914 Numeros
1533 1895 1542 1913 .'
1567 1888 1612 1914 sed
1630 1888 1692 1920 quis
1706 1895 1816 1914 asserere

1043 1930 1123 1960 queat
1140 1925 1225 1960 utrius
1235 1925 1322 1957 operis
1341 1924 1450 1960 pars‘sit
1465 1924 1520 1949 haec
1533 1923 1682 1958 περικοπή,
1701 1923 1816 1960 Ιιοιιιῇιιλτ

1046 1957 1103 1986 ιῖιιιιι
1128 1968 1160 1986 an
1186 1959 1369 1985 si-hiilioriiin?
1392 1957 1538 1991 Utrumque
1565 1959 1635 1984 eiiiin
1657 1957 1729 1991 Opus
1748 1957 1816 1983 simul

1044 1994 1197 2028 permiscuit
1215 1993 1336 2020 Ruﬁnus.
1356 1993 1382 2020 Si
1401 1993 1579 2024 lioniiliaruin,
1599 1992 1666 2019 falsa
1685 1998 1727 2019 est
1740 1991 1816 2018 Hueiii

1044 2030 1185 2059 sententia.
1207 2029 1265 2055 illas
1281 2036 1373 2055 omnes
1388 2035 1446 2054 esse
1473 2035 1505 2054 ex
1520 2034 1611 2053 earum
1636 2035 1749 2054 numero
1760 2034 1817 2060 quas

1043 2064 1217 2090 Adamantius
1241 2068 1299 2097 post
1321 2063 1407 2089 astatis
1424 2070 1478 2089 sua:
1502 2070 1601 2088 annum
1628 2062 1816 2097 sexagesimum

1043 2107 1074 2125 ex
1093 2105 1210 2133 tempore
1224 2097 1404 2131 pronuntiavit
1417 2105 1423 2122 :
1443 2098 1465 2123 si
1479 2097 1654 2133 sclioliorurn.
1671 2098 1737 2123 nihil
1751 2098 1816 2130 equi-

1043 2135 1102 2160 dem
1112 2133 1168 2167 jam
1184 2133 1282 2159 vetabit
1296 2133 1438 2166 quominus
1453 2132 1567 2158 liouiiliie
1577 2133 1604 2167 in
1622 2132 1755 2159 Numeros
1765 2139 1814 2165 pro-

1010 2169 1031 2196 D
1046 2166 1173 2194 nuntiatae
1183 2168 1369 2194 existimentur
1384 2174 1522 2201 postquam
1537 2166 1667 2200 Origenes
1675 2167 1761 2193 aetatis
1770 2174 1816 2192 sine

1046 2211 1143 2230 annuni
1159 2202 1353 2236 sexagesimum
1372 2203 1459 2236 attigit
1473 2211 1479 2229 ;
1493 2203 1538 2229 sed
1555 2202 1580 2227 id
1596 2209 1649 2228 non
1668 2208 1741 2228 certo
1756 2202 1814 2227 erui-

1045 2242 1098 2269 tur,
1118 2235 1313 2271 utiiifra’putat
1332 2235 1452 2268 Huetius,
1470 2245 1502 2263 ex
1526 2236 1685 2262 duodecima
1703 2237 1730 2262 in
1749 2235 1814 2262 Jen-

1045 2273 1123 2299 minm
1141 2273 1258 2299 liomilia.
1274 2272 1312 2299 lbi
1328 2273 1424 2305 quippe
1441 2271 1625 2298 tantummodo
1644 2272 1683 2298 ait
1697 2271 1816 2305 Origenes

1045 2315 1074 2334 se
1092 2308 1134 2334 tibi
1160 2308 1238 2333 linem
1263 2308 1365 2333 dicendi
1381 2308 1497 2337 fecisset,
1511 2307 1598 2332 adhuc
1622 2307 1768 2333 locuturum
1789 2307 1816 2331 de

1046 2342 1220 2368 Numerorum
1238 2341 1295 2368 loco
1309 2342 1353 2376 qui
1368 2342 1494 2375 legendus
1507 2347 1565 2367 erat
1585 2348 1591 2366 :
1606 2343 1678 2375 quod
1696 2349 1758 2367 sane
1772 2350 1814 2376 iuni

1045 2377 1154 2410 impedit
1170 2374 1481 2412 quominus'alias’longe
1494 2382 1573 2403 antea
1587 2374 1714 2403 houiilias
1729 2377 1754 2402 in
1768 2374 1815 2401 Nu-

1045 2420 1129 2438 meros
1143 2412 1242 2439 habere
1260 2413 1384 2444 potuerit.

1080 2447 1135 2481 (l3)
1166 2447 1348 2480 Expositione!
1371 2447 1397 2472 iii
1416 2446 1562 2473 Leviticiiin
1585 2446 1689 2478 laudat,
1715 2451 1763 2472 etc.
1783 2445 1813 2471 Ex

1045 2482 1165 2515 ipsisiiiet
1180 2482 1206 2508 in
1219 2481 1360 2507 Leviticum
1382 2481 1503 2508 lloiuiliis
1517 2482 1611 2515 prima,
1633 2481 1659 2511 5,
1677 2482 1704 2510 5.
1719 2481 1744 2513 6,
1758 2481 1780 2512 7,
1801 2480 1814 2506 9

1044 2523 1070 2543 et
1086 2516 1129 2546 15.
1144 2517 1226 2550 liquet
1241 2517 1268 2542 1ο
1283 2524 1329 2542 eas
1343 2524 1402 2543 esse
1415 2517 1629 2550 extemporales;
1653 2516 1683 2542 2ο
1698 2517 1815 2543 Cwsareae

1045 2552 1070 2578 in
1086 2551 1227 2579 Palaestina
1241 2551 1322 2577 tuisse
1336 2551 1440 2578 habitas
1454 2559 1461 2583 ;
1479 2551 1507 2577 5°
1527 2552 1550 2578 si
1574 2559 1627 2577 non
1649 2559 1751 2582 omnes,
1768 2550 1813 2576 sal-

1044 2591 1096 2616 tem
1122 2595 1219 2613 nonani
1249 2586 1356 2613 houiilia
1374 2587 1487 2619 quadam
1509 2595 1536 2612 in
1559 2585 1710 2617 Jeremiam,
1731 2591 1755 2612 et
1775 2586 1814 2610 de-

1043 2622 1138 2648 cimam
1152 2621 1439 2655 tertiamExpositioue
1454 2622 1480 2648 in
1498 2620 1630 2655 psalmum
1642 2629 1722 2648 cxvni
1737 2625 1814 2654 posti:-

1044 2664 1129 2683 nores
1138 2664 1208 2683 esse.

1079 2691 1134 2726 (M)
1162 2691 1228 2723 Quae
1257 2691 1430 2727 niliitﬁatiudr
1443 2691 1625 2727 expositionis
1637 2698 1727 2725 genus,
1746 2695 1812 2727 quam

1043 2725 1227 2758 homiteticum,
1242 2732 1294 2754 etc.
1322 2726 1389 2753 Hinc
1407 2726 1471 2752 nihil
1488 2726 1584 2752 mirum
1604 2726 1626 2752 si
1643 2727 1688 2751 lib.
1707 2733 1730 2751 Vl
1744 2725 1811 2751 αἰνυ-

1044 2765 1126 2787 inent.
1148 2761 1176 2786 in
1196 2761 1279 2794 Epist.
1307 2762 1340 2787 ait
1355 2761 1429 2787 Boni.
1448 2769 1521 2788 num.
1536 2761 1563 2793 7,
1581 2768 1607 2794 p.
1627 2760 1689 2792 579,
1702 2761 1738 2786 ait
1752 2757 1810 2793 quod

1044 2795 1141 2830 legitur
1169 2797 1365 2823 Deuterouoinii
1395 2803 1455 2825 ur.
1474 2795 1500 2827 5,
1529 2797 1554 2823 id
1572 2796 1674 2830 plenius
1695 2801 1721 2822 et
1740 2795 1809 2821 l'usiits

1044 2832 1099 2859 suis
1114 2830 1179 2858 locis
1197 2839 1255 2858 esse
1264 2833 1493 2866 pertractandum.
