1908 3071
200 130 265 158 1271

846 132 878 160 P.
900 133 1057 161 DANIELIS
1075 134 1192 164 HUETII

1754 140 1767 165 ι
1772 140 1822 166 2ῖῖ

199 192 268 220 Nam
292 196 352 227 post
377 191 516 219 Maximini
533 192 748 227 persecutionem
773 194 892 228 expliciti
910 200 983 227 sunt,
999 198 1021 227 Α
1036 204 1136 224 annum
1150 198 1334 232 pronuntiavit
1348 197 1495 233 Origenes;
1514 197 1628 225 actuarii
1655 205 1688 224 ex
1708 198 1823 225 amboue

198 239 296 273 quippe
313 236 390 275 cujus
408 242 480 265 tomo
496 245 565 269 xxtt.
580 238 747 271 meminerit,
762 241 986 273 quemadmodum

199 283 278 311 refert
297 282 428 311 Eusebius
453 283 499 310 lib.
516 291 542 310 Vl
561 283 646 314 ΙΙίετ..
664 293 725 320 cap.
737 285 784 317 28,
805 286 923 314 nondum
938 294 987 313 au-

200 334 252 356 tem
273 328 428 356 Matthieum
460 329 609 364 explanare
635 330 725 358 fuerat
752 339 876 364 exorsus,
909 332 987 360 sicuti

198 380 310 409 apparet
324 383 357 402 ex
373 375 432 409 ejus
447 380 520 403 tome
530 384 588 408 xvr,
606 377 633 403 in
648 377 757 409 Matth.,
770 374 843 405 num.
862 379 906 409 l9.
926 386 986 414 pag.

197 421 261 453 748,
289 426 316 448 et
333 421 439 448 decimo
468 422 496 449 in
519 421 649 449 Joannem
669 428 751 456 lomo,
774 425 907 456 num.18,
925 433 986 459 pag.

196 467 257 494 192.
273 466 313 495 Ne
327 466 589 495 Commentariorum
610 469 718 503 quidem
735 471 761 497 in
785 470 928 502 Epictetum
953 472 988 498 ad

199 513 334 541 Ronianoa
348 513 471 541 meminit
487 514 617 542 Eusebius
630 524 636 541 :
652 522 684 542 ex
701 514 828 549 Origenis
842 521 931 544 tamen
945 522 987 544 to-

197 567 241 587 mo
258 567 313 587 xvu
331 560 358 586 in
374 559 486 593 Matth,
501 568 576 588 Imm.
597 560 642 591 δελ,
668 569 727 595 past.
745 560 806 592 821.
823 566 850 588 et
868 561 913 589 lib.
930 570 945 588 ν
961 566 988 589 et

196 611 256 638 VIII,
282 611 374 632 contra
399 603 480 638 ϐεΙε..
501 613 573 632 num.
589 605 634 636 47,
655 613 715 641 pag.
731 605 783 632 6M
809 611 837 633 et
854 614 927 634 nom.
941 606 985 639 65,

196 658 258 686 pag.
277 651 339 684 790,
352 651 525 687 intelligimus
542 652 598 685 jam
616 657 670 678 ttttu
687 660 718 679 ea
736 654 918 687 composuisse
927 653 988 681 Orio

197 705 305 730 genum,
325 706 385 725 cum
398 699 431 725 ad
452 698 650 733 explanandum
665 698 833 731 Mattlueum,
848 704 875 727 et
890 700 986 727 confu-

199 743 307 770 landum
333 743 440 770 Celsum
459 751 488 771 se
511 744 634 772 contulit.
655 744 765 771 Discere
783 752 848 772 vero
870 745 934 782 licet
948 753 981 772 ex

198 788 307 816 ltomilia
326 788 358 815 Π
384 790 411 816 in
436 788 546 821 Lucam,
565 789 619 824 jam
635 795 699 816 ante
717 791 802 824 ipsum
822 798 882 818 esse
901 791 986 818 inter-

197 839 330 869 pretatum
357 835 502 870 Epistulam
525 837 642 871 priorem
671 837 704 863 ad
720 836 887 870 Corinthios,
904 845 984 872 quam

197 881 225 908 in
247 881 318 908 lumc
327 881 519 917 evangelistam
529 883 562 909 ad
579 883 705 916 populum
722 883 869 910 dissereret
885 891 891 909 :
908 871 985 911 ille-
1002 871 1023 898 Β

197 926 274 957 mitti,
296 926 394 959 inquit,
419 934 481 954 cum
497 927 692 961 interpretarer
715 927 778 954 illud
793 929 864 962 quod
883 929 916 955 ad
933 928 986 955 Co-

198 972 313 1000 rinthios
327 972 456 1000 scribitur
473 982 480 1000 :
511 972 637 1000 Ecclesia:
654 973 701 1000 Dei
728 982 786 1008 quw
800 979 837 1001 cst
853 974 984 1008 Corinthi,

197 1026 256 1058 cum
268 1019 386 1045 omnibus
398 1020 444 1053 qui
455 1019 574 1045 invocant
590 1027 648 1046 eum
673 1020 705 1052 ",
733 1020 833 1047 dixisse
846 1028 887 1048 me
899 1021 988 1047 diver-

197 1064 304 1092 sitatem
320 1064 456 1096 Ecclesiae,
470 1070 498 1092 et
507 1073 600 1092 eorum
616 1065 662 1099 qui
676 1066 804 1093 inv0cant
822 1074 921 1093 nouten
934 1067 986 1092 Do-

198 1110 274 1138 mini.
291 1120 300 1136 ι
317 1110 533 1138 Commentarios
549 1111 576 1138 in
589 1112 702 1145 priorem
724 1112 758 1138 ad
773 1111 987 1139 Thessaiuuicen-

197 1165 238 1183 ιιι
254 1156 400 1190 Epistulam
416 1157 442 1184 in
452 1164 534 1192 opere
545 1162 635 1184 contra
650 1157 765 1191 Celsum,
777 1159 846 1185 libro
857 1159 985 1190 secundo,

200 1210 274 1231 Itum.
292 1203 337 1236 65,
351 1211 413 1238 pag.
436 1203 499 1235 457,
516 1203 638 1231 laudatos
656 1205 786 1237 reperias.
804 1205 923 1239 Denique
940 1212 988 1231 ex-

199 1247 358 1281 positionem
372 1248 489 1283 aliquam
497 1249 523 1275 in
533 1248 721 1284 Apocalypsitn
731 1249 918 1281 meditabatur,
927 1257 986 1276 cum

198 1293 352 1321 Mattltaaum
367 1294 531 1329 explicaret:
545 1295 578 1322 de
592 1295 709 1322 dracone
721 1295 819 1330 quippe
831 1295 876 1322 illo
886 1300 986 1329 septi-nt

199 1339 334 1373 capitibus
352 1345 380 1367 et
395 1341 485 1367 decem
502 1341 629 1369 cornibus
654 1341 789 1368 instructo
803 1349 885 1376 agens
899 1341 931 1373 ³³,
949 1342 985 1368 ita

199 1386 293 1413 scribit
313 1390 419 1414 tractat.
433 1386 479 1419 50,
495 1394 570 1413 ntttn.
586 1386 631 1419 49,
643 1394 703 1422 pag.
719 1387 791 1416 867:
811 1396 820 1412 ε
834 1388 989 1422 Expouetur

199 1437 290 1459 autem
299 1437 419 1467 tempore
429 1441 477 1460 suo
490 1434 515 1459 in
530 1432 694 1460 Reuelationc
705 1433 836 1466 Joannis;
850 1444 859 1460 ι
871 1439 897 1461 et
908 1441 967 1460 mox
980 1443 986 1460 :

203 1487 213 1504 ι
231 1477 284 1504 Has
298 1483 388 1505 autem
404 1478 566 1513 principales
590 1479 772 1513 expositiones
789 1485 871 1514 atque
893 1479 989 1512 proba-

201 1524 288 1552 tiones
302 1529 408 1559 oportet
426 1524 496 1556 ﬁeri,
512 1532 572 1551 cum
601 1525 659 1559 ipse
683 1525 751 1552 liber
774 1525 988 1562 (Apocalypscoa)
1003 1539 1023 1567 ρ

200 1570 356 1606 propositus
380 1570 462 1597 fuerit
482 1570 558 1597 nobis
578 1571 611 1598 ad
623 1571 818 1606 exponendum.
834 1581 844 1598 ι

237 1615 282 1643 lV.
306 1615 440 1643 Caeterum
472 1624 567 1651 magna
588 1617 614 1644 in
643 1617 840 1652 distinguendis
864 1616 989 1653 Origenis

201 1661 322 1690 homiliis
345 1663 495 1690 adhibenda
519 1663 676 1698 dijudicatio
686 1668 745 1697 est;
766 1663 833 1691 alias
844 1664 915 1691 enim
932 1672 988 1690 me-

204 1709 288 1736 ;litate
304 1710 474 1744 conscriptas
486 1709 580 1743 edidit,
592 1710 659 1737 alias
674 1718 704 1737 ex
722 1714 843 1744 tempore
855 1710 987 1737 recitavit.

203 1754 293 1789 Longe
309 1754 405 1787 levior,
431 1763 474 1783 me
497 1755 598 1789 judice,
619 1755 714 1782 harum
732 1755 895 1789 auctoritas;
925 1764 989 1789 gra-

203 1799 261 1827 vior
284 1800 388 1827 illarum
414 1801 591 1828 existimatio.
611 1801 745 1836 Quidquid
762 1801 988 1836 extemporalium

204 1844 376 1873 homiliarum
389 1852 521 1881 superest.
537 1851 594 1882 post
612 1847 811 1881 sexagesimum
831 1846 919 1873 mtatis
933 1854 990 1873 suae

215 1932 355 1942 —.

1039 244 1167 272 recitatas
1188 249 1352 279 exceperunt
1368 253 1376 272 :
1392 245 1464 279 quod
1484 245 1614 272 hactenus
1642 243 1699 270 ﬁeri
1728 243 1823 276 prohi-

1039 290 1145 316 buerat.
1165 290 1240 317 Alias
1254 290 1337 318 variis
1353 291 1523 326 temporibus
1540 289 1691 317 accuravit.
1709 288 1788 321 Quod
1801 288 1823 315 si

1040 336 1096 363 haec
1113 337 1294 371 perspexisset
1310 337 1449 368 Erasmus,
1466 336 1576 363 minime
1591 336 1714 368 profecto
1730 335 1754 361 itl
1774 335 1824 369 ipsi

1039 382 1072 409 de
1092 382 1210 410 ltomiliis
1234 382 1358 418 Origeuis
1379 382 1527 418 generatim
1551 382 1640 416 agenti
1656 381 1824 407 excidisset:

1040 428 1112 455 «Eas
1140 428 1286 456 conciones
1312 436 1366 455 tton
1392 428 1448 462 ipse
1465 427 1586 462 scripsit,
1612 427 1660 454 sed
1675 434 1689 452 a
1709 425 1826 452 notariis

1038 474 1125 508 excipi
1147 481 1244 508 passus
1265 479 1317 506 est,
1340 474 1410 508 quod
1431 479 1521 501 tamen
1543 477 1643 507 negant
1663 473 1739 499 illum
1765 479 1827 499 esse

1037 527 1147 554 passum
1165 525 1230 547 ante
1253 527 1363 552 annum,
1384 524 1412 547 ut
1439 524 1504 546 ante
1525 520 1625 545 dictum
1641 523 1694 550 est,
1708 525 1826 552 sexage-

1038 567 1149 593 simum.
1163 577 1173 592 »
1196 566 1278 600 Quasi
1294 566 1380 593 nullas
1393 565 1510 600 cogitate
1524 565 1721 599 conscripserit
1735 564 1826 591 homi-

1039 611 1086 637 lias
1113 611 1253 646 Origenes,
1275 611 1322 637 sed
1346 617 1441 637 onmes
1457 617 1490 637 ex
1517 614 1637 643 tempore.
1661 607 1827 643 profuderit.

1040 655 1161 683 llomilia‘.
1184 655 1211 682 in
1232 654 1341 687 Lucam,
1368 659 1435 682 teste
1464 653 1628 688 Hieronymo
1650 654 1675 680 in
1711 652 1829 687 Prologo

1041 710 1096 729 sua:
1114 701 1355 736 interpretationis,
1373 700 1441 728 l'etus
1451 704 1492 726 est
1504 699 1631 734 juvenilis
1641 698 1744 729 aetatis,
1758 703 1786 725 et
1803 699 1828 724 in

1036 747 1094 774 otio
1112 746 1221 782 quidem
1239 753 1271 773 ac
1297 750 1403 773 secreto
1419 751 1575 780 conceptus,
1593 750 1622 772 ut
1639 745 1667 771 in
1688 744 1828 779 publicum

1038 792 1136 819 deinde
1153 792 1291 819 ederetur.
1311 790 1500 818 Coutiuttatatn
1518 798 1583 824 ergo
1603 790 1658 817 illic
1673 790 1759 817 Lucae.
1780 798 1829 816 ex-

1037 837 1197 873 positionem
1219 837 1433 868 animadvertas,
1457 842 1637 871 praaterquam
1657 836 1683 862 in
1714 843 1764 862 sex
1782 842 1829 869 po-

1038 882 1148 910 stremis
1165 882 1296 914 homiliis,
1317 889 1376 916 quae
1390 889 1423 908 ex
1438 881 1561 916 ampliori
1578 889 1692 908 numero
1704 881 1831 907 videntur

1039 934 1184 964 excerpta}.
1201 928 1342 956 Prioribus
1358 928 1410 955 illis
1423 928 1532 962 triginta
1549 928 1636 955 tribus
1649 927 1758 955 similes
1769 933 1831 954 sunt

1038 974 1155 1001 homilia:
1172 974 1198 1001 in
1217 974 1336 1008 psalmos
1351 981 1446 1005 xxxvt,
1458 981 1552 1000 xxxvtt
1565 977 1592 1000 et
1605 977 1761 1003 xxxvttt,et
1774 972 1830 998 dum

1038 1021 1065 1048 in
1079 1021 1227 1052 Canticum,
1249 1026 1276 1046 et
1300 1027 1396 1046 novem
1426 1020 1453 1046 in
1474 1018 1593 1046 Iudices.
1621 1019 1831 1053 Extemporales

1038 1072 1127 1094 autem
1146 1066 1273 1097 homilim,
1296 1065 1427 1100 quoniam
1450 1065 1528 1098 juxta
1556 1064 1676 1099 episcopi
1706 1063 1831 1099 praescri-

1038 1118 1124 1148 ptum,
1148 1117 1176 1139 et
1200 1112 1369 1147 designatum
1392 1112 1427 1138 ab
1450 1118 1483 1138 eo
1499 1115 1689 1146 argumentum
1708 1118 1742 1138 ac
1759 1109 1833 1137 Scri—

1038 1165 1125 1194 ptum
1137 1159 1225 1186 locum
1242 1158 1502 1193 pronuntiabantur,
1516 1157 1619 1184 idcirco
1633 1161 1743 1184 certum
1762 1157 1832 1183 hunc

1037 1205 1159 1232 ordinem
1182 1205 1338 1239 neutiquam
1369 1208 1476 1236 tenent;
1497 1203 1543 1230 sed
1564 1204 1592 1229 in
1611 1204 1738 1230 eamdem
1763 1209 1833 1235 sape

1038 1253 1194 1286 pericopam
1213 1250 1355 1286 geminam
1373 1249 1556 1284 reperiutttur,
1576 1247 1775 1283 praetermissis
1792 1253 1832 1274 to-

1039 1299 1074 1325 tis
1092 1298 1237 1333 capitibus,
1253 1296 1375 1331 diligenti
1389 1295 1554 1330 cmteroquin
1578 1295 1776 1322 observatione
1805 1299 1833 1320 et

1039 1343 1220 1379 explicatione
1245 1342 1344 1377 dignis.
1374 1340 1457 1375 Hujus
1481 1342 1590 1376 generis
1614 1341 1746 1367 videntur
1770 1347 1832 1366 esse

1039 1389 1200 1424 superstites
1213 1389 1240 1415 in
1260 1393 1377 1423 quatuor
1398 1388 1502 1423 priores
1537 1387 1717 1415 Pentateuclii
1748 1386 1835 1413 libros

1040 1435 1175 1465 ltomilitn.
1189 1438 1217 1462 et
1235 1442 1295 1469 quae
1311 1435 1336 1460 in
1352 1433 1451 1461 librum
1473 1432 1556 1461 Josue
1568 1438 1692 1465 exstant,
1709 1440 1791 1467 quas,
1803 1437 1834 1458 ut

1040 1481 1077 1507 ait
1096 1479 1209 1506 Ruﬁnus
1225 1479 1360 1513 interpres
1385 1479 1411 1506 in
1430 1478 1563 1514 Prologo:
1580 1487 1588 1504 ι
1603 1479 1643 1506 Ex
1664 1483 1789 1512 tempore
1804 1478 1834 1504 in

1041 1525 1158 1553 Ecclesia
1173 1525 1310 1560 peroravit
1324 1525 1500 1552 Adamantius
1525 1531 1618 1552 senex.
1635 1533 1644 1550 I
1662 1523 1750 1558 ﬂujus
1763 1531 1833 1558 quo-

1040 1579 1092 1606 que
1105 1571 1213 1605 generis
1228 1578 1289 1597 esse
1306 1570 1415 1597 videtur
1427 1571 1506 1597 unica
1528 1569 1571 1597 illa
1588 1570 1614 1596 in
1627 1568 1637 1595 Ι
1651 1569 1722 1604 Reg.
1737 1576 1798 1602 cap.
1820 1569 1831 1594 Ι

1041 1622 1068 1643 et
1079 1617 1109 1648 2,
1124 1621 1152 1643 et
1166 1616 1217 1643 alia
1233 1616 1266 1643 de
1278 1616 1510 1651 Eugastrimytho,
1527 1623 1609 1651 quam
1625 1615 1733 1651 primus
1749 1615 1836 1642 edidit

1042 1661 1096 1688 Leo
1112 1660 1235 1693 Allatius,
1254 1665 1281 1687 et
1297 1668 1356 1695 quae
1374 1665 1520 1696 supersunt
1537 1662 1563 1688 in
1578 1659 1694 1692 Isaiam,
1710 1661 1739 1687 in
1764 1659 1837 1687 Jcre-

1042 1708 1134 1740 mium,
1149 1712 1176 1733 et
1196 1707 1224 1733 in
1243 1706 1416 1735 Ezechielem.
1440 1706 1486 1734 Hae
1503 1711 1593 1734 autem
1609 1706 1730 1733 subinde
1747 1714 1762 1733 a
1777 1712 1835 1732 stu-

1043 1753 1128 1780 diosis
1144 1752 1221 1787 juxta
1247 1752 1398 1786 Scripturte
1418 1752 1540 1780 ordinent
1562 1752 1685 1779 collecta
1705 1757 1735 1779 et
1745 1752 1836 1785 dispo-

1043 1799 1102 1825 sitae
1120 1803 1192 1826 sunt.
1208 1797 1296 1832 Atque
1321 1799 1379 1826 haec
1397 1805 1445 1825 nos
1470 1805 1566 1833 magna
1591 1798 1836 1826 Verisimilitudine

1042 1844 1114 1872 ducti
1129 1843 1321 1878 conjectamus,
1335 1852 1388 1871 non
1404 1843 1547 1878 praefracte
1564 1844 1729 1872 asserimus.

853 2011 1180 2057 APPENDIX.

616 2111 702 2142 Libri
726 2110 860 2149 Origeni
883 2109 977 2147 falso,
1001 2109 1050 2140 vel
1073 2109 1259 2141 dubitanter
1280 2107 1421 2148 ascripti.

205 2258 227 2287 1.
246 2259 325 2296 Unde
341 2259 439 2296 factum
459 2260 492 2288 ait
509 2266 536 2287 ut
554 2261 676 2296 Origenis
699 2269 792 2288 nomen
809 2258 1035 2296 lpicra’quemsibj
1058 2255 1304 2296 scriptiqnesfalfq
1325 2255 1476 2296 asciverint,
1493 2254 1739 2296 dpﬂti-l‘ttTL‘HLDe
1754 2255 1836 2281 tribus

241 2295 314 2335 libris
329 2289 354 2322 in
363 2295 427 2335 _J_ob,
438 2289 772 2335 dequet‘ctusiouipaorunt
785 2289 936 2335 interprete.
1014 2293 1058 2335 De.
1069 2289 1214 2333 posteriore
1223 2290 1593 2335 in.doliJlontntentarimdy.
1603 2289 1836 2335 _DeWConjmrenx-

242 2331 282 2356 ria
306 2330 333 2357 in
361 2324 493 2371 Marcum.
509 2324 729 2371 [uidenti/iisin
745 2324 878 2371 diuinos;
895 2329 939 2357 Vl.
957 2324 1076 2371 {inmitia
1090 2335 1149 2363 qua:
1162 2328 1297 2371 inti-edice
1315 2325 1730 2371 νειὶιἰεειξςὲξζιξειξιζὶ-ιίιξέΤίς-9

242 2374 338 2400 μενος
356 2365 526 2400 πλούσιος;
545 2367 598 2394 Vll.
615 2366 729 2393 Scholiit
748 2367 774 2393 in
790 2359 946 2394 Orationem
962 2359 1142 2395 Doniitticant,
1155 2368 1179 2389 et
1193 2361 1310 2401 Cantia}
1331 2361 1364 2388 Β.
1383 2360 1508 2394 Virginis,
1522 2359 1662 2399 Zachariae
1692 2364 1720 2386 et
1740 2359 1836 2398 Simeo-

243 2401 285 2420 ..ει
320 2399 376 2420 Vltl
405 2400 441 2420 n.
460 2400 583 2420 '.nmnnln
600 2401 720 2420 "ri/enni.
747 2400 778 2420 nt
813 2401 923 2420 mnlmm
938 2400 970 2420 ιΙρ
990 2399 1137 2420 ητιὴηιιοτιι
1160 2398 1219 2420 Iide.
1232 2397 1266 2420 λ.
1287 2397 1346 2420 Alia
1357 2396 1470 2420 auodam
1485 2401 1584 2420 uetttsto
1597 2394 1717 2420 dtaloao.
1736 2394 1782 2420 ΧΙ-
1796 2393 1835 2420 Lt-

242 2397 294 2427 nix.
320 2399 388 2428 Vlll.
403 2400 441 2428 De
457 2397 583 2428 Lantcnto
600 2401 647 2428 Ori
665 2403 730 2428 enix.
747 2400 793 2428 IX.
811 2401 923 2435 Dialogo
938 2400 970 2426 de
990 2399 1137 2426 orthodoxa
1157 2398 1219 2432 ﬁde.
1232 2397 1266 2424 Χ.
1286 2397 1470 2437 Alio-quodam
1485 2401 1584 2435 vetusto
1597 2397 1717 2434 dialogo.
1736 2397 1782 2420 XI.
1796 2397 1835 2420 Li-

241 2435 547 2498 :zllgtgielﬁresibus.
565 2436 619 2464 Xll.
639 2410 676 2464 [ge
693 2437 879 2472 siugularitate
893 2435 1068 2467 clericorum,
1083 2432 1151 2462 XIII.
1171 2433 1208 2460 De
1225 2432 1384 2465 astrolabto,
1400 2435 1425 2458 ct
1441 2430 1484 2466 ,De
1497 2430 1645 2462 breviano,
1665 2435 1691 2457 ct
1717 2437 1835 2457 sermone

260 2479 274 2498 ι
289 2477 430 2499 calceum.

243 2596 267 2625 Ι.
287 2596 542 2625 Demonstravimus
567 2596 629 2624 libri
651 2595 764 2623 secundi
790 2599 888 2630 quarto
907 2593 996 2629 capite
1011 2595 1035 2624 υ
1048 2591 1160 2620 incertis
1174 2595 1200 2619 et
1216 2590 1315 2624 ignotis
1339 2589 1496 2618 auctoribus
1515 2589 1645 2623 profecta:
1668 2587 1834 2615 lucubratio-

208 2652 335 2680 mngnum
359 2644 503 2679 aliquando
529 2643 556 2671 iu
578 2642 699 2670 Ecclesia
729 2647 757 2670 et
769 2642 883 2677 iillustre
897 2641 992 2674 [fuisse
1045 2646 1096 2667 nes
1128 2637 1274 2668 nonnullae,
1306 2637 1344 2664 sic
1376 2643 1503 2671 tauquam
1531 2635 1676 2670 projertitii
1707 2635 1831 2663 infantes.

211 2691 335 2723 Origenis
354 2698 470 2723 netuen;
493 2696 579 2725 eoque
600 2690 683 2717 etiam
715 2696 750 2716 ex
774 2687 991 2715 adversariorum
1046 2685 1150 2712 clarum
1175 2683 1301 2717 Origeuis
1340 2691 1437 2710 nomen
1460 2681 1511 2709 sibi
1535 2681 1651 2708 libenter
1677 2680 1829 2709 asciveriut,

209 2734 425 2761 contentionibus
440 2740 467 2761 et
485 2733 626 2765 ceuviciis,
640 2733 712 2768 quod
735 2733 790 2760 fere
806 2732 874 2759 alias
893 2738 991 2758 usuve—

210 2778 270 2806 nire
281 2779 360 2810 solet.
375 2779 506 2807 illustrius
519 2779 650 2807 evasisse.
666 2777 847 2813 llincgfactum
860 2781 902 2805 est
915 2781 944 2804 ut
957 2776 993 2804 ab

248 2855 270 2871 "
286 2854 296 2882 l
312 2854 374 2882 Cor.
386 2863 406 2890 t,
425 2855 453 2884 ‘2.
492 2855 606 2891 "Apoc.
624 2863 672 2888 xu,
686 2855 711 2882 3.

1047 2736 1242 2763 nounuuquatn
1259 2728 1342 2755 etiam
1368 2727 1496 2762 operibus
1515 2726 1573 2754 suis
1598 2730 1752 2752 metuentes
1770 2724 1832 2751 scri-

1048 2780 1143 2811 ptores
1164 2773 1281 2807 subdoli,
1298 2773 1458 2801 ementitum
1479 2771 1554 2800 hunc
1569 2776 1750 2807 praetexentes
1770 2770 1829 2798 tim-
