1908 3071
52 157 123 186 1275

618 152 905 184 ORIGENIANORUM
925 151 1106 181 APPENDIX.

1613 153 1683 181 1274

51 217 119 249 lunt,
139 216 292 244 Adamantii
317 216 415 244 famam
438 217 520 244 veluti
546 216 618 243 [ιιι-ιο
641 215 844 249 snhripuerint;
860 216 884 245 Α
901 213 997 240 beatus
1012 212 1155 240 duodecim
1169 211 1265 240 diebus
1281 219 1362 247 supra
1386 216 1469 240 testas
1488 211 1619 246 pollineas
1635 221 1682 239 ex-

52 263 209 297 bibliopolaa
231 263 312 290 etiam
338 264 473 291 mercibus
489 263 545 290 suis
559 263 727 289 venditandis
739 266 843 296 empto-

53 316 113 335 rem
129 308 261 340 hiantem,
286 307 376 335 fucata
400 308 450 335 hac
468 307 647 342 inscriptione
671 306 840 334 induxerint.

53 353 110 380 Has
124 353 234 387 quidem
255 352 290 380 ob
316 361 412 380 causas
436 353 583 388 aliquando
603 351 751 387 contigisse
768 358 841 383 reor,

52 402 83 423 ιιι
111 397 141 424 in
169 397 293 432 Origenis
318 397 447 424 familiam
472 398 554 432 spurii
581 396 740 424 transierint
763 394 842 428 libri;

52 447 82 470 at
108 442 280 478 frequentius
297 444 379 471 etiam
407 443 477 471 idem
499 443 625 471 evenisse
653 446 718 477 pttto
742 441 783 467 vel
809 448 842 467 ex

53 488 232 516 librariorum
256 489 411 521 oscitantia,
426 489 533 516 nontitta
548 488 702 515 nominibus
717 494 842 514 commu-

53 534 192 566 tantium;
207 535 250 562 vel
268 542 301 562 ex
324 535 481 563 criticorum
510 534 633 564 audacia.
658 533 765 567 quidvis
790 532 842 559 sibi

51 581 138 610 licere
155 582 182 609 in
197 581 298 610 litteris
313 582 475 616 putantium.
494 580 552 608 llnc
565 580 679 607 accessit
691 579 763 614 quod
782 578 843 613 plu-

51 627 140 654 rimas
174 626 302 663 Origenis
331 627 496 662 scriptiones
525 627 646 653 studiose
672 624 844 652 aholentibus

51 673 143 707 ipsius
160 673 327 701 adversariis
352 679 380 701 ct
403 672 607 704 defensoribus;
630 672 673 699 his
689 671 797 706 quidem
816 674 844 696 ιιι

50 721 113 754 ejus
131 728 249 753 errores,
265 721 318 748 illis
343 726 373 748 ut
389 719 518 755 praeclara
536 718 594 752 ejus
608 725 691 753 opera
713 717 844 744 invidiose

50 767 193 799 celarent;
209 767 308 794 multas
328 766 388 794 vice
403 773 482 793 versa
510 764 712 792 lucubrationes
737 763 844 797 utrique

52 813 167 849 paribus
181 814 215 840 de
228 813 320 840 causis
340 813 440 839 nomini
468 812 552 847 ipsius
578 811 766 838 subdiderunt.
788 809 843 836 Nos

51 867 120 886 vero
134 864 276 894 postquam
291 858 518 893 Origeniauorum
546 857 709 890 scriptorum
728 863 842 883 examen

53 905 142 933 semel
164 905 343 939 suscepimus,
358 905 391 931 ad
410 908 532 931 nostram
557 903 695 938 pertinere
715 901 842 928 duximus

50 959 159 984 curam,
176 959 240 979 suos
254 951 277 979 ei
294 950 364 978 fetus
377 950 510 985 legitimos
527 950 679 981 restituere,
692 949 763 983 quod
776 947 842 975 hac-

56 1003 139 1025 tenus
169 996 503 1031 fecimus;-supposititios
529 1003 594 1023 vero
616 1003 649 1022 ex
663 995 721 1030 cjns
743 995 842 1022 familia

50 1051 211 1079 segregare,
225 1043 297 1078 quod
309 1042 464 1077 Appendice
480 1042 529 1069 ista
551 1042 648 1068 facturi
667 1048 770 1068 sumus.

89 1089 124 1116 II.
146 1087 174 1114 lu
202 1088 298 1115 Latina
331 1086 457 1122 Origenis
483 1087 602 1114 editione
629 1087 727 1120 duplex
758 1093 843 1122 genus

50 1135 322 1162 Commentariorum
340 1134 368 1160 iu
397 1134 492 1160 librum
516 1132 567 1159 Job
594 1133 736 1167 reperitur.
766 1131 843 1159 Prius

53 1182 80 1209 in
107 1186 163 1209 tres
189 1181 337 1208 discretum
359 1184 400 1206 est
420 1179 514 1211 libros,
537 1183 564 1206 et
593 1179 646 1206 duo
670 1179 759 1213 priora
783 1177 843 1206 Jobi

52 1227 144 1262 capita
177 1235 238 1254 cum
263 1226 335 1254 tertii
364 1225 489 1260 portione
513 1225 712 1260 complectitur,
736 1225 770 1252 ab
803 1225 844 1251 iu-

51 1278 132 1302 certo
147 1273 296 1308 interprete
312 1272 461 1300 Latinitate
475 1271 610 1299 redditum
625 1279 632 1298 :
647 1271 781 1306 posterius
803 1275 843 1297 to-

54 1325 116 1347 tum
142 1319 315 1354 persequitur
326 1318 385 1346 Jobi
401 1318 510 1350 librum,
526 1322 553 1345 et
564 1317 689 1345 brevibus
706 1324 843 1344 commen-

54 1365 163 1392 tariolis
183 1365 298 1400 (scholia
323 1373 406 1400 prope
423 1365 536 1400 dixeris)
553 1365 677 1399 exponit,
691 1368 718 1391 et
733 1362 842 1390 Joachi-

53 1420 132 1440 mum
174 1411 331 1439 Pcriouium
365 1412 544 1446 interpretem
580 1410 672 1438 habet.
715 1409 842 1445 Spurium

52 1465 203 1493 utrumque
226 1467 305 1493 opus,
326 1463 353 1486 et
373 1458 572 1487 emendicatnm
597 1456 722 1492 Origenis
747 1463 842 1484 nomen

54 1505 125 1532 falso
147 1504 265 1538 jactans.
287 1503 390 1531 Prioris
405 1508 480 1531 certe
497 1503 582 1538 slylus
602 1501 760 1537 Origeniaui
785 1501 843 1528 dis—

53 1551 154 1578 similis
175 1556 236 1583 est;
261 1552 357 1578 creber
376 1551 475 1585 quippe
493 1550 561 1577 artis
584 1549 710 1577 oratoria:
733 1548 841 1582 figuris;

54 1596 155 1631 quales
169 1598 195 1622 in
212 1578 292 1623 tomis
308 1578 396 1623 nullas
416 1578 533 1622 admittit
550 1594 691 1630 Origenes,
707 1578 765 1621 non
776 1593 843 1620 tnul-
858 1578 879 1607 ο

55 1648 98 1669 tas
127 1642 153 1668 in
174 1641 303 1668 ltomiliis.
325 1641 463 1674 Discrepat
478 1648 586 1675 quoque
605 1639 767 1667 sententiis:
782 1647 843 1666 naut

54 1688 107 1715 lib.
118 1695 137 1714 Il
152 1686 291 1714 Christum
308 1686 346 1713 ait
361 1686 524 1721 praedicasse
536 1685 622 1712 trilms
636 1684 716 1711 annis
727 1688 755 1711 et
766 1683 845 1710 dimi-

53 1731 119 1764 dio;
147 1738 209 1757 cunt
235 1730 365 1765 Origenes
390 1730 436 1757 lib.
466 1738 492 1757 tv
511 1729 580 1763 Περὶ
601 1728 711 1763 ἀρχῶν,
741 1735 801 1762 cap.
818 1728 844 1760 ι.

54 1781 133 1801 num.
151 1773 178 1807 5,
198 1778 225 1801 et
240 1774 332 1802 ltomil.
352 1774 396 1807 52,
417 1774 445 1800 in
457 1773 536 1806 Lua,
554 1781 626 1800 anno
642 1774 772 1800 duntaxat
792 1781 845 1800 uno

54 1827 120 1846 cum
134 1819 237 1852 aliquot
262 1819 401 1846 mensibus
418 1819 442 1846 id
458 1819 579 1846 ntuueris
591 1818 728 1846 Christum
745 1817 845 1845 obiisse

56 1865 144 1892 dicat.
160 1865 222 1892 Post
236 1865 343 1892 Arianze
368 1865 504 1893 haereseos
521 1869 644 1892 exortum
659 1863 803 1899 prodiisse,
819 1869 847 1890 ct

55 1911 95 1938 ab
105 1910 208 1939 Ariano
231 1911 340 1945 quidem
365 1910 449 1938 fuisse
475 1911 604 1944 scriptunt
622 1909 765 1937 manifeste
789 1909 847 1937 hate

56 1957 190 1984 evincunt
198 1955 221 1971 “
235 1964 242 1983 :
258 1965 267 1983 ι
282 1955 343 1982 ’l‘ria
365 1963 467 1982 cornua
487 1955 550 1982 fecit
576 1953 699 1981 diabolus
712 1953 739 1980 in
753 1957 844 1988 typum

57 2007 142 2037 atque
172 2003 284 2037 lignram
317 2002 459 2037 triouyma:
486 2001 559 2028 illius
592 2005 687 2031 sectrc.
713 2000 847 2034 triutuqne

58 2048 173 2074 deorum
197 2046 319 2079 heresis,
347 2054 407 2081 qua:
432 2046 588 2073 universum
603 2046 696 2073 orbem
725 2050 805 2073 teme
821 2046 846 2072 itt

59 2094 170 2121 modum
200 2093 372 2120 tenebrarum
401 2093 524 2127 replevit,
541 2100 601 2127 quae
627 2091 747 2125 Patrem,
762 2097 789 2119 et
804 2091 847 2119 Ρι-

59 2139 140 2170 lium,
157 2143 185 2165 et
198 2138 328 2173 Spiritum
344 2143 469 2165 sanctum
485 2138 631 2172 aliquando
649 2142 778 2172 tanquam
793 2141 848 2164 tres

58 2186 137 2218 colit,
158 2192 354 2219 nonnunquam
381 2191 463 2211 unum
491 2183 596 2216 adorat,
620 2183 847 2218 quemadmodum

896 265 1001 293 tensus,
1019 260 1098 288 tertia
1110 260 1215 288 decima
1235 259 1278 288 die
1293 264 1336 287 est
1351 264 1568 291 consummatus,
1584 258 1683 293 aliique

894 306 1029 334 innumeri
1057 307 1146 334 sancti
1177 311 1312 342 martyres
1341 306 1438 333 eodem
1464 306 1543 334 modo
1568 311 1682 334 mortem

895 358 1068 381 transeuntes
1086 354 1264 381 consummati
1285 358 1358 381 sunt.
1372 363 1381 379 ι
1407 353 1443 381 Ex
1473 353 1570 388 quibus
1593 354 1684 388 conje-

893 405 967 427 ctura
984 401 1067 428 ducor
1081 400 1114 427 ad
1130 401 1319 435 suspicandum
1331 401 1420 435 operis
1438 400 1522 434 hujus
1540 405 1681 428 auctorem

894 453 927 472 ex
946 453 980 473 eo
992 453 1053 473 esse
1065 453 1164 481 genere
1179 446 1353 476 Arianorum,
1372 446 1418 480 qui
1435 445 1546 473 Luciani
1561 445 1682 481 discipu-

893 490 933 517 los
947 497 1006 517 sese
1015 491 1218 524 proﬁtebantur,
1230 496 1256 518 et
1265 491 1425 519 Lttcianistae
1437 492 1488 519 dici
1499 491 1635 519 amabant.
1646 491 1683 519 De

894 536 935 563 ltis
944 537 980 563 ita
993 536 1155 570 Epiphanius
1164 537 1229 564 ltzer.
1242 544 1332 570 Luvt,
1340 544 1398 572 cap.
1408 538 1440 565 ὃς
1450 538 1480 564 Ol
1490 537 1599 573 μὲνγὰρ
1609 537 1683 565 ἄλλοι

892 582 946 608 τῶν
965 582 1110 618 Ἀρειανῶν
1124 582 1177 609 τῶν
1189 583 1243 610 ἀπὸ
1254 583 1406 610 Λουκιανοῦ
1415 592 1457 615 τε,
1474 585 1521 610 καὶ
1529 584 1683 620 Ὠριγένους

893 627 1027 655 λαϐόντων
1044 628 1093 663 τὴν
1109 628 1256 664 πρόφασιν,
1273 630 1416 664 γεγονότες
1431 629 1684 666 ἆμαἏστερίῳτινὶ

894 674 948 701 ἀπὸ
965 675 1100 709 σοφιστῶν
1117 675 1184 706 ὄντι,
1200 676 1344 702 ἐκπεσόντι
1362 685 1392 702 τε
1413 677 1443 702 ὲν
1467 675 1506 712 τῷ
1519 675 1632 712 διωγμῷ
1644 676 1683 712 τῷ

894 719 940 746 ἐπὶ
954 720 1127 756 Μαξιμιανοῦ
1149 721 1286 755 γεγονότι.
1318 731 1326 746 ι
1340 721 1391 748 Alii
1408 721 1480 749 enim
1505 729 1539 748 ex
1563 722 1683 753 Ariauis,

894 766 928 793 Is
943 767 988 801 qui
1010 775 1024 793 a
1043 767 1162 794 Luciano
1176 772 1202 794 ct
1217 768 1333 802 Origene
1346 769 1594 796 doctriuam'suam
1606 776 1684 795 acce—

894 817 1002 847 pcraut,
1020 813 1155 847 conjuncti
1180 814 1286 841 Asteria
1310 814 1415 841 cuidam
1435 815 1468 841 de
1485 822 1566 849 grege
1587 815 1682 849 sopiti-

900 861 1016 888 starunt,
1033 858 1078 891 qui
1093 857 1119 884 in
1137 859 1322 891 persecutione
1341 858 1497 885 Maximiani
1510 866 1524 885 a
1543 858 1593 886 lide
1607 858 1682 886 defe-

895 907 980 929 cerat.
993 912 1003 927 ι
1020 902 1192 938 Quapropter
1205 903 1310 936 Ariani,
1326 903 1422 930 deinde
1438 903 1599 931 Lucianistaa
1616 911 1684 930 nun-

894 948 984 982 cnpati
1008 952 1081 979 sunt,
1100 952 1129 974 ut
1151 953 1264 982 apparet
1288 956 1321 976 ex
1353 948 1437 976 Mario
1453 948 1593 976 Victorino
1609 949 1656 977 lib.
1673 958 1681 978 ι

894 993 1018 1020 adversus
1031 993 1158 1021 Arianae.
1173 994 1223 1026 Qui
1241 1000 1330 1021 autem
1343 994 1497 1022 Colutltiani
1509 995 1679 1030 appellaban-

897 1043 950 1070 tur,
967 1046 1019 1066 non
1038 1046 1052 1065 a
1069 1038 1189 1066 Lttciano
1209 1039 1255 1066 illo
1278 1044 1422 1068 traxerunt
1446 1048 1554 1073 nomen,
1579 1045 1608 1068 ut
1622 1041 1683 1075 opi-

900 1085 955 1110 natl
971 1088 1032 1111 suttt
1046 1083 1168 1119 quidam,
1184 1083 1232 1112 sed
1254 1092 1268 1111 a
1290 1084 1405 1112 Colutho
1426 1085 1604 1113 ltaaresiarcha
1626 1085 1682 1112 Arii

893 1129 979 1160 socio,
991 1128 1067 1162 cujus
1089 1129 1397 1165 meminitlEpiphanius
1417 1130 1481 1158 inter.
1495 1137 1569 1162 thx,
1581 1137 1641 1164 cap.
1655 1130 1681 1157 2.

896 1175 1104 1210 Distinguantur
1125 1183 1207 1211 porro
1225 1176 1252 1204 hi
1266 1175 1431 1204 Lucilnistze
1456 1177 1488 1204 ab
1510 1177 1570 1204 aliis
1589 1175 1684 1204 Lucis-

895 1221 985 1255 nistis,
1003 1221 1114 1249 Luciani
1141 1222 1282 1257 cujusdam
1298 1222 1461 1257 antiquioris
1491 1228 1519 1250 et
1540 1222 1684 1251 Marcionis

896 1266 1034 1302 discipulis
1050 1287 1059 1298 .
1074 1267 1150 1301 cujus
1171 1267 1296 1295 haeresim
1312 1267 1480 1303 Epiphanius
1503 1268 1682 1303 persequitur.

895 1312 1062 1347 Scriptorem
1090 1314 1170 1339 tritttn
1198 1312 1328 1340 librorum
1364 1313 1392 1339 in
1421 1312 1531 1344 lobum,
1554 1312 1682 1340 Latinum

893 1358 1031 1385 eristimat
1041 1357 1180 1390 Erasmus,
1195 1364 1312 1393 cumque
1323 1365 1384 1386 esse
1398 1357 1577 1385 Maximinum
1591 1358 1684 1386 hario-

894 1403 974 1435 latur,
995 1404 1072 1438 cujus
1093 1408 1202 1431 exstant
1217 1404 1414 1438 disputationes
1441 1411 1502 1431 cutn
1517 1403 1683 1439 Augustino:

897 1448 1010 1477 «Fuisse
1028 1448 1165 1482 Latinum,
1186 1448 1284 1484 inquit,
1308 1450 1439 1484 inprimis
1458 1450 1514 1484 ipse
1527 1449 1620 1484 operis
1632 1457 1679 1485 gn.

893 1501 953 1523 stus
970 1495 1071 1523 indicat
1082 1504 1088 1522 :
1099 1496 1143 1522 vix
1158 1495 1231 1523 enini
1247 1495 1392 1530 quisquam
1412 1496 1448 1522 ita
1461 1495 1606 1522 commode
1623 1502 1683 1522 Ver.

895 1543 926 1570 tit
938 1541 1042 1575 Grteca,
1058 1546 1087 1569 ut
1102 1542 1190 1569 oratio
1203 1541 1297 1569 Latina
1312 1549 1364 1568 non
1398 1541 1484 1576 sapiat
1498 1541 1595 1569 alicubi
1608 1548 1683 1568 sttatn

894 1590 1038 1624 ori-ginem.
1064 1587 1262 1622 Interpretatur
1287 1589 1422 1615 interdum
1448 1587 1558 1614 Graecas
1590 1594 1682 1619 voces,

895 1636 942 1663 sed
956 1635 993 1662 ita
1011 1638 1041 1661 ut
1056 1634 1183 1662 Latinum
1199 1641 1332 1668 agnoscas
1345 1641 1352 1661 :
1368 1633 1448 1660 veluti
1465 1640 1526 1659 cum
1541 1631 1620 1659 docet
1635 1639 1685 1659 nos

896 1679 962 1714 qttid
978 1683 1006 1706 ct
1021 1679 1109 1713 qualis
1121 1679 1156 1705 sit
1167 1678 1337 1706 adantantus.
1355 1686 1364 1702 ι
1380 1677 1425 1704 Sic
1437 1684 1466 1703 se
1486 1677 1566 1703 habet
1583 1677 1628 1704 ille
1643 1676 1684 1704 lo-

895 1732 944 1752 cus
952 1724 994 1751 ³⁸;
1016 1733 1026 1750 ι
1040 1724 1159 1751 Adamas
1176 1731 1241 1751 vero
1257 1723 1448 1758 interpretatur
1467 1730 1499 1749 ex
1521 1722 1614 1749 Graeca
1630 1722 1684 1749 litt-

895 1778 956 1807 gua.
975 1770 1154 1802 indomabilis,
1172 1769 1334 1801 inﬂexibilis,
1364 1768 1584 1800 incomminutus,
1599 1777 1609 1794 ι
1624 1772 1679 1795 etc.

895 1816 1000 1844 Addere
1022 1820 1128 1850 poterat
1146 1819 1173 1843 et
1195 1815 1308 1842 alterum
1328 1822 1408 1849 supra
1431 1822 1446 1841 a
1468 1814 1545 1840 nobis
1560 1813 1685 1848 deprom.

898 1867 984 1897 ptum,
1000 1869 1053 1897 quo
1077 1861 1146 1889 ludit
1161 1861 1188 1888 in
1210 1867 1278 1888 voce
1295 1859 1442 1893 Lucianus,
1459 1867 1575 1894 eumque
1590 1867 1605 1886 a
1619 1859 1678 1887 luce

896 1909 996 1936 dictum
1010 1909 1114 1936 scribit.
1129 1908 1240 1936 Erasmo
1256 1908 1360 1935 assensi
1373 1912 1436 1934 sunt
1452 1906 1586 1933 Robertus
1597 1906 1684 1934 Cocus

898 1955 924 1982 itt
941 1954 1071 1987 Censura.
1090 1959 1118 1982 et
1131 1954 1286 1982 Edmundus
1308 1953 1465 1981 Albertinus
1492 1953 1518 1979 in
1543 1959 1625 1988 opere
1645 1952 1684 1979 De

896 2005 1060 2028 sacramento
1088 2000 1265 2027 Euchariuiw
1277 2000 1310 2027 ³⁷.
1330 2000 1382 2027 Sed
1405 2000 1467 2033 Quis
1496 1999 1584 2026 ncscit
1601 1999 1685 2026 inter-

898 2053 1004 2083 pretttm
1024 2047 1177 2078 audaciam,
1195 2051 1336 2073 auctorum
1353 2044 1527 2071 sertuouibus
1549 2051 1597 2071 sua
1610 2051 1685 2070 cont-

899 2098 991 2120 menta
1008 2093 1181 2127 interponere
1199 2091 1369 2119 amantium?
1393 2090 1516 2118 Graecum
1532 2097 1593 2118 esse
1617 2090 1685 2118 scri-

899 2146 1007 2176 ptorem
1033 2140 1129 2175 probat
1159 2138 1318 2173 interpretis
1347 2137 1488 2172 Prologus,
1505 2144 1559 2171 quo
1586 2136 1683 2163 librttnt

901 2188 973 2214 hunc
989 2187 1095 2222 aliquos
1114 2191 1177 2214 ante
1193 2193 1223 2213 se
1238 2185 1336 2213 Latine
1353 2184 1466 2211 vertisse
1489 2183 1581 2210 tradit.
1595 2182 1685 2210 Prolo-

59 2232 218 2277 ονωεῡίςιιιιι
241 2230 330 2265 Ιίηῧυίι
354 2234 530 2277 ἰξεξιιςιηιξπι
551 2228 660 2262 Τι’ῖεάὲν
681 2228 722 2277 Ve}
750 2228 848 2256 Homu-
863 2248 886 2277 υ
900 2242 962 2270 gum
975 2241 990 2261 a
1005 2233 1123 2260 librariis
1143 2232 1308 2267 suppositum
1337 2230 1440 2257 divinat
1469 2229 1607 2261 Erasmus,
1624 2228 1685 2254 nul-

60 2278 134 2306 siou.
164 2276 245 2303 Istam
275 2283 340 2310 ergo
363 2275 506 2302 Trinitatis
531 2278 685 2306 sectam,et
710 2274 847 2306 haeresim,

61 2328 145 2358 atque
171 2322 355 2349 inﬁdelitatem
377 2320 434 2355 jaru
459 2320 525 2347 olitn
549 2321 584 2347 de
600 2320 680 2353 longe
702 2319 849 2355 designans

59 2368 267 2396 versutissimus
279 2367 324 2395 ille
338 2367 464 2394 diabolus
479 2366 529 2393 tria
547 2373 648 2393 cornua
666 2365 739 2393 misit
753 2366 786 2392 ad
799 2365 849 2393 Job

59 2415 279 2450 depratdandutn.
301 2414 347 2442 Sic
370 2421 486 2448 namque
506 2413 588 2440 etiam
614 2419 685 2439 nunc
698 2418 848 2439 memorata

61 2462 198 2496 trionyma
215 2460 327 2488 haeresis
349 2459 500 2495 praesertim
516 2459 653 2494 prtedatur
665 2463 746 2493 atque
762 2465 847 2492 expu-

61 2512 126 2543 gnat
142 2506 304 2535 Ecclesiam.
320 2517 329 2533 ι
349 2506 460 2534 Luciani
479 2505 607 2541 martyris
616 2513 676 2532 cum
696 2505 774 2532 laude
791 2512 850 2532 me-

61 2553 150 2586 minit,
168 2552 294 2588 Origeuis
310 2552 477 2587 temporibus
489 2551 574 2579 ntulto
590 2551 769 2579 recentioris:
786 2561 796 2576 ι
812 2551 850 2579 Ita

60 2603 266 2625 consummatus
285 2603 338 2630 est,
355 2598 483 2632 inquit".
499 2598 594 2625 beatus
619 2602 700 2631 atque
718 2597 851 2631 gloriosus

60 2644 210 2675 Luciattus,
220 2643 326 2672 lucidus
343 2644 409 2676 vita,
424 2644 527 2670 lucidus
538 2648 566 2670 et
576 2643 640 2675 ﬁde,
651 2642 757 2670 lucidus
767 2643 850 2670 etiatn

61 2692 215 2720 tolerantia
229 2692 474 2719 consummatione.
493 2692 533 2720 0b
550 2692 601 2719 hoc
622 2691 695 2719 enim
716 2690 852 2719 Lucianus

60 2738 271 2773 cognominatus
297 2740 348 2771 est,
373 2741 502 2772 tanquam
530 2737 647 2771 lucidus,
668 2743 714 2764 aut
743 2737 852 2772 proprio

60 2784 165 2812 lumine
187 2784 238 2812 sibi
262 2783 384 2819 fulgens,
402 2788 448 2818 aut
466 2783 526 2810 aliis
545 2783 649 2811 lucens.
666 2783 717 2811 llic
737 2791 853 2818 namque

98 2868 123 2884 ⁸⁵
136 2866 196 2894 Lih.
213 2875 232 2899 ι,
255 2875 280 2900 p.
295 2867 357 2896 870.
375 2867 426 2895 col.
441 2867 469 2894 ε.

61 2904 113 2932 lin.
129 2902 156 2930 in
171 2902 438 2931 Ezaminelestiman.
455 2901 530 2938 Orig.
543 2909 601 2937 cap.
621 2903 645 2930 L

523 2866 545 2883 "
560 2865 664 2904 Lib.ru,
693 2876 719 2904 p.
737 2867 800 2902 885,
823 2868 874 2896 col.
894 2868 920 2897 2.

902 2281 935 2308 lis
957 2280 998 2307 Vel
1021 2279 1123 2307 levibus
1138 2277 1320 2314 argumentis;
1337 2281 1504 2311 repugnante
1517 2275 1600 2302 etiam
1623 2274 1684 2310 styli

902 2327 1043 2361 tttriusque
1068 2325 1253 2360 congruentia.
1282 2322 1397 2350 Ell‘renis
1426 2322 1558 2356 profecto,
1583 2322 1682 2348 iterum

901 2371 973 2404 dico,
992 2376 1020 2398 et
1040 2370 1159 2406 projecta
1179 2369 1283 2396 Erasini
1311 2367 1461 2399 temeritas,
1484 2372 1606 2394 veterum
1629 2366 1683 2393 Pa—

901 2423 973 2444 trum
992 2417 1093 2451 scripta
1113 2415 1240 2443 ittanibus
1268 2414 1324 2441 suis
1340 2414 1503 2448 conjecturis
1529 2413 1566 2439 ita
1586 2411 1687 2446 permi-

909 2464 1026 2495 sceutis,
1045 2468 1076 2489 ut
1092 2462 1142 2489 nisi
1159 2461 1368 2488 contraivisscttt
1389 2459 1566 2493 posteriorum
1583 2457 1686 2485 theolo-

901 2516 995 2543 gorum
1020 2508 1118 2540 studia,
1135 2508 1180 2534 vix
1199 2513 1302 2535 certum
1332 2505 1432 2540 aliquid
1455 2506 1488 2532 de
1510 2503 1687 2531 adolescentis

908 2553 1037 2582 Ecclesiae
1061 2554 1184 2580 doctrina
1201 2558 1321 2580 statuere
1345 2558 1492 2588 possemus.
1508 2550 1607 2578 Scribit
1622 2549 1688 2576 Pos-

907 2600 1019 2628 sevinus
1047 2599 1073 2626 in
1097 2599 1196 2633 Appar.
1219 2607 1331 2626 sacrant.
1361 2599 1387 2626 in
1413 2597 1527 2628 Hilario,
1550 2596 1689 2623 dubitasse

904 2645 1058 2676 nonnullos,
1074 2651 1164 2672 annon
1181 2643 1284 2671 Hilario
1311 2645 1445 2671 tribuendi
1459 2647 1551 2670 essent
1565 2642 1591 2669 hi
1609 2642 1689 2668 Com-

905 2691 1042 2720 mentarii.
1060 2691 1088 2719 id
1111 2691 1135 2718 si
1157 2690 1218 2726 quis
1235 2691 1338 2722 credet,
1359 2690 1488 2717 Hilariaui
1516 2697 1578 2717 cum
1593 2688 1691 2716 chara-

905 2737 989 2765 cteris
1008 2737 1117 2771 penitus
1130 2736 1253 2772 ignarum
1278 2742 1337 2762 csso
1355 2743 1467 2763 necesse
1487 2739 1538 2762 est.
1553 2735 1690 2762 Adversus

905 2783 1022 2812 Arianos
1037 2790 1144 2812 summa
1166 2789 1228 2810 cum
1247 2781 1326 2809 laude
1346 2782 1454 2816 scripsit
1475 2781 1605 2815 Hilarius,
1624 2788 1691 2816 quc.-

973 2867 998 2884 ³⁸
1012 2867 1070 2896 Lib.
1090 2875 1120 2901 ll,
1146 2874 1172 2902 p.
1196 2865 1258 2900 88’},
1275 2865 1327 2894 col.
1341 2865 1365 2892 i.
1405 2864 1426 2880 ³⁷
1443 2862 1575 2891 Edmund.
1591 2862 1689 2890 Alber-
