1908 3071
232 99 300 126 1275

871 98 900 125 Ρ.
922 97 1079 125 DANIELIS
1100 98 1217 126 llllE'l‘ll

1786 102 1842 128 1276

233 169 291 188 1·υιιι
318 161 368 188 iste
388 161 545 194 partiarium
571 168 600 188 se
623 161 724 196 prodit.
752 161 791 187 Ad
813 162 869 188 haec
899 161 965 188 nihil
990 162 1015 187 in
1031 162 1056 190 Α
1072 161 1169 195 llejicit
1184 169 1229 187 eos
1248 162 1364 196 scriptor
1378 162 1478 196 operis,
1495 162 1539 196 qui
1556 161 1610 188 Dro
1627 161 1771 188 humanam
1787 164 1842 196 ligu-

232 206 360 233 Geuesim
378 206 520 240 scripsisse
540 207 625 233 fertur
649 206 779 238 llilarius,
796 207 820 233 in
837 215 916 240 quam
933 215 961 234 se
977 207 1017 233 lu-

232 254 362 280 euhrasse
379 252 468 286 aliqua
482 257 598 279 testatur
614 253 665 280 iste
674 258 779 280 auctor.
797 253 926 280 Eamdcm
941 260 1016 285 vero,

231 303 261 326 ut
283 304 311 326 et
334 299 433 326 librum
459 297 532 330 Jobi,
553 299 644 326 nmltis
671 303 833 333 exposuerat
866 299 1015 333 Origenes;

233 346 303 372 unde
323 345 385 372 data
405 345 521 372 fortasse
536 346 642 373 occasio
658 346 730 372 .libri
749 346 828 373 istius
848 346 909 372 huic
929 346 1016 373 ascri-

232 392 329 425 hendi;
351 400 411 420 cum
432 393 584 427 praesertim
614 392 640 419 in
660 393 803 427 allegorias
826 400 1017 427 nonnunquam

232 443 369 466 excurrat.
384 439 480 474 Arguit
492 440 619 466 Erasmus
634 447 666 466 ex
685 439 779 466 horum
795 439 924 466 librorum
939 438 1016 465 clau-

233 485 292 512 sula
317 492 368 511 non
398 485 512 512 ulterius
533 493 703 520 progressum
731 485 815 512 fuisse
843 486 1016 519 scriptorem,

238 530 302 558 licet
321 531 364 558 vix
378 536 458 565 caput
479 531 537 558 .lobi
562 531 669 559 tertium
691 532 831 566 attigerit:
845 540 860 558 a
876 540 927 567 qua
942 532 1020 566 equi-

233 577 292 603 dem
308 577 443 604 sententia
462 585 514 604 non
531 579 638 605 recedo.

268 623 310 652 ΙΙΙ.
332 623 510 652 Posteriorem
526 624 757 652 Commentarith
775 627 801 653 in
814 626 864 653 Job
891 633 906 653 e
919 625 1020 653 Biblio-

234 668 318 695 theca!
342 668 433 703 Regia
457 670 594 698 codicibus
610 671 753 698 Perionius
782 671 876 698 Latina
894 672 1019 699 oratione

234 714 352 741 donavit.
371 715 428 742 Alia
444 723 551 750 quoque
572 717 635 744 alibi
659 718 834 752 reperiuntur
848 718 907 752 ejus
926 725 1021 745 exem-

235 759 328 792 plaria.
357 759 439 786 Multo
464 763 554 788 minus
581 761 707 797 Origenis
742 763 816 789 illum
843 770 903 790 esse
934 763 1018 794 dicas.

234 813 314 840 quam
335 807 440 841 priores
467 808 549 838 libros
574 814 648 836 tres:
665 817 725 836 nam
756 817 844 844 neque
872 814 1018 841 tomornm,

234 860 320 887 neque
344 854 513 881 homiliarum
526 877 533 888 ,
552 863 640 889 neque
665 855 829 882 scltuliorutn
852 856 951 891 stylnm
971 864 1015 883 sa-

235 901 291 934 pit;
314 908 400 936 neque
415 902 526 929 divertit
547 910 660 937 usquam
683 903 710 929 in
728 902 882 938 allegorias,
900 908 927 930 et
949 908 1020 930 totus

232 952 274 974 est
296 948 321 974 in
344 949 538 982 perserutamlo
553 948 652 976 litterae
667 956 761 980 sensu,
777 953 805 975 ut
822 956 924 976 meram
940 957 1021 983 para—

234 993 355 1027 phrasim
381 1001 441 1021 esse
464 994 549 1021 dicas.
576 994 677 1022 Mosem
701 995 760 1022 libri
782 994 833 1022 Job
860 996 1020 1030 scriptorem

233 1047 294 1066 esse
323 1040 421 1067 asserit
444 1040 469 1066 in
493 1040 671 1075 Prologozat
695 1042 768 1075 prior
795 1041 1020 1069 Commentarius

235 1085 359 1112 eumdent
377 1093 390 1112 a
408 1085 486 1118 Jobo,
504 1087 546 1114 vel
571 1086 630 1113 Jobi
654 1088 750 1114 amicis
771 1087 904 1122 Syrorum
931 1087 1020 1122 lingua

237 1131 381 1164 scriptum,
400 1140 415 1158 a
437 1131 529 1167 Moyse
549 1132 574 1159 in
596 1132 756 1160 Hebraicam
774 1133 893 1168 linguam
910 1141 1022 1161 conver-

236 1184 295 1204 sum
318 1178 409 1205 tradit.
431 1177 505 1206 Unde
529 1178 644 1206 elltcitur
659 1179 818 1206 alterutrum
842 1181 936 1207 saltent
954 1189 1021 1215 opus

236 1223 362 1258 Origenis
376 1231 428 1251 non
440 1231 509 1251 esse.
526 1223 654 1251 Neutrum
677 1232 740 1252 vero
759 1225 818 1260 ejus
832 1233 891 1252 esse
907 1227 1022 1253 edicitur

233 1277 267 1296 ex
289 1277 321 1296 eo
344 1270 415 1304 quod
439 1269 536 1296 librum
555 1268 614 1296 Jobi
636 1269 727 1304 Moyse
753 1271 936 1304 antiquiorem
960 1279 1020 1298 esse

236 1315 319 1341 t-radit
338 1315 407 1342 libro
427 1323 452 1342 vn
475 1321 567 1342 contra
583 1315 666 1348 6e13,,
681 1324 754 1343 mnn.
770 1316 816 1348 M,
831 1321 858 1344 et
869 1317 940 1351 quod
956 1316 1021 1344 Plii-

235 1359 338 1386 (utalia:
360 1359 448 1394 capite
472 1359 499 1391 5,
514 1360 599 1387 libros
621 1361 752 1388 duntaxat
766 1362 886 1396 quinque
899 1362 1018 1398 Moysen:

236 1405 380 1440 reliquisse
397 1405 513 1432 allirmat
538 1406 605 1441 (16).
625 1407 690 1434 Cum
709 1407 835 1442 Origenis
858 1410 1020 1436 sententiam

235 1451 269 1478 de
297 1451 431 1478 sideribus
461 1459 542 1485 supra
570 1453 794 1486 exploraremus,
818 1454 1021 1482 observavimus

1074 216 1130 233 ram
1145 206 1275 242 al‘lingunt
1292 217 1298 234 :
1314 216 1372 234 eam
1392 208 1515 235 haeresim
1535 209 1636 235 acriter
1649 208 1724 234 ultus
1739 212 1779 234 est
1789 208 1840 235 Ori-

1078 261 1169 288 genes.
1186 254 1335 286 Quomodo
1351 254 1459 289 angelos
1479 255 1604 281 custodes
1620 254 1740 282 admittit
1753 260 1841 285 auctor,

1074 300 1192 326 admittit
1212 304 1238 326 et
1258 299 1398 334 Origenes.
1420 300 1558 327 Christum
1572 300 1739 335 patriarchis
1751 305 1776 327 et
1793 308 1843 335 pro-

1073 346 1162 380 phetis
1178 345 1283 373 Veteris
1299 345 1465 373 Testamenti
1477 347 1644 380 apparuisse,
1660 350 1741 380 atque
1753 347 1786 373 ita
1797 355 1842 374 me-

1069 392 1199 419 dia:orem
1217 393 1263 419 Dei
1277 397 1305 419 et
1322 392 1462 419 hominum
1479 392 1529 419 hoc
1550 397 1673 426 tempore
1694 392 1776 419 luisse
1795 394 1841 428 opi-

1070 443 1151 465 natur
1172 444 1282 470 auctor;
1305 439 1433 473 opinatur
1460 444 1488 466 et
1512 438 1654 474 Origenes.
1686 439 1773 466 Astris
1797 440 1841 466 vim

1069 491 1129 511 esse
1143 485 1325 520 σημαντικήν,
1341 493 1392 512 non
1406 484 1619 520 ἀποτελεστικήν
1634 484 1731 512 deﬁnit
1747 488 1840 516 auctor;

1071 529 1164 556 delinit
1181 534 1209 556 et
1231 529 1374 564 Origenes.
1401 529 1492 556 Facile
1514 530 1606 564 itaque
1633 536 1780 557 consensus
1805 530 1841 557 ille

1071 577 1160 603 lucum
1179 576 1252 603 fecit.

1106 622 1315 657 Snbjuuguntur
1336 623 1361 649 in
1391 622 1494 650 Grzceis
1521 622 1686 657 quibusdam
1712 622 1840 653 codicibus,

1071 671 1136 697 etin
1156 670 1244 702 prima
1269 668 1435 697 Genehrardi
1452 669 1570 696 editione
1598 668 1719 695 homiliae
1736 673 1840 701 quatuor,

1071 723 1131 749 quae
1147 715 1274 749 quoniam
1287 715 1473 750 Chrysostoiui
1501 721 1560 741 esse
1587 714 1764 748 deprehensa:
1783 721 1840 745 sunt,

1073 762 1099 788 in
1118 761 1320 788 recentioribus
1342 761 1505 788 editionibus
1518 760 1628 787 luerunt
1642 759 1829 794 prattermissa.

1109 807 1210 835 Praeter
1225 809 1362 842 geminum
1379 807 1451 834 illmu
1468 807 1704 834 Commentariun]
1723 808 1748 834 in
1762 808 1841 834 librum

1072 855 1144 888 Jobi,
1161 855 1258 882 scribit
1278 854 1440 882 Laurentius
1464 854 1622 881 Huiufridus
1642 855 1668 880 in
1692 853 1803 888 Epislola
1816 856 1843 880 ad

1073 901 1217 928 Antonium
1240 900 1356 932 Canum,
1372 908 1431 935 quae
1459 900 1624 927 Erasmiana:
1652 900 1777 934 Origeuis
1799 901 1843 927 edi-

1073 947 1139 974 tioni
1154 947 1264 981 prmﬁra
1279 951 1331 979 est,
1347 946 1537 980 Hieronymum
1553 946 1720 973 Frobenium
1733 951 1760 973 et
1780 945 1843 973 Nico-

1073 994 1144 1021 laum
1158 994 1342 1028 Episcopinm,
1358 1001 1372 1020 a
1387 995 1484 1028 quibus
1498 993 1573 1027 prelo
1587 992 1737 1020 commissa
1750 998 1787 1020 est
1799 993 1843 1020 haec

1075 1042 1169 1073 editio,
1187 1040 1423 1068 adnotatiunculas
1447 1040 1575 1072 quasdam
1592 1039 1618 1065 in
1633 1038 1734 1066 Jobum
1751 1040 1773 1066 ei
1788 1040 1844 1066 inse-

1074 1096 1133 1116 rere
1147 1088 1275 1117 noluisse.
1291 1086 1362 1120 quod
1384 1085 1530 1120 perbreves
1553 1090 1648 1112 essent
1663 1105 1670 1116 ,
1693 1090 1721 1112 et
1737 1084 1843 1119 Origenis

1072 1134 1180 1168 genium
1197 1140 1229 1159 ac
1244 1132 1343 1166 stylqu
1356 1138 1450 1165 parum
1463 1129 1585 1157 redolere
1600 1131 1692 1158 doctis
1702 1130 1842 1164 quibusdam

1074 1179 1237 1205 viderentur.

1108 1224 1152 1250 IV.
1183 1224 1211 1250 lu
1241 1223 1423 1257 manuscripto
1445 1221 1616 1248 Bibliotheca:
1648 1221 1742 1256 Regia:
1771 1221 1843 1248 codice

1074 1278 1172 1298 nomen
1199 1270 1325 1304 Origenis
1353 1268 1462 1303 pra-fert
1487 1273 1564 1295 vetus
1579 1267 1808 1294 Commentarimn
1824 1266 1842 1292 iu

1074 1316 1250 1352 Evangelium
1272 1314 1368 1341 Marci.
1393 1314 1502 1349 Legitur
1533 1321 1641 1347 quoque
1669 1313 1697 1340 in
1727 1312 1843 1339 Posseviui

1073 1364 1207 1397 Apparalu
1219 1361 1241 1377 ³⁵
1256 1361 1348 1388 haberi
1370 1361 1396 1387 itt
1410 1359 1556 1387 Oxoniensi
1572 1359 1740 1386 Bibliotheca
1758 1359 1844 1392 Corpo‘

1075 1411 1112 1437 ris
1126 1409 1240 1440 Christi,
1261 1407 1388 1442 Origenis
1406 1415 1473 1442 opus
1493 1407 1602 1441 aliquod
1615 1408 1642 1433 in
1664 1407 1791 1433 Marcum.
1802 1406 1843 1433 Cu-

1070 1455 1188 1489 jusmodi
1214 1455 1248 1482 sit
1273 1455 1343 1481 istud
1370 1461 1437 1488 opus
1456 1454 1580 1487 equidem
1606 1452 1718 1485 ignoro.
1738 1451 1807 1485 Quod
1819 1451 1843 1476 ad

237 1498 354 1525 animata
372 1506 433 1526 esse
450 1499 536 1534 ipsum
553 1501 711 1528 censuisse:
727 1507 821 1528 contra
841 1501 884 1528 hic
903 1503 1019 1537 scriptor
1032 1510 1055 1541 ρ
1075 1500 1186 1536 Regium
1214 1502 1321 1530 attinet,
1350 1498 1486 1525 nonnulla:
1506 1499 1532 1525 in
1551 1506 1584 1524 eo
1608 1498 1759 1532 allegorite,
1778 1498 1843 1524 multa

236 1544 331 1572 stellas
356 1545 448 1572 animo
469 1553 563 1573 carere
590 1546 694 1574 diserte
719 1552 868 1574 asseverat.
898 1547 1021 1575 Meminit

235 1595 364 1624 praeterea
392 1590 600 1619 litauit-lucorum
632 1597 658 1620 et
678 1592 788 1620 Luciani
812 1594 952 1629 martyris,
975 1595 1020 1629 qui

235 1637 351 1671 Origene
377 1637 488 1664 I‘uerunt
507 1639 684 1667 recentiores.
707 1640 813 1667 Alicubi
828 1648 891 1668 vero
908 1641 942 1667 ita
967 1642 1022 1668 dis-

236 1685 302 1712 serit
322 1694 328 1712 :
348 1695 357 1710 ι
370 1685 462 1719 Neque
483 1692 547 1720 ergo
563 1685 707 1721 ὀμοούσιον
722 1686 821 1721 aliqttid
846 1687 904 1721 ejus
920 1693 972 1721 est,
997 1689 1022 1715 id

234 1736 287 1763 est,
305 1730 423 1765 ejusdem
434 1731 577 1763 essentne;
594 1739 655 1758 enm
670 1731 742 1758 enim
755 1733 867 1760 interire
881 1741 933 1760 non
945 1741 1023 1768 ροριειιο

236 1776 353 1804 diximus
369 1784 377 1804 :
395 1784 483 1811 neque
507 1776 645 1812 ὁμούσιον,
662 1777 686 1804 id
711 1783 762 1809 est,
788 1779 866 1805 unius
879 1781 1021 1811 essentim;

235 1823 388 1857 comparari
408 1823 480 1849 enim
505 1831 558 1850 non
580 1827 689 1857 potest;
709 1832 718 1850 ι
733 1829 761 1851 et
784 1824 837 1851 alio
854 1825 933 1852 loco:
949 1834 958 1850 ι
972 1825 1024 1852 Rc-

236 1870 292 1897 cita
317 1871 374 1896 bzec
403 1873 430 1896 tu
454 1876 514 1895 cum
540 1869 644 1903 judicio
663 1869 732 1903 apud
759 1869 992 1898 llomoousiastas.
1011 1881 1020 1897 ι

236 1915 338 1948 Quibus
356 1914 471 1949 aliisque
494 1915 680 1948 compluribus
700 1915 818 1943 Arianus
842 1923 903 1943 esse
925 1917 1024 1944 intelli-

237 1968 309 1997 μαι·
324 1971 331 1988 :
348 1969 421 1994 nam,
440 1966 468 1988 ut
494 1961 532 1988 ait
544 1961 712 1996 Epiphanius
734 1962 798 1988 hter.
811 1971 884 1995 thx,
901 1971 961 1998 cap.
979 1963 1023 1996 70,

239 2015 291 2034 non
310 2013 364 2034 tam
381 2003 522 2034 bituminis
546 2008 658 2034 odorem
678 2007 776 2042 refugit
802 2016 925 2042 serpens,
943 2017 1023 2043 quam

237 2062 330 2082 vocem
357 2053 500 2089 ὁμοουσίου
521 2054 603 2081 Arius
629 2054 816 2081 aversabatur.
844 2054 1024 2087 Quamobrem

237 2101 391 2128 Catholicos
407 2099 672 2127 llomoousiastorum
687 2100 796 2127 nomine
809 2100 908 2127 Ariani
931 2102 1025 2128 tradu-

237 2147 347 2174 cebant.
366 2146 403 2173 Ex
433 2146 527 2173 eodetn
560 2146 644 2180 igitur
669 2145 832 2173 Arianorum
855 2146 1024 2174 Lucianista-

239 2200 297 2219 rum
314 2199 412 2226 genere
427 2190 520 2222 fuerit,
538 2198 553 2217 e
565 2198 619 2225 quo
634 2191 753 2224 scriptor
779 2198 860 2225 supra
884 2193 1024 2219 memorati

238 2237 330 2271 operis
344 2237 372 2262 in
385 2236 493 2269 Jobum,
508 2236 608 2270 quippe
624 2236 671 2270 qui
685 2235 795 2263 Luciani
809 2237 937 2272 tnartyris
949 2245 1025 2271 aeque

239 2283 402 2310 meminerit.
440 2283 486 2309 Sic
510 2287 600 2309 autern
625 2283 769 2316 existimo;
797 2283 1023 2317 quemadmodum

238 2329 410 2356 sublevanthe
443 2328 623 2355 lsraclitarum
637 2328 797 2361 calamitati.
813 2329 875 2355 dum
886 2329 1025 2364 Egyptia-

239 2385 297 2404 rum
323 2375 454 2403 servitute
480 2379 680 2409 premerentur,
707 2375 804 2403 librum
823 2374 873 2403 Job
897 2383 911 2402 a
935 2375 1024 2410 Moyse

238 2423 368 2457 scriptum
381 2425 524 2447 autumant
537 2420 679 2454 plerique;
693 2421 729 2447 ita
744 2421 886 2455 multiplici
900 2421 934 2447 ab
948 2422 1025 2447 Aria-

239 2468 282 2495 nis
301 2466 505 2495 Commentario
527 2467 652 2493 eumdem
680 2466 766 2494 fuisse
795 2467 970 2499 illustratum,
995 2475 1026 2495 ac

239 2513 375 2548 frequenti
400 2512 516 2540 lectione
540 2512 700 2543 contritum,
725 2512 814 2538 solatii
840 2513 939 2547 gratia,
964 2520 1025 2539 cum

242 2562 276 2589 ab
291 2561 416 2589 Ecclesia
437 2560 568 2587 catholica
597 2561 776 2587 auathematis
791 2564 819 2587 et
840 2560 964 2587 censuris
985 2568 1028 2586 ur-

241 2611 380 2641 gerentur.
409 2606 545 2639 Quzerenti
570 2610 659 2631 autem
691 2605 757 2634 mihi
785 2612 934 2639 ecquonam
948 2612 1027 2640 argu-

240 2657 332 2679 mento
359 2652 429 2680 liber
449 2654 499 2679 iste
517 2651 628 2686 Origeni
645 2651 815 2685 adjudicatus
828 2656 880 2683 est,
897 2651 1025 2678 nonnulla

240 2697 266 2724 in
286 2706 320 2725 co
348 2703 527 2726 occurrerunt
551 2697 724 2733 Origenianze
748 2697 879 2725 doctrina:
900 2698 1026 2732 vestigia,

241 2751 300 2777 qua:
313 2746 345 2771 ad
357 2745 408 2771 alia
422 2754 474 2772 non
488 2745 555 2772 satis
567 2749 699 2771 attentum
717 2744 845 2772 lectorem
861 2744 1026 2772 fefellerunt.

278 2789 299 2805 ³⁸
314 2790 448 2817 l’ossevin.
469 2790 565 2824 Appar.
581 2792 607 2817 in
622 2790 743 2825 Origene.

1073 1547 1244 1582 Origenianzc
1264 1546 1394 1573 doctrina:
1411 1545 1510 1577 atliuia,
1527 1552 1587 1579 qua:
1609 1544 1634 1570 in
1658 1543 1842 1571 Observationi-

1076 1593 1128 1619 bus
1154 1593 1186 1619 ad
1202 1592 1434 1619 Commentarium
1461 1591 1488 1618 in
1515 1589 1674 1617 Mattlucum
1702 1590 1843 1620 notavimus,

1074 1639 1218 1673 Origenem
1241 1637 1369 1664 videnlur
1396 1643 1537 1664 auctorem
1564 1637 1702 1664 indicare.
1722 1636 1772 1663 Sed
1790 1635 1843 1662 levia

1074 1686 1140 1716 haec,
1158 1689 1244 1719 praeut
1257 1692 1288 1710 ea
1303 1689 1366 1710 sunt
1380 1691 1439 1718 quae
1450 1683 1620 1710 contrarium
1639 1683 1772 1716 probant;
1785 1689 1842 1708 sum-

1074 1739 1116 1758 ma
1131 1731 1191 1766 styli
1204 1730 1396 1764 discrepantia,
1415 1734 1542 1756 constans
1556 1728 1685 1763 Origenis
1701 1728 1843 1755 consuetudo

1075 1777 1101 1804 in
1117 1776 1340 1807 Commentariis,
1357 1776 1397 1803 vel
1413 1783 1460 1810 per
1479 1780 1577 1807 tomos,
1594 1774 1637 1801 Vel
1656 1782 1707 1809 per
1730 1774 1841 1803 homilias,

1074 1824 1116 1850 vel
1135 1830 1181 1858 per
1205 1822 1308 1850 scholia
1336 1821 1501 1856 digerendis,
1517 1828 1634 1856 quorum
1652 1821 1688 1848 ad
1705 1820 1797 1848 nullum
1809 1827 1842 1854 ge

1076 1878 1127 1897 nus
1144 1870 1327 1904 expositiones
1347 1869 1405 1896 ista:
1430 1868 1525 1896 referri
1552 1873 1688 1903 possunt;
1717 1876 1773 1894 nam
1794 1873 1841 1901 pro-

1076 1916 1179 1943 lixitate
1205 1915 1306 1942 scholia
1330 1920 1472 1950 superant,
1496 1922 1511 1942 a
1535 1914 1617 1942 tomis
1634 1911 1841 1949 superantuer

1077 1962 1235 1989 homiletico
1261 1968 1326 1988 vero
1360 1968 1460 1995 genere
1488 1961 1597 1996 penitus
1621 1960 1759 1987 dill‘erunt.
1785 1959 1839 1985 Adde

1077 2007 1198 2042 proﬁteri
1213 2007 1381 2041 Scriptorem
1400 2007 1492 2041 operis
1510 2007 1568 2041 ipso
1585 2007 1677 2039 initio,
1694 2007 1839 2033 redacturum

1076 2062 1137 2081 sese
1155 2054 1181 2080 in
1204 2062 1286 2081 unum
1311 2062 1419 2088 corpus,
1434 2061 1495 2088 quae
1510 2054 1542 2080 ab
1557 2053 1689 2080 Ecclesia:
1711 2052 1839 2080 doctoribus

1077 2100 1194 2134 sparsim
1210 2100 1236 2126 in
1260 2100 1332 2126 lmnc
1356 2099 1558 2133 Evangelistam
1587 2100 1701 2126 fuerant
1720 2098 1838 2125 adnotata;

1079 2154 1139 2173 cum
1155 2146 1233 2173 multi
1249 2147 1274 2172 in
1294 2145 1448 2172 Manlianum
1468 2150 1496 2172 et
1508 2145 1654 2178 Joannem,
1671 2145 1746 2179 pauci
1766 2144 1787 2170 in
1800 2142 1837 2168 Lu-

1078 2201 1149 2224 catn.
1171 2193 1237 2220 nulli
1262 2194 1368 2228 penitus
1399 2193 1426 2220 in
1455 2192 1574 2219 Marcum
1600 2192 1633 2218 ad
1661 2199 1738 2219 suum
1758 2195 1840 2223 tempus

1079 2239 1252 2274 scripserint.
1279 2239 1404 2266 l’rol'erlo
1429 2246 1480 2265 non
1513 2238 1590 2264 tttttlti
1620 2243 1686 2264 ante
1719 2236 1838 2269 Origeuem

1080 2285 1247 2319 scripserant
1266 2284 1291 2311 in
1311 2283 1466 2310 Matlhaaum
1486 2289 1511 2310 et
1533 2282 1681 2315 Joannem;
1709 2287 1782 2315 atque
1799 2279 1839 2304 hiet

1080 2332 1231 2367 sequiorem
1246 2331 1418 2365 Origenianis
1438 2330 1603 2364 temporibus
1619 2333 1726 2355 tetatem
1743 2326 1837 2360 sapiunt.

1082 2378 1110 2405 Si
1126 2378 1214 2405 minus
1236 2377 1269 2404 ad
1295 2377 1463 2411 eripiendum
1480 2375 1588 2409 Origeni
1612 2374 1711 2400 librum
1729 2374 1790 2399 hunc
1803 2377 1838 2395 rn-

1078 2422 1322 2456 lentc0njecturae,
1345 2427 1372 2448 at
1385 2422 1485 2448 valebit
1508 2425 1582 2447 certe
1606 2419 1728 2446 codicum
1743 2422 1836 2444 veterum

1078 2470 1222 2501 dissensio,
1237 2477 1350 2503 quorum
1377 2468 1457 2501 aliqui
1485 2467 1586 2494 Victori
1610 2466 1771 2493 Autiocheno
1793 2467 1836 2488 euut

1080 2517 1218 2548 tribuunt;
1240 2516 1389 2550 cujnsmodi
1415 2520 1458 2542 est
1479 2515 1547 2541 liber
1562 2514 1670 2548 quidam
1696 2510 1836 2539 Bibliothec-‘t

1080 2561 1181 2596 liegiar,
1199 2561 1350 2596 cujusmodi
1370 2566 1398 2587 et
1413 2560 1458 2587 ille
1482 2560 1532 2587 fuit
1548 2559 1685 2586 Theodori
1697 2556 1787 2585 Peltani
1801 2554 1835 2580 So-

1081 2608 1187 2635 cietatis
1211 2608 1273 2635 Jesu
1301 2607 1429 2642 theologi,
1459 2607 1504 2642 qui
1533 2605 1758 2633 Commentariutu
1783 2598 1834 2627 istnd

1082 2653 1179 2680 Latine
1197 2662 1211 2680 a
1232 2661 1260 2681 se
1276 2654 1409 2681 redditum
1430 2653 1480 2680 sub
1495 2652 1614 2680 Victoris
1627 2651 1732 2678 nomine
1744 2646 1833 2683 publica-

1081 2700 1132 2726 vit.
1162 2699 1234 2727 Idem
1264 2700 1310 2726 alii
1333 2699 1433 2735 Cyrillo
1455 2698 1640 2726 Alexandrino
1659 2696 1759 2724 codices
1772 2690 1831 2720 ascri-

1083 2745 1166 2778 bunt;
1193 2746 1342 2780 cnjusmodi
1361 2746 1443 2774 ctiatn
1470 2745 1539 2772 alter
1568 2743 1735 2772 Bibliotheca
1759 2737 1831 2774 3901'-

279 2837 333 2872 (lli)
353 2837 418 2865 \‘idc
435 2844 498 2866 tom.
511 2847 523 2865 v
541 2839 693 2866 Comment.
716 2839 742 2866 in
755 2839 845 2874 Joan.,
862 2848 936 2868 nuttt.
948 2839 975 2873 2,
990 2849 1016 2875 p.
1034 2839 1079 2866 95.
