1908 3071
44 131 105 158 ῐεὶΤἹ

629 133 913 162 ORIGENIANORUM
935 135 1115 164 APPENDIX.

1589 135 1657 164 I278

42 191 92 216 Nec
114 189 200 216 titulis
224 190 309 217 solum
334 190 478 218 diversitas
498 191 577 224 inest,
601 193 647 220 sed
665 193 724 220 libri
740 194 820 220 etiam
836 195 858 223 Α
875 193 939 220 dere
954 193 1034 221 solet.
1058 193 1147 220 Nihilo
1169 193 1254 228 magis
1267 200 1327 220 cum
1345 191 1470 226 Origenis
1488 191 1658 227 dogmatibus

41 234 188 262 contextui.
207 235 235 262 In
252 235 395 263 Codicibus
408 236 532 269 Victoris,
548 236 589 264 vel
602 237 694 273 Cyrilli
713 239 822 265 nomine

41 281 189 315 inscriptis,
218 281 373 317 Origenem,
405 283 561 315 Eusebium,
588 283 822 319 Chrysostomum,

40 327 234 362 Apollinarium
271 334 298 356 et
331 329 502 358 Theodorum
535 331 649 361 citatos;
690 329 823 357 Catbaros

40 381 101 401 vero
115 374 257 402 haereticos
272 376 428 410 perstrictos
452 377 570 410 reperias
587 384 593 401 :
607 380 686 410 atque
702 376 759 402 lucc
774 382 821 401 no-

40 419 120 451 mina,
137 419 243 456 aliaque
267 421 362 453 multa,
376 429 452 449 erasa
466 421 586 449 oﬂ‘endas
605 422 638 449 ab
659 422 823 456 exemplari-

40 465 88 492 bus
109 472 172 500 quae
196 474 292 493 nomen
309 466 437 501 Origenis
452 467 477 494 in
494 467 584 495 fronte
598 473 704 502 gerunt.
717 467 782 501 Qute
799 468 822 495 si

39 511 98 544 quis
121 519 187 539 casu
205 513 350 548 contigisse
370 518 454 547 putet,
468 520 562 547 parum
585 514 630 541 ille
651 514 822 541 librariorum

39 555 180 583 audaciam
197 559 373 592 perspexerit.
392 559 456 586 Mihi
475 565 537 586 vero
557 566 618 586 cum
633 564 708 586 certo
719 564 825 587 constet

38 600 269 629 Commentarium
287 604 356 630 istud
375 612 426 631 non
446 611 505 632 esse
522 604 658 640 Origenis,
678 605 824 632 verisimile

41 645 68 672 lit
90 646 126 673 ab
146 647 178 674 iis
199 646 281 675 fuisse
303 648 506 682 interpolatum,
532 654 559 676 et
583 649 611 675 in
633 648 822 683 Origenianam

40 691 255 719 lueunrationem
279 696 416 726 reensum,
437 702 492 729 quo
517 694 624 722 facilius
652 694 768 723 lectores
781 689 825 723 vel

38 741 175 770 emptores
189 738 403 766 nancisceretur.

69 779 132 809 Jam
155 789 219 810 vero
245 783 282 809 uti
307 784 406 817 potius,
430 783 543 816 Victori,
570 791 604 811 an
633 784 744 820 Cyrillo,
773 785 823 812 tri-

37 827 174 855 buendum
195 829 229 855 sit
249 829 320 856 istud
338 829 570 857 Commentarinm
593 831 754 865 dijudicare.
771 832 821 858 etsi

875 239 1009 274 congruit.
1027 239 1108 267 Docet
1124 239 1254 274 Origenes
1267 238 1376 265 homilia
1400 238 1433 264 I4
1449 238 1475 264 in
1493 237 1589 264 Lucam
1603 237 1659 264 Ma-

874 284 942 311 riam
961 286 1062 319 apertis
1075 287 1144 312 uteri
1158 285 1430 312 claustrisChristnm
1445 284 1529 311 fuisse
1538 284 1658 316 enixam,

873 335 902 357 nt
919 338 999 365 supra
1017 339 1065 358 suo
1081 331 1140 358 loco
1153 331 1254 357 dictum
1270 335 1311 356 est
1328 339 1334 356 ε
1348 330 1483 357 contraria
1502 329 1592 356 omnia
1608 331 1659 356 hac

874 375 986 402 homilia
1010 380 1175 403 statunntnr.
1193 375 1275 402 Plane
1298 375 1388 408 itaque
1404 383 1455 401 non
1469 380 1510 401 est
1523 374 1658 408 Origenis.

874 420 1000 448 Latinum
1029 421 1187 454 scriptorem
1200 419 1287 455 stylus
1312 421 1410 454 arguit.
1437 419 1581 446 Auctorem
1595 418 1660 445 divi-

877 471 932 497 net,
945 466 968 493 si
994 466 1054 500 quis
1072 466 1199 493 hariolari
1226 470 1310 492 autat.
1339 465 1483 500 Heperitnr
1499 465 1543 492 illa
1560 465 1586 492 in
1605 464 1655 492 Le-

873 512 1008 540 ctionario
1021 512 1134 546 quodam
1155 512 1236 538 veteri
1253 512 1420 538 bibliothecae
1437 511 1534 543 ilegize.

908 558 943 584 At
965 557 1097 584 mirabilis
1120 563 1163 584 est
1192 565 1285 584 eorum
1314 562 1420 591 stupor,
1442 557 1486 591 qui
1511 557 1657 583 secundam

875 603 1014 631 bomiliam
1032 602 1141 638 Origeni
1166 603 1376 637 adjudicarnnt;
1409 611 1470 629 itaut
1497 607 1593 636 praeter
1605 607 1660 637 sty-

878 650 932 676 lum
949 650 982 676 ab
993 649 1155 684 Origeniano
1168 649 1248 683 genio
1265 649 1451 680 abhorentem,
1470 653 1497 675 et
1510 648 1658 675 clausulam

874 696 908 722 ab
933 694 1106 730 Origenianis
1128 695 1274 727 diversam,
1304 695 1466 722 Manichtros
1492 699 1520 721 et
1546 694 1661 720 Arianos

877 741 1004 777 Origenls
1019 741 1184 776 temporibus
1196 741 1363 776 posteriores
1382 741 1541 767 nominatim
1568 740 1661 774 appel-

874 787 921 815 Iat.
947 788 1044 815 Filium
1069 787 1138 814 Patri
1167 787 1308 823 ὁμοούσιον
1340 795 1400 814 esse
1426 787 1510 820 dicit;
1543 786 1661 821 Dionysii

875 833 1046 868 Areopagitze
1059 840 1140 868 opera
1162 834 1237 866 citat,
1253 841 1314 859 cum
1339 832 1464 867 Origenis
1477 837 1542 859 astas
1566 833 1616 859 hos
1631 833 1663 858 li-

37 878 77 900 est
92 878 193 907 praeter
207 874 373 907 institutum,
389 875 476 902 dicam
499 880 588 903 tamen
604 878 705 904 .obiter
720 876 822 904 Victori
840 867 859 895 Β
875 879 938 906 bros
951 867 1207 906 rll0lldtIllIrVitlIssel.
1227 878 1346 905 Hahetur
1364 879 1420 906 lucc
1439 878 1548 905 homilia
1563 879 1589 904 in
1606 886 1663 904 ma-

39 918 226 951 Verisimilius,
240 927 320 954 quam
341 920 442 956 Cyrillo
471 922 571 948 ascribi
586 931 592 949 :
614 929 664 950 nec
677 923 749 950 enim
763 923 824 950 Ori-

37 971 135 998 genem
151 969 204 991 tam
220 966 317 992 crebro
336 971 431 994 testem
448 974 463 993 a
486 967 586 1002 Cyrillo
607 968 753 1001 laudatum,
772 976 821 996 nee

35 1009 225 1045 Chrysostomi
251 1016 405 1046 usurpatam
426 1013 460 1040 ab
474 1020 508 1040 eo
532 1014 720 1042 auctoritatem
747 1015 824 1043 facile

37 1056 198 1089 putaverint.
230 1057 266 1083 De
294 1057 408 1084 Victoris
439 1063 518 1086 aetate
537 1059 713 1093 quaestionem
742 1059 823 1086 habet

39 1102 180 1136 Peltanus,
197 1108 224 1130 et
239 1103 346 1130 Juliano
368 1103 548 1138 antiquiorem
573 1112 633 1132 esse
657 1110 744 1139 putat,
764 1105 824 1131 ideo

38 1149 113 1182 quod
129 1149 263 1176 decimum
281 1150 389 1177 tertium
401 1150 484 1177 Marci
500 1156 580 1186 caput
595 1159 732 1186 exponens
760 1151 820 1179 fun-

37 1199 165 1223 damenta
183 1196 272 1231 templi
297 1204 438 1231 superesse
454 1197 543 1230 dicat;
570 1196 606 1224 ea'
626 1205 690 1225 vero
717 1197 825 1225 Juliano

38 1242 192 1276 imperante
209 1242 291 1268 fuisse
316 1242 430 1274 refossa,
449 1241 528 1276 juxta
544 1242 685 1277 Nicephori
703 1244 825 1271 testimo-

38 1287 116 1314 nium
140 1287 256 1321 :capite
286 1294 350 1313 vero
381 1289 502 1322 sequenti
527 1288 658 1316 Catharos
685 1289 826 1316 IIiL'I‘BIICOS

37 1332 175 1367 suggillet,
188 1340 301 1367 quorum
315 1333 427 1361 haeresis
445 1340 508 1361 ante
532 1335 601 1362 hanc
616 1339 722 1362 :etatem
738 1335 826 1363 fuerat

39 1379 74 1405 ab
91 1379 212 1405 Ecclesia
227 1379 377 1414 profligata.

74 1423 110 1452 V.
124 1425 202 1452 Circa
218 1425 353 1457 homilias,
372 1433 432 1459 qua:
455 1425 488 1452 In
513 1426 626 1452 diversos
652 1426 762 1453 inscribi
785 1433 828 1453 so-

40 1471 109 1503 lent,
124 1478 186 1498 ante
198 1472 288 1498 omnia
306 1473 452 1499 notandum
470 1478 511 1498 est
532 1472 615 1499 fuisse
632 1473 703 1506 ipsas
720 1480 734 1499 a
757 1472 826 1498 Mer-

40 1519 98 1544 lino
112 1525 144 1544 el
171 1517 252 1544 rariis
274 1517 341 1544 locis
366 1517 504 1548 collectas,
520 1523 593 1545 eteo
612 1518 757 1544 collocatas
779 1526 826 1544 or-

39 1564 115 1595 dine,
128 1571 182 1598 quo
199 1565 268 1590 inter
290 1571 319 1590 se
337 1564 472 1597 disposita:
488 1570 645 1591 cerntmtur.
665 1564 691 1590 Id
715 1565 772 1598 ipse
799 1564 825 1590 in

38 1609 159 1635 editione
176 1617 222 1635 sua
243 1609 276 1636 de
291 1609 324 1636 iis
341 1609 470 1642 pris-fatus
488 1615 539 1636 est.
556 1609 633 1642 Quod
658 1617 825 1642 prtemunen-

39 1656 94 1682 dus
116 1655 166 1682 fuit
186 1655 280 1687 lector,
296 1665 330 1683 ne
355 1656 471 1682 miretur
497 1657 634 1690 quomodo
663 1656 781 1688 diversa,
800 1661 826 1682 et

38 1709 137 1735 parum
160 1701 209 1728 sibi
229 1709 347 1735 congrua
367 1703 486 1729 membra
501 1702 528 1728 in
543 1710 624 1728 unum
645 1710 743 1735 corpus
761 1711 827 1730 con-

37 1748 178 1776 lluxerint.
206 1747 330 1783 Singulas
350 1757 420 1776 nunc
445 1756 566 1776 seorsum
585 1755 615 1775 ac
628 1748 764 1783 sigillatim
781 1756 828 1776 ex-

35 1795 186 1822 cutiamus.

77 1841 169 1868 Prima
184 1842 218 1869 ab
237 1841 363 1876 Origenis
373 1841 446 1876 ston
462 1842 570 1876 penitus
581 1841 667 1867 aliena
683 1846 723 1868 est
738 1850 745 1868 ε
760 1841 827 1867 sim-

36 1889 102 1922 plex
116 1889 161 1915 ille
177 1892 254 1915 estet
273 1888 423 1921 familiaris,
435 1888 551 1915 litteram
573 1887 690 1914 bretiter
705 1887 827 1922 exponit,

38 1939 99 1960 tutu
110 1934 208 1960 transit
219 1935 252 1960 ad
267 1934 411 1968 allegorias
433 1938 460 1960 et
475 1933 660 1968 tropulogias;
678 1934 736 1960 haec
747 1934 828 1960 abun-

37 1982 90 2008 dat
100 1980 249 2007 schematis
259 1985 287 2007 et
301 1981 395 2015 tropis,
415 1981 482 2008 ludit
498 1981 523 2008 in
540 1981 638 2012 verbis,
652 1986 679 2007 et
690 1981 768 2007 aliter
782 1981 829 2008 de-

39 2028 127 2061 nique
141 2026 285 2059 clauditur,
300 2035 380 2061 quam
394 2026 521 2053 homilias
535 2033 598 2054 suas
613 2026 744 2061 Origenes
755 2026 829 2053 clau-

79 2117 139 2151 (I'I)
156 2116 221 2143 Cum
239 2124 314 2151 ager,
332 2116 403 2150 quod
429 2116 456 2141 in
475 2123 504 2142 eo
527 2116 628 2150 aliquid
656 2121 764 2151 agatar,
782 2121 834 2143 etc.

40 2153 110 2180 Haec
139 2152 235 2183 verba,
264 2157 345 2184 atque
382 2151 577 2185 praecedentia.
610 2160 619 2176 ‹
642 2151 832 2184 Gapbarnaum

40 2195 164 2222 namque
179 2187 372 2221 interpretatur
393 2194 455 2221 ager
484 2185 530 2222 veli
548 2186 610 2213 villa
635 2186 832 2213 consolationis.

37 2221 199 2257 Cuinager,
220 2231 230 2247 ι
245 2227 312 2252 etc.,
333 2229 384 2247 non
404 2225 511 2247 exstant
524 2221 550 2247 in
569 2221 693 2247 omnibus
709 2221 741 2247 iis
754 2227 834 2256 quot-

38 2261 111 2291 quot
129 2257 182 2283 vidi
201 2256 322 2290 antiquis
349 2256 508 2282 Itomiliariis
531 2264 610 2282 manu
636 2257 766 2287 exaratis,
792 2256 836 2283 ubi

41 2295 143 2320 horum
164 2293 305 2320 verborum
318 2292 378 2318 loco
396 2291 490 2323 legitur
507 2298 514 2316 :
534 2300 543 2315 ι
566 2291 620 2317 Cur
642 2291 677 2318 ibi
695 2291 836 2326 ingressus

40 2327 110 2354 est?
126 2326 239 2360 Propter
258 2327 307 2353 hoc
321 2327 392 2360 quod
407 2331 434 2352 et
451 2326 562 2358 invenit,
576 2331 601 2352 et
615 2327 706 2352 statim
723 2327 838 2352 inanil'e-

40 2370 118 2390 stum
132 2359 186 2389 est;
201 2362 315 2388 Accessit
330 2359 363 2387 iul
377 2369 436 2387 eum
459 2359 585 2387 Centurio
600 2360 708 2394 (Matth.
724 2368 782 2391 VIII,
797 2361 836 2395 5).

41 2398 169 2424 Accessit
198 2405 277 2428 vere;
315 2405 366 2423 non
403 2396 545 2428 dimidius,
571 2397 618 2422 sed
643 2401 715 2422 totus
742 2404 749 2422 :
784 2404 835 2423 non

42 2436 159 2466 aspectu
175 2433 295 2466 corporis
307 2437 420 2463 tantum,
442 2432 524 2458 sedet
537 2431 632 2457 anima:
648 2430 814 2464 plenitudine
828 2438 834 2455 :

43 2476 101 2494 non
118 2467 185 2494 facie
202 2472 315 2500 tantum,
329 2468 375 2494 sed
386 2473 411 2493 et
428 2467 600 2493 immaculato
610 2466 702 2492 corde.
721 2475 730 2490 ι
751 2466 797 2492 Sic
810 2471 837 2492 et

42 2502 124 2530 initio
137 2502 253 2528 homilia-
275 2510 322 2536 pro
336 2502 377 2528 his
391 2502 479 2528 verbis
494 2510 500 2528 :
516 2501 706 2536 «Descendente
723 2500 792 2536 rlcsu
805 2502 837 2527 de

39 2542 142 2566 nwnte,
150 2543 243 2563 sectum
251 2535 312 2563 sunt
321 2538 402 2563 turbre
412 2538 500 2563 multa:
508 2535 687 2571 (Matt/t.Vtti,I
695 2536 713 2571 ).
721 2535 837 2562 Docente

48 2580 114 2598 vero
132 2572 246 2598 Domino
277 2574 302 2598 in
321 2578 426 2601 monte.
441 2571 566 2606 discipuli
585 2577 663 2598 erant
684 2578 745 2597 cum
766 2571 835 2605 ipso,

42 2607 147 2642 quibus
159 2608 251 2633 datum
272 2613 330 2633 erat
349 2608 466 2634 ctelestis
486 2607 617 2633 doctrina:
629 2614 713 2633 nosse
727 2611 832 2633 secreta

44 2651 94 2677 per
108 2650 169 2676 qua:
192 2642 288 2668 salutis
307 2642 420 2668 scientia
438 2643 583 2668 brutoruin
604 2643 686 2668 corda
708 2642 835 2677 salirent,

47 2685 243 2710 czecorumque
256 2677 340 2703 oculis
355 2684 403 2710 per
423 2678 566 2703 mundana:
589 2676 777 2703 delectationis
793 2680 836 2702 te-

44 2714 146 2738 nebras
169 2712 348 2746 caligantibus
374 2712 469 2738 lucem.
489 2711 675 2744 patefacerent
696 2712 829 2738 νιιῐίωιίε.

45 2748 125 2774 Unde
145 2752 172 2773 et
199 2745 328 2773 Dominus
350 2747 383 2772 ad
408 2754 474 2773 eos:
497 2745 547 2773 Vos
573 2748 645 2778 eatis,
675 2748 771 2780 inquit,
792 2746 833 2772 Jul

42 2788 136 2814 terra',
156 2789 199 2808 vos
213 2784 273 2808 estis
297 2786 324 2808 et
338 2781 439 2807 lumina
451 2782 540 2807 tumuli
553 2781 659 2815 (Matth.
672 2789 698 2812 ν,
721 2781 762 2812 I3,
777 2781 834 2816 14).

44 2818 126 2844 Nunc
138 2824 202 2843 vero
222 2817 402 2843 descendente
417 2823 449 2841 eo
464 2817 497 2842 de
512 2821 614 2847 Inonlc,
636 2818 719 2843 turba:
736 2823 835 2843 secula:

43 2857 110 2881 sunt
120 2859 182 2879 eum
196 2852 240 2879 :in
254 2856 371 2879 montem
385 2851 489 2878 scilicet
502 2853 649 2878 ascendere
664 2860 834 2887 nequaquam

876 926 1013 960 nnscripto
1043 925 1215 952 Bibliotheca!
1245 925 1335 957 Regia:
1362 925 1455 953 codice
1483 924 1554 952 inter
1579 923 1662 950 multa

876 973 1017 1007 Augustini
1027 972 1168 1008 opuscula.
1185 971 1221 998 De
1235 977 1346 998 auctore
1357 976 1460 998 certum
1473 970 1540 998 nihil
1551 971 1664 998 delinire

878 1026 998 1054 possum.

911 1063 949 1090 Ne
961 1063 1066 1090 tertiam
1082 1062 1193 1096 quidem
1220 1062 1330 1097 Origeni
1346 1062 1477 1096 deputare
1496 1061 1596 1094 ausim,
1619 1069 1663 1090 re-

875 1115 1011 1144 pugnante
1034 1109 1152 1136 clausula
1171 1113 1197 1135 ct
1211 1109 1282 1143 stylo
1305 1118 1312 1134 :
1330 1110 1454 1142 quamvis
1470 1108 1503 1134 ad
1524 1107 1665 1142 Origenia-

876 1162 939 1181 nntn
968 1161 1092 1187 saporem
1119 1154 1232 1187 propius
1265 1153 1379 1180 accedat
1398 1160 1479 1186 quam
1506 1153 1664 1187 superiores

876 1200 952 1231 duae;
974 1199 1105 1234 pauculas
1124 1199 1196 1226 enim
1227 1199 1358 1233 quasdam
1398 1199 1543 1233 allegorias
1570 1199 1662 1226 habet.

876 1244 973 1272 Prinne
989 1249 1078 1271 tatnen
1096 1244 1212 1271 similior
1223 1249 1354 1278 estquam
1367 1245 1504 1277 secundm,
1521 1244 1589 1271 adeo
1601 1252 1664 1271 cre-

879 1291 926 1318 bra
946 1296 987 1318 est
1005 1290 1098 1325 figuris
1111 1296 1137 1317 et
1153 1291 1423 1325 interrogationibus.
1443 1289 1568 1316 Latinum
1598 1291 1665 1318 scri-

878 1342 982 1371 ptorem
1008 1336 1092 1368 dicas,
1114 1340 1141 1362 et
1168 1335 1276 1369 quidem
1293 1335 1457 1370 Hieronymo
1475 1335 1663 1362 recentiorem.

878 1382 949 1410 Idem
974 1387 1032 1409 esto
1049 1383 1081 1409 de
1098 1387 1192 1416 quarta
1206 1381 1313 1408 homilia
1324 1381 1469 1414 judicium,
1484 1389 1564 1415 quam
1584 1381 1664 1408 exhi-

878 1428 941 1455 bent
957 1435 1063 1462 quoque
1079 1427 1248 1455 Lectionaria
1268 1427 1357 1461 Regia;
1369 1427 1551 1454 Bibliotheca}.

915 1474 1013 1501 Eadem
1026 1478 1053 1501 et
1069 1474 1192 1508 quintam
1206 1473 1345 1500 homiliam
1362 1473 1502 1506 exhibent,
1518 1480 1579 1507 quae
1598 1471 1666 1498 nihil

880 1519 1072 1555 Origeniannm
1095 1519 1185 1553 habet,
1209 1527 1261 1546 non
1291 1519 1402 1554 styhnn,
1427 1526 1479 1545 non
1510 1519 1664 1553 allegorias,

881 1574 933 1592 non
951 1564 1098 1592 clausulam
1120 1573 1128 1592 :
1148 1565 1236 1591 oratio
1253 1565 1372 1596 concisa,
1394 1564 1667 1599 (lissolttta,écmpz-

879 1611 1004 1647 τισμένη.
1023 1611 1132 1637 Initium
1146 1611 1274 1643 homilim,
1290 1611 1360 1644 quod
1373 1610 1498 1645 Origenis
1512 1612 1660 1638 doctrinam

883 1659 964 1692 sapit,
982 1656 1126 1683 lectoribus
1141 1657 1277 1690 imposuit.
1292 1656 1355 1683 Vide
1369 1662 1470 1683 tomum
1488 1665 1502 1683 χ
1522 1657 1548 1683 in
1569 1657 1666 1684 Matth.

881 1712 954 1731 num.
973 1703 1000 1735 I,
1015 1703 1123 1730 easdem
1143 1703 1199 1730 fere
1211 1703 1330 1737 reperies
1343 1703 1499 1730 sententias.
1521 1703 1597 1736 Quod
1612 1703 1665 1729 nisi

882 1751 962 1778 dttbia
974 1754 1046 1777 esset
1061 1749 1240 1783 lnterpretum
1255 1749 1332 1781 fides,
1356 1749 1513 1783 scriptorem
1541 1747 1663 1775 Latinum

880 1805 940 1824 esse
949 1796 1097 1831 iudicarem
1110 1803 1142 1822 ex
1156 1795 1197 1823 his
1207 1795 1296 1822 verbis
1313 1804 1319 1822 :
1335 1804 1344 1820 ‹
1361 1787 1417 1830 (1³1)
1430 1795 1496 1822 Cum
1506 1802 1581 1829 ager,
1596 1801 1667 1829 quoa

882 1844 908 1871 in
924 1852 957 1871 eo
968 1843 1069 1878 aliquid
1098 1847 1204 1876 agatur,
1220 1843 1262 1869 vel
1284 1842 1345 1868 villa
1371 1850 1385 1868 a
1415 1842 1667 1869 circumvallatione

880 1891 983 1922 limitis,
999 1891 1050 1916 hoc
1062 1893 1105 1916 est
1117 1889 1266 1916 munitione
1278 1889 1407 1916 custodite
1427 1896 1524 1915 nomen
1552 1895 1666 1920 accepe-

882 1938 927 1969 rit,
956 1943 1075 1971 congrue
1107 1935 1309 1970 dispensatione
1335 1935 1425 1962 carnis
1454 1934 1499 1961 illo
1528 1935 1668 1968 ingressus

882 1983 1013 2010 asseritur
1026 1982 1165 2013 Dominus.
1182 1990 1236 2016 quo
1248 1990 1296 2016 per
1309 1982 1416 2008 deitalis
1435 1986 1539 2016 portam
1549 1981 1666 2007 circum—

883 2029 970 2056 dando
986 2029 1126 2056 attrahens
1142 2029 1175 2055 ad
1193 2027 1380 2055 credulitatem
1407 2027 1571 2059 incredulos,
1585 2031 1611 2053 et
1624 2034 1667 2053 sa-

851 2122 873 2149 n
889 2122 1024 2152 poterant,
1041 2117 1102 2151 quia
1123 2124 1189 2152 quos
1213 2116 1374 2152 delictorum
1395 2116 1500 2142 sarcina
1528 2114 1666 2148 deprimit,

889 2151 922 2179 ad
941 2153 1133 2188 mysteriorum
1148 2151 1272 2188 sublimia
1290 2151 1340 2178 nisi
1358 2153 1462 2188 abiecto
1485 2157 1665 2188 cinerescun-

889 2188 952 2214 dere
967 2184 1078 2214 ininitne
1095 2187 1193 2214 valent.
1209 2187 1311 2213 Idcirco
1323 2192 1348 2213 et
1366 2186 1413 2212 lilii
1433 2185 1513 2213 Israel
1540 2184 1666 2218 primitus

891 2223 916 2248 in
934 2227 1051 2249 montem
1079 2222 1225 2249 ascendere
1245 2230 1296 2248 non
1313 2227 1437 2255 poterant
1451 2221 1482 2246 ad
1505 2220 1666 2247 obviandmn

891 2257 954 2294 Deo,
967 2259 1027 2292 quia
1043 2257 1319 2294 Egyptiacaﬁgrarati
1343 2257 1550 2284 conversatione
1565 2262 1666 2294 praye-

889 2291 1042 2323 (liebantur,
1058 2291 1103 2319 seu
1118 2293 1190 2319 solus
1200 2293 1314 2327 Moyses,
1329 2298 1398 2323 etc.;
1421 2302 1429 2316 ν
1449 2299 1513 2318 mss.
1524 2291 1666 2316 noslri‘na-

890 2327 951 2354 bent
970 2339 974 2355 :
991 2338 999 2353 ι
1009 2329 1123 2354 Ducenio
1135 2329 1158 2353 in
1170 2334 1259 2354 monte
1272 2327 1392 2357 Ilotninn,
1403 2327 1524 2359 discipuli
1537 2329 1668 2352 venerunt

888 2363 922 2388 ad
937 2370 998 2389 eum
1018 2364 1086 2389 sicut
1107 2363 1219 2392 alacres,
1236 2364 1303 2388 sicut
1322 2362 1470 2392 domestici,
1487 2361 1557 2387 sicut
1573 2361 1664 2394 proxi-

889 2398 935 2428 IIII,
953 2398 1024 2424 sicut
1042 2398 1120 2424 amici
1137 2398 1176 2423 Vcl
1192 2399 1298 2425 fratres.
1312 2397 1420 2424 Ideoail
1442 2401 1467 2423 et
1487 2396 1617 2422 Dominus
1631 2395 1664 2420 ad

888 2440 934 2457 eos
955 2441 960 2458 :
988 2432 1036 2459 Vos
1064 2434 1125 2458 estis
1148 2434 1188 2459 sal
1211 2438 1400 2465 terrtv,et,vos
1415 2433 1475 2458 estis
1497 2431 1543 2457 lux
1571 2430 1662 2455 miuuli

889 2465 995 2501 (Matth.
1011 2475 1037 2498 v,
1053 2468 1096 2499 I5,
1119 2467 1174 2500 Μ).
1202 2468 1277 2494 hunc
1292 2476 1356 2494 vero
1379 2467 1567 2498 descendente
1580 2473 1612 2491 eo
1634 2466 1667 2490 de

889 2507 991 2535 Inonle,
1009 2503 1093 2528 turba:
1112 2507 1211 2528 secutae
1238 2508 1300 2529 sunt
1327 2510 1398 2534 cuni,
1420 2509 1479 2535 quae
1500 2502 1525 2528 in
1550 2505 1666 2535 montem

888 2539 1036 2564 ascendere
1052 2545 1104 2563 non
1127 2543 1272 2570 potuerunt
1289 2543 1317 2564 ut
1334 2538 1401 2572 pigri
1419 2534 1519 2572 populi,
1538 2534 1667 2572 ntrncgli-

888 2577 991 2605 gentes,
1009 2579 1037 2598 ut
1055 2572 1216 2605 imperfecti.
1232 2573 1268 2598 lia
1288 2578 1315 2599 et
1331 2570 1376 2599 lilii
1396 2570 1477 2599 Israel
1500 2571 1623 2605 primitus
1639 2570 1666 2595 iu

888 2612 1007 2634 montem
1025 2607 1171 2633 ascendere
1191 2614 1243 2633 non
1259 2608 1399 2634 valuerunt
1427 2617 1433 2634 :
1454 2610 1486 2634 ad
1501 2606 1664 2633 ohviaudum

887 2642 943 2669 Deo
961 2649 1072 2677 pergere
1092 2649 1144 2668 non
1157 2646 1303 2674 potuerunt
1321 2648 1430 2675 propter
1445 2650 1519 2669 snam
1537 2640 1668 2677 irreligio-

888 2675 994 2704 sitatént
1010 2675 1037 2704 et
1052 2677 1292 2712 intpietatetn,’sed
1307 2677 1379 2704 solus
1396 2678 1510 2712 Moyses,
1528 2687 1536 2703 ι
1552 2682 1604 2703 etc.
1621 2675 1668 2701 Sic

887 2712 1004 2746 denique
1027 2717 1054 2740 et
1074 2713 1143 2741 haec,
1163 2717 1190 2737 et
1213 2711 1273 2746 aliae
1299 2711 1444 2746 pleneque
1457 2713 1582 2744 homilias,
1601 2717 1668 2744 quas

890 2749 940 2774 sttb
954 2748 1078 2782 Urigenis
1102 2747 1208 2773 nomine
1229 2745 1356 2773 Merlinus
1373 2745 1468 2777 edidit,
1489 2753 1667 2782 pneterquani

887 2783 959 2816 quod
974 2780 1077 2809 mendis
1090 2782 1188 2815 ubique
1202 2786 1316 2813 seatent,
1341 2789 1372 2807 ac
1392 2780 1495 2809 lacunis
1521 2780 1669 2816 immntcris

890 2815 1007 2848 inhiant,
1026 2817 1140 2851 plurima
1157 2817 1255 2843 habent
1280 2817 1380 2842 intexta
1395 2825 1456 2849 qua:
1473 2817 1499 2843 in
1518 2815 1668 2844 manuscri-

887 2853 940 2887 ptis
958 2852 1116 2880 hontiliariis
1131 2852 1209 2879 aliter
1223 2856 1459 2885 reprarsentantm'.
