1908 3071
255 115 323 145 1279

888 118 916 146 Ρ.
938 118 1094 148 DANIELIS
1113 121 1230 149 llUETll

1809 129 1875 154 1250

256 178 351 204 uitatis
367 176 525 204 miraculum
537 182 596 205 erat
618 181 739 206 acturus.
755 187 765 204 ι
782 178 803 206 Α
818 179 910 214 primat
924 180 1041 209 humilia:
1055 184 1077 212 Α
1092 190 1239 218 synonyma
1250 201 1259 215 ,
1288 183 1453 215 attlitlteses,
1487 181 1648 218 allusiones,
1676 184 1785 211 colores
1819 191 1874 213 arte

254 223 326 259 stylo
340 231 434 259 parum
451 223 585 251 dissentit.

289 269 369 296 Sexta
392 269 503 296 homilia
527 270 632 304 primm,
650 270 747 303 tertiae,
764 276 869 306 quartas
899 279 932 300 ac
954 272 1038 308 quin-

253 319 296 347 tat,
309 315 355 341 sed
370 315 457 342 tertia:
468 315 640 349 potissimum
654 317 750 345 similis
771 322 822 348 est.
834 318 917 354 stylo,
934 319 1037 354 ﬁguris,

251 359 391 393 clausula;
409 362 479 388 unde
493 369 508 387 a
532 361 629 389 Latino
651 371 759 398 quoque
785 363 895 391 homine
909 365 1038 400 scriptam

251 405 426 433 arbitramur.
452 406 507 443 (l8)
520 407 576 435 Nec
591 408 671 436 aliter
698 410 732 437 de
749 411 862 445 septinta
874 410 1037 445 iudicamus,

254 450 318 478 licet
331 451 450 479 clausula
463 459 565 480 careat.
590 454 646 490 (l9)
679 455 829 492 Utramque
859 462 1038 492 repraesentat

251 496 437 525 lectionarium
457 500 592 534 quoddam
619 500 708 536 Regia:
726 501 898 530 Bibliotheca:
922 513 930 531 τ
951 508 978 531 et
997 511 1038 531 se-

251 543 363 577 ptitnant
383 545 490 579 quidem
509 546 559 573 ltoc
571 547 647 575 ittitio
666 555 673 574 :
693 557 702 574 t
723 548 844 581 Fratres,
860 549 926 576 dicit
940 549 1037 585 aliquis

255 595 289 616 ex
305 589 391 622 vobis,
406 590 456 618 ieci
471 597 579 626 peccata
599 593 680 620 multa
693 598 721 621 et
739 603 835 630 magna
853 604 859 622 :
875 600 903 623 et
918 596 980 632 quis
1001 605 1034 624 ex

251 635 326 662 vobis
340 641 382 663 est
400 637 445 670 qui
477 645 528 665 non
554 640 668 673 peccet?
683 640 723 668 Tu
755 642 809 674 dic,
840 643 930 670 erravi
953 651 1036 678 super

249 687 345 708 ontnes
363 683 497 711 homines.
516 684 621 712 Sullicit
642 686 689 713 tibi
710 687 736 714 in
752 688 887 716 sacriﬁcio
908 689 958 717 ista
971 698 1035 717 con-

251 726 344 754 fessio.
362 728 409 756 Dic
425 734 452 756 tu
469 731 544 764 prior
574 731 733 766 iniquitates
755 738 826 767 tttas,
850 739 879 762 ut
899 735 1034 770 justitice-

250 772 288 800 ris
302 773 333 799 ³⁹.
352 774 490 809 Cognosce
502 781 537 809 te,
549 778 674 812 quoniam
692 785 818 813 peccator
837 788 868 808 es
883 788 889 805 :
903 782 972 809 habe
989 783 1035 809 tri-

253 819 364 852 stitiam,
384 827 444 847 cum
471 823 638 851 converteris
656 831 735 852 :esto
752 833 784 853 ac
798 826 820 853 si
834 827 993 861 desperatus
1004 833 1032 855 et

253 870 384 899 mestos;
401 867 447 893 sed
460 873 487 894 et
499 867 633 903 lacryntas
645 876 819 906 compunctus
833 872 948 900 ell'unde.
960 874 1035 901 Nun-

247 910 312 944 quid
328 911 430 945 aliquid
447 913 520 941 aliud
538 914 588 941 iuit
615 915 642 942 in
670 917 824 950 meretrice,
843 926 926 953 quam
949 920 1035 956 iacry-

248 962 352 983 marum
365 957 478 985 ell'usio?
489 963 517 986 et
526 966 559 986 ex
577 959 628 988 ltac
650 961 808 996 profusione
824 964 925 993 invenit
940 967 1034 1000 praesi-

247 1000 332 1034 diutn,
351 1006 378 1028 et
390 1008 501 1037 accepta
530 1004 627 1032 fiducia
643 1007 757 1034 accessit
769 1009 802 1035 ad
820 1009 922 1037 fontem
941 1011 1032 1038 Domi-

247 1053 310 1072 nttttt
322 1045 424 1074 Jcsum.
453 1047 505 1075 Sed
524 1050 666 1078 veniamus
683 1053 715 1079 ad
735 1061 858 1083 causam.
885 1055 953 1089 Quid
968 1064 1033 1092 ergo

245 1093 430 1126 evangelista?
450 1094 483 1121 Et
504 1095 564 1123 inde
586 1098 714 1125 transiens
744 1099 872 1128 Dominus
897 1101 976 1130 Iesus
1003 1104 1032 1131 in

245 1142 331 1171 partes
346 1138 420 1173 Tyri,
435 1144 460 1166 et
473 1139 590 1174 Sidonis,
605 1147 628 1168 et
647 1150 705 1170 ecce
718 1143 813 1171 mulier
827 1144 978 1173 Chenantea
997 1147 1030 1176 ⁸ο.

245 1182 312 1209 Mira
329 1191 382 1215 res,
396 1192 412 1211 ο
427 1184 617 1220 Evangelista!
638 1195 647 1213 ι
669 1187 782 1224 Reliqua
798 1196 827 1218 ut
839 1191 865 1218 in
879 1191 958 1219 libris
972 1193 1031 1220 edi-

246 1228 280 1255 tis
294 1235 426 1264 concepta
442 1236 516 1258 sunt.

279 1273 355 1306 Quod
372 1275 406 1302 de
430 1276 553 1310 proxime
568 1279 796 1312 pratcedentibus.
813 1281 884 1309 idem
899 1284 1030 1312 sentimus

243 1319 277 1346 de
290 1319 403 1352 Octava,
416 1329 476 1356 quae
491 1323 633 1352 rhetoricis
656 1326 800 1362 pigmentis
821 1335 963 1364 perspersa
979 1335 1030 1358 est.

247 1365 274 1392 id
287 1367 380 1394 olfecit
405 1367 543 1401 Merlinus,
559 1375 587 1396 et
603 1370 729 1407 Origenis
750 1372 849 1408 stylum
873 1378 1030 1409 neutiquam

245 1412 348 1439 referre
364 1420 423 1440 eam
443 1415 584 1442 confessus
599 1421 649 1446 est.
679 1425 764 1453 seque
790 1420 840 1446 hoc
869 1427 924 1448 uno
949 1428 1030 1456 argu-

245 1464 335 1485 mento
355 1459 456 1486 dudttm
473 1459 646 1495 Origeniauis
663 1464 774 1498 scriptis
786 1465 943 1497 inseruisse,
957 1468 1029 1501 qttud

1089 227 1213 262 qtuesiti;
1245 235 1304 262 qua:
1330 229 1419 255 omnia
1450 228 1640 264 Origenianaut
1672 229 1875 264 simplicitatem

1089 280 1145 299 nott
1165 272 1284 307 sapiunt.
1310 272 1451 308 Allegorize
1463 280 1591 309 prteterea
1610 274 1701 306 nullae,
1721 274 1804 301 nulla:
1820 280 1876 302 tro-

1089 317 1211 353 pologiaa.
1227 319 1329 354 Siquid
1345 319 1501 354 conjectura
1523 321 1609 354 valeo,
1634 322 1804 356 scriptorem
1824 320 1876 348 La-

1091 364 1175 392 tinum
1190 365 1315 392 dixerim.

1123 412 1160 440 Ea
1176 417 1251 441 certe
1261 417 1302 441 est
1319 413 1423 447 primat,
1442 414 1538 445 tertiat,
1556 419 1669 448 quarta,
1684 414 1802 447 quinue,
1814 422 1875 442 sex-

1089 464 1134 492 tae,
1151 460 1283 495 septimm,
1299 465 1402 487 octava
1428 465 1454 487 et
1469 459 1580 487 decium
1600 461 1782 494 congruentia
1806 461 1875 487 inler

1092 512 1122 532 se
1134 509 1160 532 et
1171 504 1400 540 similitudo,'(20)
1414 510 1443 532 ut
1458 512 1527 540 pene
1541 505 1676 533 aliirmare
1687 506 1778 532 ausim
1797 507 1875 534 unius

1087 558 1146 578 esse
1174 559 1269 578 omnes
1291 556 1317 577 et
1342 551 1462 585 ejusdem
1484 552 1622 585 auctoris;
1643 558 1726 586 atque
1745 552 1816 587 ejus,
1848 558 1876 580 ut

1087 596 1152 628 dixi,
1177 595 1285 623 Latini:
1309 597 1424 624 secunda
1458 596 1568 624 alterius
1606 602 1647 625 est
1685 597 1838 632 Scriptoris
1865 607 1872 625 :

1087 647 1156 667 nona
1182 644 1295 668 consula
1323 646 1364 667 est
1391 641 1489 675 triplici
1512 641 1592 668 tritntt
1618 642 1787 677 scriptorum
1817 642 1871 670 fra-

1085 690 1205 719 gmento.
1230 685 1272 713 Ab
1287 685 1404 719 Origene
1418 691 1508 712 autent
1527 685 1597 712 nttlla
1620 688 1728 721 penitus
1752 687 1873 722 profecta

1085 735 1136 761 est.
1149 736 1329 765 pneteruuam
1345 731 1418 766 prior
1431 731 1474 758 illa
1492 739 1569 758 omne
1583 732 1728 766 particula.

1122 779 1164 806 Vi.
1181 779 1293 807 Michael
1308 779 1460 807 Ghislerius
1479 780 1504 807 itt
1519 780 1677 808 Prtel’atione
1697 781 1731 807 ad
1759 788 1825 808 suos
1848 782 1874 808 in

1087 825 1229 852 Jereminm
1243 826 1472 858 Commentarios,
1487 834 1546 861 cap.
1565 826 1592 858 7,
1608 834 1718 861 paragr.
1733 827 1765 858 4,
1783 834 1875 854 narrat

1087 871 1112 897 in
1133 870 1262 898 Vaticano
1288 873 1404 905 quodam
1428 872 1523 900 codice
1554 872 1649 900 Cra-co
1675 878 1803 907 repertas
1826 874 1875 901 sibi

1086 915 1211 951 Origenis
1226 916 1354 944 homilias
1374 918 1401 944 in
1424 917 1566 945 Jeremiant
1584 918 1700 953 viginti;
1723 926 1875 953 earumque

1085 968 1259 996 postremam,
1281 963 1332 990 etsi
1361 963 1387 991 id
1415 963 1548 992 iudicaret
1574 965 1677 998 titulus,
1699 973 1874 1000 nequaquam

1085 1013 1175 1036 tamen
1189 1010 1221 1036 ad
1238 1008 1381 1044 Origenem
1397 1009 1571 1044 pertinuisse.
1589 1010 1733 1038 Sulmectit
1749 1016 1875 1045 postmo-

1084 1055 1145 1081 dum
1168 1063 1198 1082 ea
1214 1055 1270 1090 jam
1286 1055 1357 1083 edita
1374 1056 1547 1090 contperiisse
1561 1064 1591 1084 se
1609 1065 1662 1083 non
1677 1055 1812 1091 Origenis
1829 1058 1875 1084 bo«

1085 1099 1198 1131 tttiliam,
1214 1101 1264 1127 sed
1285 1100 1415 1134 insignem
1439 1107 1499 1128 esse
1521 1100 1669 1128 Clementis
1692 1101 1874 1128 Alexandrini

1083 1145 1250 1178 Tractatum,
1267 1145 1343 1180 cujus
1365 1146 1548 1173 tnentinerunt
1571 1147 1716 1178 Eusebius,
1741 1146 1875 1182 Hierony-

1082 1199 1142 1218 mus
1173 1196 1198 1219 et
1219 1191 1341 1224 Photius,
1358 1192 1456 1228 quippe
1482 1194 1518 1221 ita
1534 1193 1679 1229 inscriptus
1700 1193 1755 1220 fuit
1772 1202 1781 1220 :
1800 1194 1849 1226 Τίς
1861 1195 1875 1220 ὁ

1082 1236 1249 1272 σωζόμενος
1262 1239 1410 1272 πλούσιος
1418 1248 1428 1268 :

1119 1282 1172 1310 νη.
1187 1283 1293 1311 Scholia
1310 1285 1338 1311 in
1354 1284 1506 1312 Orationem
1525 1284 1703 1319 Dontinicant,
1719 1291 1749 1313 et
1762 1285 1872 1314 Cantica

1082 1329 1113 1357 Β.
1131 1329 1257 1364 Virginis,
1270 1330 1408 1358 Zacharias
1431 1337 1457 1360 et
1470 1332 1605 1359 Sitneonis
1621 1332 1721 1359 Graece
1737 1341 1805 1360 cum
1829 1341 1872 1360 su:

1083 1376 1305 1410 interpretatione
1324 1376 1420 1403 Latina
1437 1377 1527 1411 :edidit
1553 1377 1702 1406 lt‘edericus
1733 1378 1872 1410 Morelltts,

1083 1422 1132 1450 sub
1147 1423 1256 1450 nomine
1269 1422 1403 1457 Origenis,
1416 1423 1484 1454 sivo.
1497 1428 1525 1450 ut
1537 1424 1593 1458 ipse
1607 1424 1750 1457 apposuit,
1765 1424 1874 1451 alterius

1081 1468 1201 1496 dot-toris
1216 1468 1375 1505 συγχρὸνου,
1388 1476 1472 1503 eaque
1484 1476 1514 1495 se
1533 1476 1548 1496 e
1562 1469 1648 1496 veteri
1674 1471 1873 1504 ntanuscripto

244 1511 259 1529 a
269 1504 360 1530 multis
372 1509 484 1538 putetur
494 1513 556 1533 esse
566 1507 732 1541 Adatnantii,
744 1514 771 1536 et
788 1510 858 1537 inter
873 1511 930 1546 ejus
947 1520 1028 1547 opera
1043 1523 1065 1552 ρ
1081 1514 1173 1542 codice
1186 1522 1219 1541 ex
1234 1504 1306 1541 Italis
1323 1514 1492 1541 bibliothecis
1509 1515 1632 1548 profecto
1649 1515 1804 1550 selegisse,
1831 1525 1874 1544 ex-

245 1554 352 1582 reperta
370 1550 417 1578 sit.
443 1550 509 1578 Eam
523 1557 612 1579 autem
630 1553 701 1581 inter
720 1562 803 1589 opera
825 1556 893 1584 falso
911 1559 1028 1594 ascripta

242 1591 407 1629 Hieronymo
420 1598 508 1630 posuit
521 1598 656 1627 Victorius
670 1604 742 1627 lomo
755 1609 836 1630 nono.

279 1639 393 1668 llomilia
409 1649 479 1669 notta
495 1645 623 1672 membris
636 1646 722 1673 tribus
738 1647 763 1674 in
779 1656 860 1675 ttttunt
879 1651 1029 1684 compactis

241 1685 358 1713 conﬂata
376 1692 426 1715 est.
441 1687 507 1716 Pars
524 1690 597 1724 prior
608 1692 675 1718 nihil
687 1693 760 1721 aliud
774 1700 815 1722 est
832 1703 912 1728 quant
933 1696 1029 1731 Orige-

243 1730 319 1757 niani
337 1736 469 1760 tractatus
486 1735 615 1763 tricesimi
631 1740 721 1772 quarti
745 1740 771 1766 itt
797 1741 950 1769 Mattltteuttt
967 1730 1030 1777 por-

245 1776 297 1808 tio;
313 1777 382 1804 unde
399 1780 528 1807 nonnulla
547 1782 672 1810 consulto
687 1791 823 1819 expuucta
847 1792 926 1821 sunt;
954 1776 1028 1822 quod

244 1822 276 1849 iis
292 1823 414 1850 doctrina
431 1826 521 1853 minus
532 1834 597 1854 sana
610 1830 806 1858 contineretur.
831 1832 868 1859 Ea
885 1841 948 1861 vero
966 1842 1028 1869 pars

242 1875 302 1901 qua:
315 1870 348 1896 ab
361 1870 402 1897 Itis
410 1871 516 1899 orditur
528 1874 620 1901 verbis
636 1884 642 1902 :
660 1884 670 1901 ι
687 1876 708 1903 Α
728 1878 863 1912 plerisque
883 1880 1026 1907 conscien-

243 1912 279 1956 tia
291 1914 423 1949 accipitur
445 1923 627 1951 peccatorum,
644 1929 654 1945 ι
673 1925 738 1953 etc.,
755 1927 781 1949 et
798 1923 823 1949 itt
849 1923 882 1951 iis
904 1924 1003 1951 desinit
1020 1934 1027 1952 :

245 1968 255 1984 ‹
274 1958 342 1987 Miro
354 1961 430 1989 valde
444 1964 522 1990 modo
536 1966 629 1998 paucis
643 1967 733 1994 verbis
747 1975 893 2003 expressus
903 1974 945 1997 est
960 1971 1029 2006 ignis

242 2004 379 2038 geltenme,
395 2016 405 2033 ι
422 2008 561 2048 desumpta
575 2017 661 2038 estex
677 2012 745 2040 libro
762 2004 1028 2043 Commentariorum

244 2050 398 2088 Hieronymi
418 2053 445 2079 in
474 2054 587 2083 Isaiam.
617 2056 730 2092 Reliqua
751 2060 930 2094 suppeditavit
948 2065 1029 2096 caput

242 2096 285 2126 i7.
305 2097 365 2124 libri
384 2106 398 2125 ν
426 2098 574 2127 Moralium
590 2100 713 2136 Gregorii
729 2103 829 2138 Magni.

277 2143 413 2171 Decimum
438 2145 576 2174 hontiliam
604 2156 655 2175 ttoo
680 2157 741 2176 esse
775 2150 899 2185 Origenis
926 2152 1017 2178 statim

1080 1561 1235 1594 scripsisse,
1246 1560 1418 1587 transtulisse
1429 1560 1559 1588 declarat.
1575 1560 1604 1588 lit
1619 1561 1677 1595 ipso
1696 1561 1874 1589 SClIOllOI'tltII

1082 1605 1159 1633 titulo
1183 1604 1278 1632 Grarco
1305 1613 1401 1633 nomen
1417 1606 1543 1640 Origenis
1558 1606 1723 1640 nentiqnant
1737 1607 1874 1639 oﬁ'endas,

1080 1650 1126 1678 sed
1140 1651 1203 1677 illud
1220 1652 1351 1678 duntaxat
1369 1659 1376 1677 ε
1398 1653 1571 1686 Ἀνωνύμου
1589 1653 1707 1686 σχόλια
1723 1655 1774 1686 εἰς
1784 1654 1877 1688 εὐχὴν

1080 1696 1238 1730 κυριακήν.
1248 1697 1324 1725 Unde
1336 1697 1370 1724 ab
1382 1698 1439 1732 ipso
1449 1698 1665 1725 Morello'nomun
1672 1698 1810 1734 Origenis
1818 1708 1876 1733 sup-

1081 1743 1199 1777 positum
1215 1743 1348 1777 suspicor.
1365 1743 1437 1771 Bene
1452 1751 1517 1770 vero
1532 1749 1574 1770 est
1588 1745 1662 1778 quod
1679 1744 1800 1772 Petrum
1813 1745 1875 1772 Lao-

1079 1789 1216 1816 dieeuseut
1235 1788 1384 1823 legitimum
1401 1795 1539 1816 auctorem
1560 1798 1593 1816 ex
1613 1789 1805 1818 Bibliotheca;
1831 1793 1875 1818 Ιί-

1081 1839 1152 1862 trum
1170 1839 1243 1862 tomo
1257 1835 1346 1869 priore
1360 1836 1561 1869 cognoscimus,
1581 1837 1608 1863 in
1625 1844 1684 1871 quo
1695 1839 1806 1865 scholia
1825 1840 1874 1865 hac

1079 1880 1106 1906 in
1125 1879 1278 1906 Orationem
1293 1879 1457 1907 Dominicam
1485 1881 1580 1908 Latine
1597 1890 1738 1910 conversa
1753 1892 1818 1910 cum
1830 1885 1874 1910 illis

1081 1924 1210 1951 Germani
1227 1925 1390 1960 patriarchae
1411 1926 1645 1961 Constantinopoli
1670 1929 1828 1962 conjuncta
1852 1931 1873 1955 in

1080 1977 1161 1996 ttnttm
1179 1975 1207 1996 et
1224 1964 1351 2004 permista
1367 1971 1552 2005 reperiuntur.
1566 1972 1648 2006 Atqui
1667 1973 1785 2002 Moreili
1797 1979 1872 2002 codet

1079 2014 1187 2041 Scholia
1204 2015 1232 2042 in
1250 2015 1359 2043 Cantica
1375 2017 1462 2044 eidem
1476 2017 1623 2049 tribuebat,
1643 2019 1690 2046 cui
1711 2025 1741 2047 et
1771 2021 1872 2048 Scholia

1079 2061 1107 2087 in
1120 2060 1274 2088 Orationem
1290 2062 1476 2096 Dontt’nt‘cam;
1488 2068 1515 2090 et
1537 2064 1564 2091 id
1590 2067 1767 2098 persuadere
1792 2074 1872 2102 potest

1078 2107 1141 2141 styli
1157 2107 1317 2134 similitudo.

1115 2151 1182 2179 Vill.
1195 2153 1234 2179 Ad
1254 2153 1334 2180 linem
1347 2153 1476 2181 librorum
1490 2156 1559 2190 Περὶ
1578 2155 1684 2191 ἀρχῶν
1706 2160 1796 2186 atlexi
1811 2159 1871 2187 solet

242 2195 380 2222 agnoscet,
398 2191 522 2226 quisquis
541 2200 621 2220 nares
643 2195 777 2222 habuerit.
792 2196 902 2222 Alienus
914 2201 957 2223 est
969 2203 1026 2233 sty-
1043 2189 1065 2216 D
1082 2197 1196 2230 libellus,
1213 2199 1257 2232 qui
1273 2198 1427 2226 Lomentum
1446 2200 1567 2235 Origenit
1595 2189 1776 2232 inscribitur.
1795 2205 1871 2239 llujus

242 2234 283 2261 lus
300 2235 333 2262 ab
349 2235 474 2270 Origene,
492 2238 578 2264 aliena
596 2240 729 2271 clausula,
757 2241 846 2268 aliena
870 2242 1026 2274 schemata,

277 2282 299 2297 "
314 2282 365 2310 lsa.
378 2292 454 2316 xutt,
469 2285 514 2312 26.
552 2287 575 2303 '°
592 2287 686 2314 Matth.
705 2296 749 2319 xv,
763 2288 792 2314 2i
804 2309 812 2320 ,
830 2288 875 2315 22.

276 2341 403 2379 (ξ8)ῌΝεε
415 2344 502 2379 aliter
520 2345 551 2371 de
566 2347 674 2378 septima
694 2346 857 2379 judimmns,
881 2352 934 2374 etc.
953 2347 1023 2376 Male

241 2375 398 2411 lticjurlitjat
414 2377 535 2411 llnetins,
554 2375 630 2406 nt‘in
647 2375 715 2407 inira
735 2375 993 2411 demonstrabimus.

275 2411 332 2448 (lii)
347 2410 489 2448 Utramque
515 2420 692 2448 repra'sentnt,
717 2419 768 2443 etc.
794 2416 904 2443 Sextam
929 2418 1022 2444 itidem

240 2448 290 2473 sub
306 2446 430 2485 Origenis
447 2446 567 2476 nomine
596 2456 791 2484 repraesentant
816 2457 932 2485 quatuor
956 2460 1022 2480 mss.

241 2489 311 2515 quos
329 2482 444 2510 vidimus
457 2485 575 2513 codices.
593 2482 660 2510 alter
672 2482 849 2512 Mareriarnin
861 2487 965 2513 ordinis
979 2487 1024 2514 Ci-

240 2517 409 2550 slt-rciensis,
427 2519 496 2555 alter
521 2520 684 2555 catltedraiis
708 2521 830 2547 eorlcsia:
844 2520 1022 2555 Turonensis,

240 2553 521 2589 ettitiovetttstisimi
537 2554 677 2580 Thoautui.
709 2555 914 2589 iiept-wsentant
941 2553 1023 2583 etiam

240 2585 426 2625 (ingniliurinrn
437 2589 470 2615 ab
483 2589 648 2625 Alcuinosftt
659 2585 756 2616 Albino
767 2590 863 2617 Flacco
872 2591 1025 2625 collectum,

240 2620 358 2658 Culooitc
373 2623 474 2658 editum
489 2632 559 2650 anno
576 2623 653 2656 1576,
673 2633 733 2658 pag.
752 2626 813 2654 itii.
838 2625 950 2652 alterunt
969 2620 1025 2653 llo:

241 2655 386 2693 miliarium
404 2656 515 2693 llzrsilete
543 2655 677 2692 vulgatum
695 2655 758 2687 aint.
777 2660 854 2691 i593,
875 2660 921 2688 [οι.
936 2661 980 2693 40,
1000 2666 1027 2689 ei.

241 2689 418 2731 Cp‘t‘nbﬁtisius
432 2689 603 2731 Bilrliotlteort'
614 2695 826 2731 .conciomttoritz
842 2689 907 2731 tum.
926 2695 947 2726 Ι,
964 2689 1025 2731 pag.

243 2722 303 2751 740.
322 2724 398 2753 llnuc
417 2735 522 2761 quoque
542 2729 592 2754 sub
614 2727 690 2755 Bedtc
709 2730 817 2756 nomine
841 2722 952 2757 exhibet
964 2722 1027 2758 Idri?

244 2765 433 2798 tnotniposter
455 2762 602 2798 Mat-tonius
617 2762 745 2798 Thesauri
766 2765 894 2791 Anudot.
915 2769 980 2791 tom.
993 2765 1026 2798 V,

243 2792 454 2832 clil:l5i8_._llllo
483 2796 592 2828 Maioris
622 2797 774 2826 Monasterii
801 2807 883 2832 prope
903 2792 1026 2828 Turonas

244 2827 337 2854 codice
353 2828 446 2864 fultus,
464 2831 508 2865 qui
525 2827 604 2859 Beda:
618 2840 716 2860 nomen
729 2833 754 2860 itt
770 2827 859 2861 [route
870 2835 989 2868 prmictt.

1083 2244 1333 2279 interpretationem
1353 2244 1515 2282 Hieronymo
1532 2248 1627 2275 tribuit
1650 2249 1748 2277 Guido
1764 2250 1869 2278 Carme-

1111 2349 1167 2383 (20)
1183 2348 1218 2375 (ll
1233 2356 1297 2379 pene
1310 2349 1441 2383 afﬁrmare
1457 2349 1634 2384 mm'mrnnius
1654 2358 1714 2377 esse
1728 2360 1830 2384 omnes,
1848 2358 1868 2378 et

1076 2384 1194 2418 ejusdem
1218 2384 1344 2413 auctoris,
1371 2389 1449 2418 atque
1463 2384 1520 2418 ejus
1539 2383 1639 2411 Latini.
1664 2385 1743 2412 Pette
1769 2388 1867 2414 erravit

1076 2419 1199 2450 liuetius|
1214 2419 1334 2455 atqne‘si
1351 2418 1428 2455 plane
1442 2426 1524 2455 ausus
1537 2419 1779 2452 essetaiiirmare,
1795 2423 1867 2455 plane

1076 2459 1205 2480 errasset.
1220 2453 1285 2479 Nam
1300 2453 1409 2480 humilia
1422 2461 1482 2487 quat
1492 2454 1563 2480 inter
1579 2462 1626 2481 eas
1638 2455 1763 2488 septima
1777 2453 1866 2483 ηὶιιιιεσ

1077 2494 1162 2519 ratur,
1177 2488 1254 2521 cujus
1267 2493 1366 2514 tantam
1379 2495 1438 2514 cum
1453 2488 1511 2515 aliis
1519 2490 1729 2523 congruentiam
1751 2496 1780 2517 et
1793 2492 1865 2517 simi-

1078 2523 1292 2560 litudinentnesse
1308 2524 1356 2560 ait.
1376 2523 1509 2556 ipsissima
1527 2524 1708 2560 esthmnilia,
1725 2526 1768 2551 vel
1783 2528 1865 2560 potius

1079 2566 1141 2592 pars
1148 2558 1263 2585 humilia;
1271 2559 1303 2584 de.
1311 2558 1473 2589 tiltanamczt,
1484 2566 1564 2592 quam
1575 2558 1750 2586 Maltillouitts
1760 2558 1789 2587 et
1797 2562 1863 2587 multi

1079 2597 1139 2627 post
1152 2601 1212 2630 eum
1225 2593 1329 2630 [.anren
1345 2593 1370 2630 io
1380 2592 1536 2630 Morariensi
1549 2594 1687 2630 episcopo,
1702 2594 1750 2621 al:i
1760 2598 1862 2630 pre-shy-

1081 2634 1154 2659 tero,
1168 2628 1212 2654 alii
1225 2627 1369 2654 Laurentio
1383 2627 1518 2660 Mellilluo,
1535 2628 1578 2654 alii
1591 2628 1791 2656 Mediolamosi
1805 2627 1864 2657 ialSo

1083 2663 1251 2692 tribuerunt;
1272 2670 1351 2696 quam
1378 2669 1442 2688 vero
1457 2663 1571 2689 domnus
1584 2669 1677 2689 noster
1692 2663 1863 2691 Montel’alro-

1081 2698 1141 2724 nius
1155 2698 1184 2724 ὃ.
1200 2697 1394 2731 Chrysoslouto
1419 2697 1481 2730 jure
1510 2702 1536 2724 et
1564 2698 1663 2725 merito
1689 2699 1860 2730 adiudicarit.

1080 2732 1156 2759 Hanc
1175 2733 1247 2759 enim
1274 2732 1388 2759 contulit
1415 2732 1538 2760 eruditus
1552 2734 1591 2758 vir
1619 2740 1684 2760 cum
1711 2733 1811 2761 Graeco
1834 2734 1859 2760 S.

1079 2766 1266 2801 Chrysostomi
1297 2772 1436 2796 contextu.
1468 2773 1495 2794 et
1523 2768 1625 2801 reperit
1650 2773 1737 2801 atque
1766 2770 1861 2795 unonuit

1080 2809 1181 2828 meram
1201 2809 1261 2838 eam
1279 2810 1339 2828 esse
1352 2802 1614 2838 interpretationem,
1629 2810 1677 2829 seu
1703 2804 1797 2838 potius
1814 2803 1861 2830 ln-

1080 2841 1216 2870 gntentum
1230 2837 1347 2866 hontilw:
1364 2836 1463 2864 Grant:
1478 2838 1510 2865 de
1523 2837 1687 2865 Chanattaat.
