1908 3071
7 130 79 159 £84

601 128 885 158 ORIGEMANORUM
906 127 1087 156 Al‘PENDlX.

1578 125 1646 153 l282

10 195 70 222 la,
118 191 144 218 in
171 191 267 219 haeresi
295 191 531 226 Origenlstarum;
562 190 656 217 tribuit
678 194 706 217 et
723 189 806 216 editio
820 191 841 220 Α
857 195 901 215 ras
923 188 1046 221 relatam,
1063 192 1091 215 et
1105 187 1180 222 operi
1195 194 1244 215 suo
1263 186 1334 221 Περὶ
1351 186 1428 220 ὕλης
1444 185 1586 213 intextam.
1600 184 1644 211 Fi-

7 236 141 270 terlini,
153 242 180 265 et
192 238 276 265 codex
287 245 372 264 manu
382 242 507 264 exaratos
519 235 692 263 Biblimheca!
707 235 807 270 Regis.

7 284 55 309 ed
80 289 188 312 contra
203 285 342 316 Erasmus,
356 293 366 310 ι
385 283 543 310 Lamentum
570 283 632 315 hoc,
647 282 745 316 inquit,
758 288 808 309 nec

9 330 32 356 b
55 330 196 365 Origene
212 331 344 365 scriptum
358 335 409 363 est,
431 337 481 357 nec
506 329 539 356 ab
563 329 727 364 Hieronymo
748 335 809 355 ver-

7 384 87 408 um,
110 377 159 404 sed
178 376 335 411 figmentum
351 381 393 403 est
406 376 519 411 alicujus
543 375 656 406 indocti,
681 375 728 409 qui
750 378 808 401 stu-

7 422 90 448 ueri
100 427 113 449 ι
125 421 278 456 huiusmodi
291 421 383 448 colere
395 421 540 455 Origenem
557 420 698 447 infamare.
720 418 808 446 Simili

8 467 140 495 rtiﬂcio
155 467 289 495 tinxerant
299 467 439 502 epistolam
452 465 608 502 Hieronymi
622 464 709 498 titulo,
720 465 807 498 inqua

10 513 186 546 eplorabat
200 513 272 547 quod
282 513 427 547 aliquando
439 521 500 539 cum
517 511 632 546 Origene
646 511 802 538 sensisset.)

7 559 32 585 II.
58 559 200 587 Gelasius
216 559 241 586 in
258 559 373 586 concilio
390 557 535 585 Romano:
556 566 565 583 ι
591 557 671 584 Liber
692 556 738 591 qui
760 563 808 590 ap-

7 605 86 631 uella
94 610 143 631 tur
158 605 196 632 De
210 605 361 637 pauitantia
379 604 509 639 Origenis,
530 603 710 638 apocryphus.
730 611 739 628 ι
758 601 808 628 Mi-

9 659 70 677 um
96 651 192 686 itaque
210 651 269 678 sine
289 650 417 678 falsitatis
432 655 494 676 nota
508 658 524 677 a
546 648 676 684 theologis
694 647 805 683 quibus-

10 705 70 724 ,ιω
108 697 209 724 librum
235 697 306 724 hunc
334 703 524 730 nonnunquam
563 694 590 721 in
622 693 806 721 testimoniutn

11 744 112 774 itari.
130 748 158 771 et
174 744 243 770 inter
256 743 372 778 genuina
393 741 517 776 Origenis
530 748 613 775 opera
629 747 644 767 a
664 739 807 766 Vincentio

7 789 207 817 lellovacensi
226 788 319 823 reponi
334 787 411 821 Spec.
426 787 514 814 doctr.
525 786 572 814 lib.
586 793 663 818 xvnt,
682 792 742 820 cap.
761 785 806 812 45.

7 836 57 863 lic
88 842 162 863 vero
196 834 308 862 ridenda
331 838 374 860 est
404 832 562 860 heterodoxi
585 831 724 866 cujusdam
754 830 804 857 ltu-

7 889 47 908 us
67 881 170 908 aetatis
185 879 328 913 supinitas,
340 878 386 912 qui
411 877 571 905 Lamentum
593 875 702 911 Origeni
723 875 808 902 ascri-

7 933 110 960 ηυιη,
128 934 143 954 a
158 926 228 954 libro
242 924 279 952 De
293 924 445 960 paenitentia
459 922 596 950 diversum
611 921 675 957 quid
685 928 745 949 esse
758 928 807 956 pu-

9 974 96 1001 avit.

37 1020 100 1047 IX.
126 1018 265 1054 Dialogum
283 1016 322 1044 De
345 1015 494 1044 orthodoxa
512 1015 574 1050 ﬁde,
592 1014 637 1049 qui
661 1017 689 1042 et
713 1017 807 1041 contra

7 1066 219 1095 Marcionistas
241 1063 351 1092 inscribi
364 1062 442 1094 solet.
455 1061 564 1096 Origeni
580 1061 703 1088 tribuere
714 1060 808 1087 viden-

7 1119 58 1140 tur
74 1112 204 1140 Basilius
233 1116 262 1138 et
280 1109 428 1143 Gregorius
440 1108 638 1135 Nazianzenus.
652 1105 718 1133 Cum
736 1105 808 1132 enim

7 1168 37 1187 ex
58 1159 200 1194 operibus
212 1164 286 1184 mere
316 1155 486 1189 Origenianis
504 1152 679 1181 Philocaliam
690 1151 809 1179 conﬂare

7 1213 37 1233 se
57 1204 188 1241 professi
205 1204 271 1235 sint,
289 1203 470 1237 fragmentum
484 1207 499 1228 e
515 1205 591 1234 parte
611 1198 691 1226 tertia
705 1196 807 1232 Dialogi

7 1252 101 1280 istius
116 1252 303 1285 depromptum
318 1249 344 1276 in
361 1247 537 1275 Plailocaliam
552 1245 738 1280 coniecerunt.
756 1243 809 1270 lla—

7 1306 69 1333 que
88 1297 169 1325 illum
185 1304 246 1324 esse
258 1295 383 1330 Origeuis
397 1293 546 1322 credidisse
559 1292 619 1319 illos
634 1290 809 1327 perspicuum

7 1351 68 1372 est.
89 1345 128 1371 At
145 1343 282 1370 inducitur
293 1342 369 1369 in'eo
392 1340 501 1375 Dialogo
521 1338 651 1373 Origenes
669 1337 809 1373 probatam

7 1391 37 1418 in
68 1389 199 1417 Ecclesia
225 1388 258 1415 de
284 1387 382 1414 tunicis
403 1385 522 1421 pelliceis
537 1384 643 1416 Adami,
659 1388 688 1411 et
701 1385 734 1411 de
749 1390 810 1410 cor-

8 1444 87 1471 pore
106 1437 224 1463 humano
253 1438 280 1460 et
302 1433 402 1463 anima,
421 1433 508 1467 deque
525 1429 726 1457 resurrectione
748 1436 811 1457 sen-

8 1484 138 1511 tentiam
150 1487 339 1517 propugnans;
352 1486 413 1506 cum
426 1478 478 1505 alia
489 1477 608 1505 sensisse
623 1477 710 1510 ipsum
727 1482 809 1510 supra

10 1528 236 1558 ostenderimus.
263 1525 341 1553 Unde
365 1524 459 1559 opella
481 1523 561 1568 hujus
575 1522 706 1568 scriptor
723 1521 810 1568 neuti:
822 1538 844 1568 ο

10 1582 105 1609 quam
129 1572 205 1600 credi
232 1576 331 1606 potest.
354 1569 488 1597 Praeterea
512 1567 546 1596 ad
569 1567 649 1594 finem
668 1565 810 1600 fragmenti

13 1619 105 1654 hujus
120 1618 193 1653 quod
210 1616 366 1644 Pliilacalite
382 1616 513 1642 insertutn
532 1617 584 1644 est,
597 1611 724 1639 Scholion
741 1611 811 1638 istud

11 1664 140 1700 reperiri
153 1664 221 1691 solet
233 1671 241 1690 :
253 1662 345 1689 Ταῦτα
361 1661 414 1688 ἀπὸ
432 1660 479 1687 τοῦ
494 1658 515 1692 ζ’
530 1658 609 1692 λόγου
619 1657 671 1693 τῆς
682 1657 811 1683 Εὑσεῦίου

14 1712 66 1738 τοῦ
78 1710 225 1746 Παμφίλου
236 1706 441 1743 Εὐαγγελικῆς
448 1703 699 1740 προπαρωκευῆς
709 1711 813 1738 παρεκ-

16 1757 168 1793 ϐἐὸληται.
185 1756 311 1791 Μαξίμου
326 1754 355 1781 δέ
369 1755 448 1785 εἰσιν,
459 1752 496 1784 ὦς
511 1759 592 1787 φησιν
605 1751 620 1778 ὁ
635 1749 716 1782 αὐτὸς
727 1749 812 1776 Εὐσέ-

17 1806 93 1837 6ιος,
106 1804 159 1830 οὐκ
173 1803 280 1838 ἀσήμου
297 1801 326 1828 ὲν
339 1801 397 1832 τοῖς
412 1799 584 1835 Χριπιανοίς
611 1796 792 1832 συγγραφέως
803 1804 811 1811 ·

16 1850 167 1882 αὑτολεξεὶ
186 1849 214 1876 δὲ
229 1848 342 1884 εὓρηται
356 1846 443 1873 ταῦτα
453 1845 567 1881 κείμενα
583 1844 631 1871 καὶ
647 1845 676 1871 ὲν
688 1842 728 1878 τῷ
747 1843 814 1878 Ὠρι-

17 1898 122 1933 γένους
138 1896 206 1932 πρὸς
222 1892 442 1931 Μαρκιωνιστὰς,
464 1891 511 1918 καὶ
538 1890 633 1921 ἄλλους
657 1887 812 1925 αἱρετικοὺς

17 1944 155 1978 διαλόγῳ,
168 1940 317 1977 Εὑτροπίου
341 1939 507 1971 δικάζοντος.
521 1936 656 1972 Μεγεθιου
672 1936 700 1962 δὲ
710 1934 815 1962 ἀντιλέ-

19 1998 133 2026 γοντος.
149 1999 159 2015 ι
178 1988 239 2016 Haec
251 1995 266 2015 e
278 1986 393 2021 septimo
413 1985 482 2012 libro
497 1983 661 2018 Eranyelim
684 1989 815 2016 prepara-

20 2038 107 2064 tionis
120 2034 228 2063 Eusebii
244 2032 376 2068 Pamphili
401 2031 558 2066 deprompta
578 2033 653 2056 sunt.
670 2027 741 2055 Sunt
765 2034 814 2053 au-

22 2088 79 2110 tem
106 2082 228 2113 Maximi,
256 2085 286 2107 ut
310 2079 349 2106 ait
371 2078 427 2112 ipse
452 2076 594 2107 Eusebius,
615 2081 668 2101 non
690 2072 814 2107 ignobilis

22 2130 102 2157 inter
129 2127 300 2156 Christianos
318 2123 471 2159 εει-ἰριοτίς.
492 2121 615 2149 Totidem
641 2127 706 2147 vero
726 2118 815 2146 verbis

23 2174 133 2209 scripta
149 2180 180 2200 ea
196 2171 371 2199 inveniuntur
381 2169 408 2196 in
422 2166 548 2202 Origenis
560 2167 690 2193 adversus
701 2163 815 2191 Marcio-

859 235 919 262 dem
939 234 981 261 Itis
989 234 1117 262 conciliat
1128 234 1198 268 quod
1214 237 1306 260 narrat
1319 231 1507 260 Ensebiuslib.
1520 238 1546 258 vr
1562 229 1645 262 Ηὶιιη

858 289 918 316 cap.
944 281 989 312 55.
1011 281 1046 309 ab
1061 280 1148 308 aetatis
1165 286 1220 307 suae.
1243 279 1415 314 pi-aesltyteris
1435 285 1515 312 quam
1531 277 1645 311 plurima

858 329 892 356 de
905 327 1023 362 Origene
1040 327 1150 362 scriptis
1167 326 1250 353 fuisse
1270 326 1367 354 tradita
1382 334 1390 358 ;
1410 330 1436 353 et
1451 325 1522 359 quod
1542 323 1645 357 Dialogi

857 374 975 409 scriptor
991 381 1068 408 reges
1085 373 1216 408 quosdam
1232 371 1332 399 Christi
1355 371 1433 398 fidem
1451 370 1600 405 amplexos,
1619 373 1647 396 et

859 420 956 454 templa
981 419 1151 447 ethnicorum
1171 425 1233 445 cum
1258 418 1337 444 idolis
1359 424 1451 444 eversa
1479 422 1646 443 commemo-

858 471 916 499 rat;
944 465 1011 493 nihil
1041 466 1114 493 enim
1152 464 1304 499 huiusmodi
1330 462 1455 498 Origenis
1481 461 1646 496 temporibus

857 511 989 546 contigit,
1011 511 1059 539 sed
1082 509 1250 538 Constantini
1279 518 1286 537 :
1312 508 1383 536 unde
1407 507 1516 535 Maximi
1537 511 1644 534 aetatem

857 557 945 593 possis
965 557 1102 592 colligere.
1120 556 1179 593 (2|)
1197 555 1304 583 Fefellit
1329 555 1446 582 fortasse
1469 553 1597 581 Basilium
1618 556 1646 580 et

859 603 1019 638 Gregorium
1034 603 1136 637 Dialogi
1151 602 1243 629 titulus
1260 608 1357 628 nomen
1381 599 1534 627 Adamantii
1550 597 1646 633 praefe-

858 655 930 680 rens,
949 648 1020 682 quod
1039 648 1065 674 in
1083 654 1115 674 eo
1143 647 1243 681 primas
1264 650 1354 680 partes
1376 649 1472 672 tractet
1495 642 1644 677 Origenes;

857 693 1082 729 quemadmodum
1113 691 1188 720 Lzelii
1205 696 1232 719 et
1247 691 1359 719 Catonis
1374 690 1483 718 nomina
1499 689 1647 724 pra‘ferunt

859 739 960 772 Dialogi
985 739 1018 766 de
1041 738 1180 770 amicitia;
1201 741 1228 764 et
1245 737 1279 765 de
1296 740 1438 765 senectute
1467 742 1520 762 non
1542 735 1613 769 quod
1630 742 1645 761 a

857 785 961 812 Catone
998 784 1040 812 vel
1066 783 1150 811 Laelio
1174 783 1266 818 scripti
1290 782 1355 814 sint,
1379 782 1426 809 sed
1453 781 1524 815 quod
1553 780 1647 815 primae

858 831 923 866 ipsis
946 835 1037 865 partes
1061 830 1226 858 tribuantur.
1253 828 1403 855 Mirandum
1429 833 1510 862 porro
1528 834 1580 853 non
1605 829 1648 853 est

859 876 1094 911 interloqnentium
1116 882 1292 910 personarum
1308 874 1416 901 nontina
1435 880 1522 908 neque
1547 873 1573 900 in
1592 873 1647 900 Eu-

858 923 944 954 sebio.
969 929 1056 958 neque
1078 922 1105 949 in
1129 921 1276 949 Philocalia
1297 927 1479 955 comparere:
1502 927 1563 947 nam
1583 927 1645 946 eum

859 969 977 1001 rubrica,
996 968 1084 996 aliove
1096 968 1187 996 colore
1206 966 1335 1002 ejusmodi
1353 966 1460 993 nomina
1479 970 1506 993 et
1520 965 1646 993 lemmata

858 1014 976 1042 solerent
992 1012 1134 1048 distingui,
1148 1020 1163 1039 a
1176 1012 1294 1040 librariis
1307 1019 1493 1047 saepenumero
1504 1011 1647 1040 distinctio

858 1061 917 1089 haec
931 1060 1117 1092 omittebatur,
1127 1059 1168 1087 vel
1186 1067 1235 1095 per
1252 1059 1394 1091 incuriam,
1411 1058 1454 1086 vel
1471 1059 1561 1093 potius
1575 1059 1647 1093 quod

859 1115 919 1134 eam
935 1107 961 1134 in
979 1107 1148 1134 commodius
1164 1105 1318 1140 rejicientes
1331 1109 1446 1140 tempus,
1462 1105 1570 1138 penitus
1586 1109 1647 1131 tan-

859 1151 931 1183 dem,
961 1150 1086 1178 obliviosi
1112 1150 1211 1185 quippe
1236 1150 1369 1182 homines,
1394 1150 1645 1184 praetermitterent.

861 1196 996 1230 Duplieem
1013 1195 1207 1223 lucubrationis
1227 1195 1306 1229 hujus
1323 1194 1571 1229 interpretationem
1592 1193 1646 1222 La-

860 1242 916 1268 tina
937 1241 1102 1269 Genebrardi
1127 1241 1232 1276 profert
1256 1240 1350 1272 editio,
1374 1239 1487 1267 alteram
1512 1239 1645 1268 Joacbitni

860 1285 988 1318 Perionii,
998 1286 1135 1314 Laurentii
1154 1285 1287 1313 llutnfridi
1302 1285 1427 1312 alteram.
1438 1284 1498 1312 Alia
1513 1289 1645 1320 praeterea

859 1340 874 1359 a
891 1331 994 1360 Joanne
1013 1332 1078 1360 Pico
1104 1338 1230 1360 senatore
1250 1330 1392 1359 Parisieusi
1412 1330 1552 1358 lucubrata
1576 1337 1649 1358 anno

861 1376 941 1410 l556,
957 1385 1079 1405 seorsum
1092 1377 1163 1405 edita
1177 1381 1278 1404 exstat.

897 1421 932 1449 Χ.
957 1422 1045 1449 Alium
1070 1429 1138 1454 suo.
1165 1420 1345 1456 Origenisque
1373 1420 1484 1449 nomine
1506 1420 1648 1455 Dialogum

860 1472 1041 1504 supposuerat
1062 1467 1205 1494 haereticus
1225 1466 1345 1501 quidam,
1369 1474 1477 1494 omnem
1497 1466 1561 1494 licet
1585 1473 1649 1494 cum

861 1521 894 1542 eo
915 1513 1017 1549 Ephesi
1037 1512 1108 1540 forte
1132 1512 1183 1539 sibi
1209 1511 1267 1539 viso
1282 1519 1457 1547 congressum
1473 1519 1507 1539 ac
1526 1512 1648 1547 disputa-

864 1562 964 1589 tionem
992 1561 1180 1586 detrectasset.
1206 1557 1344 1585 Fictitiam
1369 1557 1544 1592 scriptionem
1576 1557 1650 1585 misit

863 1606 977 1634 Romam
994 1605 1029 1633 ad
1046 1612 1111 1632 suos
1130 1604 1287 1638 discipulos,
1309 1604 1464 1639 passimque
1484 1603 1649 1631 dissemina-

865 1653 914 1684 vit.
938 1656 966 1680 et
987 1650 1149 1682 Antiochiae,
1172 1650 1329 1684 priusquam
1348 1649 1411 1677 illuc
1430 1651 1571 1677 accederet
1588 1648 1650 1676 Ori-

862 1707 956 1735 genes,
971 1698 1007 1726 ob
1024 1697 1119 1724 falsam
1133 1696 1274 1723 victoriam
1290 1695 1383 1723 inanes
1401 1695 1456 1731 egit
1470 1695 1621 1729 triumphos
1639 1703 1648 1723 ε

864 1752 924 1771 mox
944 1751 1007 1771 vero
1025 1747 1054 1770 ut
1074 1740 1161 1768 adfuit
1179 1740 1367 1772 Adamantius,
1390 1740 1506 1767 hominis
1523 1739 1649 1767 contudit

863 1791 1046 1824 proterviam,
1069 1793 1096 1815 et
1127 1786 1276 1814 vanitatem
1306 1785 1457 1813 manifestis
1480 1785 1649 1821 argumentis

863 1836 990 1864 convicit.

899 1882 945 1910 XI.
964 1880 1045 1909 Falso
1059 1886 1167 1915 quoque
1180 1877 1332 1913 praescrihit
1346 1877 1396 1905 sibi
1412 1883 1510 1904 nomen
1525 1875 1651 1911 Origenis

863 1929 968 1957 libellus
990 1927 1113 1963 quidam,
1134 1925 1180 1961 qui
1204 1923 1424 1960 philosophorum
1445 1927 1534 1950 sectas
1554 1930 1586 1949 ac
1604 1922 1652 1949 do-

864 1980 955 2011 gmata
979 1977 1115 2006 recenset,
1131 1977 1159 2000 et
1178 1970 1333 2007 Ὠριγένους
1349 1968 1564 2004 φιλοσοφούμενα
1584 1967 1654 1996 solet

863 2020 1001 2057 appellari.
1018 2019 1124 2047 Primus
1147 2023 1237 2045 autem
1262 2017 1307 2044 hic
1329 2021 1372 2044 est
1398 2016 1467 2042 liber
1491 2014 1648 2049 grandioris

862 2068 964 2104 operis,
981 2073 1034 2102 quo
1049 2065 1168 2093 haereses
1180 2070 1275 2091 omnes
1287 2061 1467 2090 eonfutandas
1483 2065 1578 2088 auctor
1596 2060 1650 2088 sibi

864 2116 1059 2149 proposuerat,
1083 2110 1154 2145 quod
1186 2117 1219 2137 ex
1245 2107 1379 2143 dogmatis
1408 2105 1649 2141 philosophorum,

866 2161 1005 2188 hiercseon
1020 2162 1110 2192 pestes
1127 2155 1184 2183 fere
1202 2153 1328 2190 profectae
1344 2153 1415 2186 sint;
1434 2151 1530 2186 bisque
1540 2149 1651 2178 convel~

143 2196 267 2251 zdiosqite
281 2196 425 2243 hicreticos
436 2196 556 2247 Dialogo,
571 2215 667 2246 agente
676 2209 814 2244 Eutropio,
831 2218 854 2247 υ
867 2207 955 2234 lendis
973 2204 1047 2232 utilis
1073 2203 1109 2231 sit
1133 2202 1240 2230 illorum
1265 2199 1428 2251 confutatio.
1447 2197 1570 2251 Larvatae
1589 2196 1652 2251 huic

23 2265 193 2294 defendente
202 2262 348 2297 Megethio.
364 2269 373 2287 ι
386 2260 493 2287 Revera
505 2257 636 2286 Eusebius
650 2257 720 2284 libro
729 2263 764 2283 vn
778 2255 815 2282 De

24 2316 173 2346 promorat.
181 2308 322 2343 evangelia.
333 2307 514 2342 fragmentum
527 2304 552 2332 id
562 2304 753 2335 exhibet,etex
761 2301 816 2329 Ma-

27 2358 97 2386 ximi
117 2357 186 2384 libro
207 2355 277 2389 Περὶ
294 2354 371 2388 ὕλης
390 2359 450 2380 sese
465 2355 616 2379 mutuatum
641 2356 701 2377 esse
721 2348 814 2375 tradit.

26 2404 109 2432 Utris
116 2407 208 2430 autem
220 2401 279 2437 plus
292 2401 441 2428 habeamus
455 2394 814 2428 ﬁdei.BasilioetGregorio,

27 2457 99 2485 opus
111 2449 138 2476 id
149 2447 257 2483 Origeni
267 2444 465 2476 tribuentibus;
477 2450 512 2470 an
522 2441 636 2469 Eusebio
647 2441 717 2468 idem
733 2439 813 2466 Maxi-

29 2505 76 2524 mo
87 2493 250 2530 assignanti,
271 2491 462 2527 atnhigendnm
477 2496 532 2516 non
549 2491 590 2515 est
604 2495 611 2513 :
625 2494 696 2522 saepe
717 2485 816 2520 quippe

28 2541 199 2570 ostendimus
211 2539 344 2566 neminem
353 2537 380 2564 in
388 2533 590 2571 perscrutandis
597 2531 723 2568 Origenis
736 2532 817 2559 rebus

32 2593 139 2616 tantum
154 2585 310 2613 adhibuisse
323 2591 396 2611 etme
411 2587 440 2609 et
451 2579 577 2611 solertia,
591 2582 719 2614 quantam
737 2576 817 2604 adbi—

32 2632 242 2661 buitEusebius.
251 2630 313 2657 Veri
323 2635 414 2656 autent
432 2627 520 2655 simile
531 2631 573 2654 est
584 2624 704 2652 habitam
723 2629 816 2650 revera

34 2680 120 2707 fuisse
136 2677 244 2713 Origeni
263 2683 322 2703 cum
340 2674 482 2708 Megethio,
502 2672 604 2703 Marco,
626 2669 742 2703 aliisque
760 2668 816 2695 ha:-

35 2725 127 2754 reticis
142 2722 370 2752 concertationem
382 2728 389 2752 ;
400 2724 429 2746 at
441 2727 456 2746 a
469 2718 587 2745 Maximo
595 2716 692 2744 deittde
704 2715 730 2742 in
745 2714 818 2742 litte-

73 2805 128 2845 (21)
148 2803 253 2845 efellit
267 2801 379 2845 fortasse
393 2792 819 2845 Bais-ilium"ethtilregoiinmlgin-

37 2828 344 2876 log‘t—itlitt—ittg;_teli!.'Vide
356 2843 415 2876 quae
422 2833 544 2876 diximus
554 2831 588 2876 de.
602 2828 817 2876 ltoccehDialpgo,

39 2864 269 2909 i37i.'i','r}aém.,
285 2879 344 2907 pag.
359 2864 403 2904 l2,
420 2868 462 2902 15,
475 2872 502 2895 et
513 2867 539 2894 in
555 2865 739 2893 admonitione
755 2864 819 2891 huic

867 2251 1009 2287 scriptioni
1032 2255 1176 2286 personam
1200 2246 1347 2275 detrahunt
1374 2244 1417 2271 vel
1443 2243 1524 2271 verba
1558 2242 1652 2270 isthaec

867 2307 927 2334 qua:
943 2302 1052 2326 exstant
1062 2296 1088 2323 in
1103 2293 1235 2331 prooimio
1250 2302 1257 2319 :
1270 2292 1363 2319 Ταῦτα
1371 2290 1399 2318 δὲ
1414 2290 1507 2326 ἕτερος
1519 2290 1568 2316 οὐκ
1578 2288 1655 2334 cut-

867 2329 918 2378 έει,
935 2343 952 2379 ἢ
968 2343 998 2370 τὸ
1010 2343 1039 2369 ὲν
1063 2329 1211 2376 Ἑδικλησῑᾳ
1224 2337 1376 2374 παραδοθὲν
1389 2337 1465 2371 ἅγιον
1486 2335 1609 2370 Πνεῦμα,
1623 2329 1654 2361 οὗ

866 2390 1045 2426 τυγχάνοντες
1070 2387 1202 2423 πρότερον
1214 2385 1239 2412 οἱ
1267 2383 1409 2411 ἀπόστολοι
1432 2381 1577 2418 μετέδοσαν
1598 2381 1653 2411 τοῖς

867 2437 955 2474 ὀρθῶς
969 2433 1192 2462 πεπιστευκόσιν·
1200 2427 1237 2458 ὧν
1251 2431 1330 2466 ἡμεῖς
1338 2428 1453 2463 διάδοχοι
1463 2426 1653 2462 τυγχάνοντες.

867 2485 918 2520 τῆς
942 2492 973 2510 τι
997 2482 1082 2517 αὐτῆς
1097 2481 1207 2516 χάριτος
1229 2477 1398 2514 μετέχοντες,
1413 2473 1605 2510 ἁρχιερατείας
1624 2480 1656 2498 τε

866 2519 914 2558 καὶ
923 2527 1104 2559 διδασκαλίας,
1120 2526 1167 2552 καὶ
1180 2523 1292 2560 φρουροὶ
1305 2523 1355 2558 τῆς
1371 2521 1532 2556 Ἐκκλησίας
1551 2519 1655 2556 λελογι-

869 2576 973 2612 σμένοι,
981 2575 1031 2601 οὐκ
1037 2572 1169 2608 ὀφθαλμῷ
1174 2569 1353 2606 νυστάξομεν.
1359 2567 1422 2596 Hac
1432 2572 1518 2594 autem
1527 2575 1577 2593 non
1589 2565 1656 2592 alius

869 2625 1002 2657 conrguet,
1013 2627 1092 2655 quam
1106 2618 1221 2645 traditus
1235 2617 1261 2644 in
1274 2615 1392 2643 Ecclesia
1406 2613 1523 2648 Spiritus
1531 2616 1636 2639 sanctus
1646 2617 1656 2637 :

870 2675 945 2703 quem
963 2673 1022 2692 cum
1038 2663 1160 2699 primitus
1175 2661 1334 2695 accepissent
1353 2657 1476 2693 apostoli,
1494 2656 1527 2683 iis
1540 2662 1657 2682 commit-

872 2714 995 2742 nicarunt
1014 2710 1060 2746 qui
1080 2713 1147 2737 recte
1171 2708 1204 2735 de
1218 2707 1271 2734 Deo
1291 2706 1434 2733 sentiebant
1451 2711 1460 2731 :
1476 2708 1588 2739 quorum
1610 2707 1657 2726 nos

871 2790 948 2831 operi
978 2788 1089 2826 pretim
1115 2793 1177 2821 pag.
1206 2784 1278 2818 800,
1304 2783 1354 2811 801
1385 2788 1412 2811 et
1450 2781 1503 2810 80‘2
1537 2778 1657 2815 ejusdem

873 2833 950 2855 101111.
