1908 3071
265 129 333 157 1°85

653 127 682 153 Ρ.
705 127 859 154 DANIELIS
879 127 991 154 llUETll
1014 126 1300 154 ORIGENIANORUM
1323 123 1502 152 APPENDIX.

1809 120 1874 147 128i

264 197 324 216 cum
340 196 502 215 successores
514 188 606 219 simus,
625 192 650 214 et
662 188 778 222 ejusdem
790 188 882 222 gratim
896 188 1046 222 participes,
1064 190 1084 217 A
1100 188 1159 215 nius
1175 191 1311 214 auctorem
1333 193 1393 213 esse
1405 184 1570 220 Cyprianum
1588 182 1691 209 levibus
1713 187 1781 207 sane
1796 180 1878 206 ratio-

264 242 362 261 necnon
376 234 551 268 episcopatus,
566 238 590 260 et
607 234 763 267 magisterii,
783 239 806 260 et
824 235 942 260 custode:
959 234 1047 260 Eccle-

263 281 310 306 sia?
324 280 448 313 reputati,
462 287 512 305 non
525 279 606 306 oculis
621 287 667 314 per
679 280 827 306 socordiam
837 280 1046 307 dormitabimus.

265 325 344 359 Atqui
366 333 414 352 nec
435 325 562 352 Ecclesiae
583 330 675 353 custos
699 326 842 360 Origenes.
869 333 917 353 nec
941 326 1047 360 episco-

264 378 313 404 pus
331 371 391 397 fuit.
417 371 565 405 Episcopus
586 376 674 398 autem
699 371 748 398 fuit
770 371 944 406 Epiphanius.
967 375 993 398 et
1018 371 1049 398 li-

264 416 341 443 brum
361 417 469 452 scripsit
485 419 518 444 de
542 418 690 444 hreresibus
703 426 710 444 :
725 418 796 444 unde
810 426 862 444 non
883 417 970 444 inanis
983 425 1048 444 con-

262 463 367 497 jectura
384 463 500 491 sumitur
521 464 572 491 hoc
594 471 661 498 opus
687 463 719 490 ad
747 463 833 498 ipsum
847 471 910 491 esse
931 462 1049 491 referen-

265 507 338 534 dttm.

260 562 263 573 ε
300 553 355 580 Xll.
369 553 499 581 Libellum
519 553 556 580 De
568 553 752 588 singularitate
763 553 919 580 clericorum
937 553 1047 588 Origeni

265 598 363 626 addicit
378 604 453 626 vetus
469 600 553 626 codex
571 599 659 634 Regia:
674 599 853 626 Bibliotheca.
868 598 1003 626 Addicunt
1022 602 1049 625 et

264 643 412 671 Landulfus
430 653 444 671 a
461 645 592 671 Columna
619 645 644 671 in
673 644 811 672 Breviario
825 644 970 676 historiali,
996 644 1048 671 La-

265 690 373 717 ziardus
387 689 561 722 leestinus,
581 690 735 717 Antoninus
759 695 787 717 et
809 690 965 718 Vincentius
993 691 1050 718 Bel-

266 736 426 766 lovacencis,
444 743 511 770 quos
528 740 650 762 recenset
669 735 819 768 Pamelius;
839 740 866 762 et
881 736 979 770 quibus
993 735 1049 768 ipse

265 780 391 813 succinit,
405 788 464 806 cum
487 780 513 806 in
530 779 690 807 Praefatione
709 780 742 807 ad
757 780 865 807 tertium
879 785 979 807 tomum
996 780 1048 816 Cy-

266 825 365 859 priani,
381 830 436 851 tum
450 825 476 851 in
491 830 650 859 argumento
663 824 724 851 libri
736 824 804 859 ejus,
818 829 844 851 et
857 824 883 851 in
895 825 1049 852 adnotatio-

266 871 346 898 nibus
358 871 391 897 ad
408 875 488 904 caput
501 870 617 904 primum
633 871 694 898 libri
709 869 870 898 Tertulliani
897 870 936 897 De
959 870 1050 897 cat/tor-
1065 860 1085 888 Β

265 917 361 943 tationc
376 917 514 943 castitatis.
539 916 591 944 Sed
608 917 738 943 reclamat
758 915 902 949 Baronius,
913 917 984 951 quod
999 917 1049 943 hoc

265 968 347 996 opere
370 961 528 988 feminarum
550 962 755 989 contubernium
772 961 879 989 clericis
904 961 1050 988 interdico-

267 1012 327 1039 tur;
345 1015 406 1035 cum
419 1008 489 1034 inter
503 1006 628 1034 mulieres
641 1012 667 1034 et
683 1007 786 1042 puellas
799 1007 930 1042 Origenes
942 1007 1052 1034 assiduo

266 1053 302 1080 sit
319 1058 504 1081 conversatus.
526 1052 608 1079 Addit
631 1053 656 1079 id
674 1052 755 1080 fuisse
770 1060 859 1080 causa:
871 1061 920 1080 cur
934 1054 1050 1087 scriptus

267 1099 302 1126 ab
316 1099 476 1125 Adamantio
493 1098 542 1125 iste
559 1098 627 1125 liber
640 1099 760 1126 creditus
785 1098 830 1131 sit,
850 1099 921 1134 quod
938 1103 1048 1133 sponta-

266 1151 345 1171 neam
371 1145 565 1172 castrationem
590 1152 642 1172 non
663 1145 872 1180 improbaverit;
896 1152 978 1180 atque
1000 1147 1050 1172 hoc

267 1191 337 1218 idem
361 1196 550 1226 argumentum
578 1192 718 1226 usurpavit
742 1191 878 1219 Pamellus
899 1201 906 1219 :
925 1202 934 1218 ι
957 1192 1048 1226 Atqui,

266 1237 353 1271 inquit
369 1237 511 1269 Baronius,
526 1237 675 1264 debuerunt
696 1237 722 1264 hi
738 1238 894 1265 meminisse
915 1238 1001 1272 aliqua
1016 1246 1049 1266 ex

266 1288 343 1317 parte
366 1282 501 1308 laudatum
521 1289 628 1317 quoque
655 1289 670 1309 a
697 1283 810 1310 Domino
833 1283 950 1310 villicum
976 1284 1047 1310 illum

267 1327 426 1361 iniquitatis,
440 1334 500 1354 cum
515 1327 613 1361 alioqui
629 1327 698 1354 idem
713 1335 807 1355 auctor
819 1328 852 1355 de
874 1329 915 1355 his
931 1328 976 1362 qui
992 1329 1049 1356 haec

266 1376 474 1406 perpetrarent,
501 1372 554 1399 alio
587 1371 788 1399 Commentario
812 1380 841 1400 se
871 1377 1048 1400 tractaturum

265 1415 407 1448 spondeat.
427 1424 436 1440 ι
461 1414 557 1442 Utilius
575 1416 758 1450 respondisset
772 1417 912 1448 Baronius.
931 1417 952 1444 si
964 1418 1049 1445 dixis-

266 1465 309 1487 set
323 1461 487 1488 exsectionis
497 1469 552 1488 sua:
563 1461 706 1496 Origenem
719 1463 887 1497 pcenituisse,
898 1469 924 1490 et
938 1471 952 1490 a
969 1464 1048 1491 simili

268 1505 390 1534 facinore
406 1507 523 1540 reliquos
540 1507 719 1534 absterruisse
743 1508 769 1534 in
791 1508 999 1536 Commentariis
1015 1509 1048 1536 ad

269 1551 441 1586 Evangelium
470 1551 598 1580 Matlhaai.
626 1553 703 1586 Quod
722 1561 786 1589 ergo
811 1555 837 1581 in
864 1560 1048 1590 argumentum

269 1603 408 1624 traxerunt
426 1599 557 1631 nonnulli,
575 1605 603 1626 ut
623 1600 720 1626 librtttn
742 1600 779 1627 De
799 1602 983 1635 singularitate
999 1602 1050 1629 cle-

268 1641 383 1668 ricorum
404 1643 510 1678 Origeni
533 1644 711 1678 ascriberent,
727 1646 798 1680 quod
814 1653 909 1680 nempe
928 1646 1050 1674 volunta-

269 1688 336 1715 riam
363 1688 520 1724 genitalium
553 1691 762 1724 atnputatiouem
790 1699 843 1719 non
872 1694 1050 1728 damnaverit,

268 1731 383 1767 idipsum
405 1733 503 1760 indicio
520 1734 584 1760 Inibi
601 1739 643 1761 est
656 1735 756 1762 librum
771 1743 822 1762 non
834 1743 894 1763 esse
907 1737 1048 1773 Origenis;

267 1779 367 1814 quippe
379 1787 460 1815 quem
471 1781 550 1808 annis
561 1783 757 1816 provectiorem
771 1782 899 1811 facinoris
913 1784 938 1810 in
952 1784 1049 1819 juven-

268 1826 333 1852 tutis
349 1826 439 1853 calore
451 1827 559 1854 admissi
574 1828 740 1863 paenituerit.
755 1829 870 1861 Baronio
881 1838 913 1857 ex
926 1830 1050 1865 Origenis

269 1869 372 1898 familia
389 1872 472 1898 fetum
489 1873 560 1900 hunc
583 1874 726 1908 depellenti
750 1875 911 1911 astipulatur
925 1877 1049 1905 codicum

268 1916 412 1950 dissensio,
432 1926 546 1952 quorutu
567 1920 615 1946 alii
636 1919 813 1956 Hieronymo,
829 1922 978 1957 Augustino
993 1923 1049 1956 alii,

269 1962 390 1997 plerique
412 1963 546 1998 Cypriauo
569 1966 717 2000 assignant.
745 1966 873 1995 Erasmus
897 1969 930 1995 ad
949 1969 1049 1996 calcem

268 2008 328 2035 libri
352 2009 493 2044 Augustini
510 2010 546 2037 De
574 2011 640 2037 bono
665 2012 803 2039 uiduitatis
818 2019 827 2038 ε
841 2022 850 2038 ι
870 2013 1049 2047 Sequebatur,

268 2055 368 2089 inquit,
383 2055 434 2083 huc
450 2056 509 2084 loco
522 2056 626 2084 libellus
639 2057 675 2083 De
689 2058 871 2092 lingularitale
886 2060 1049 2093 clericorum,

267 2103 315 2135 qui
329 2102 408 2129 toties
419 2106 446 2128 et
458 2101 626 2138 Hieronymi.
639 2108 666 2129 et
677 2103 802 2138 Cypriani
819 2105 926 2132 nomine
936 2113 1050 2134 excusus

267 2151 319 2179 est,
336 2155 396 2174 cum
413 2149 518 2183 phrasis
535 2157 584 2176 nec
599 2149 861 2185 lliero:aymum,nec
875 2152 1049 2186 Cyprianum,

1099 233 1179 260 uibus
1191 232 1332 260 contendit
1345 240 1353 258 :
1369 238 1458 265 neque
1469 237 1530 259 eum
1542 231 1632 254 movet
1646 226 1708 262 Styli
1724 225 1877 257 disparitas.

1098 278 1168 313 quod
1188 285 1241 305 non
1255 277 1377 304 eumdem
1393 282 1501 310 semper
1518 273 1578 306 styli
1594 277 1713 300 tenorem
1727 270 1879 306 Cyprianus

1099 323 1258 351 servaverit.

1134 368 1160 395 In
1176 374 1229 395 tam
1244 369 1373 399 obscura,
1389 373 1516 403 tanquam
1535 371 1711 394 controversa
1729 365 1881 400 quaestione

1099 418 1200 441 certum
1223 414 1323 448 aliquid
1347 418 1467 440 statuere
1486 413 1593 440 didicile
1616 418 1666 440 est.
1682 411 1814 446 Cypriani
1830 407 1878 436 non

1098 467 1158 487 esse
1180 459 1251 487 istud
1267 467 1334 493 opus
1345 460 1463 486 clamant
1483 459 1605 486 barbarae
1625 458 1666 485 ba:
1679 464 1773 487 voces,
1789 456 1876 490 cujus-

1099 506 1169 533 modi
1195 506 1280 533 nullas
1307 507 1332 532 in
1356 513 1422 539 puro
1448 513 1479 532 ac
1507 510 1578 531 terso
1602 503 1728 539 Cypriani
1757 509 1880 529 sermone

1099 551 1265 577 nanciscaris
1292 559 1298 576 :
1329 559 1338 576 ι
1367 550 1644 581 Coustitutionarios,
1676 548 1878 582 repulsorium.

1099 594 1280 628 vulgaritatis,
1308 594 1485 626 llttxurarum,
1515 593 1694 628 probrositas,
1724 591 1879 627 participia,

1099 640 1223 671 adunari,
1247 639 1386 671 vanilicat.
1406 644 1566 674 egestosam,
1591 639 1762 670 intimemus,
1788 645 1881 672 procu-

1101 687 1198 718 rativa,
1215 685 1363 718 absentari,
1373 685 1560 720 conjugalitas,
1576 685 1737 719 parentalis,
1752 693 1762 709 ι
1777 684 1880 718 aliaque

1099 731 1224 765 plurima.
1243 730 1308 764 Quis
1329 735 1509 759 monstrorum
1525 730 1655 766 ejusmodi
1673 734 1818 764 parentem
1832 730 1880 763 Cy-

1099 778 1223 812 prianum
1237 772 1328 804 dicat?
1343 778 1523 805 Arianismum
1537 783 1667 813 praetcrea
1681 778 1739 804 haec
1751 776 1860 810 sapiunt
1873 785 1879 801 :

1099 823 1130 851 Si
1151 823 1271 851 Christus
1286 832 1438 859 comparare
1458 825 1567 859 seipsum
1586 832 1667 850 ausus
1693 829 1730 850 ut
1755 822 1822 853 Deo,
1840 823 1880 856 qui

1099 869 1136 896 ait
1151 877 1160 895 :
1175 869 1257 896 Pater
1276 870 1362 903 maior
1374 878 1414 896 me
1436 875 1472 897 est
1496 877 1505 896 .'
1523 875 1568 896 aut
1582 870 1606 896 si
1618 869 1731 903 apostoli
1747 876 1881 902 curquur:

1099 916 1248 950 semetipsos
1272 916 1331 942 atm'
1357 921 1416 943 sunt
1441 915 1544 942 Christo
1568 915 1601 942 “.
1622 915 1761 950 Rapinam
1791 921 1882 947 nempe

1099 961 1257 994 arbitratur,
1270 961 1406 988 Christum
1423 968 1484 988 esse
1495 961 1622 995 aequalem
1639 961 1694 988 Deo
1704 960 1746 992 ";
1766 965 1881 986 tantum-

1099 1014 1152 1041 que
1182 1007 1346 1034 discriminis
1373 1007 1512 1035 Christum
1542 1008 1612 1034 inter
1636 1012 1664 1033 et
1694 1007 1784 1033 Deum
1814 1013 1882 1034 esse.

1099 1057 1228 1086 quantum
1241 1052 1377 1087 apostolos
1399 1052 1470 1080 inter
1487 1058 1514 1080 et
1525 1053 1673 1080 Christum.
1690 1052 1881 1087 Pritnigeniam

1099 1104 1126 1126 et
1143 1100 1260 1126 nativam
1285 1099 1500 1127 lucubrationem
1526 1101 1612 1135 slylus
1638 1099 1706 1132 olet,
1725 1107 1783 1126 non
1808 1099 1883 1126 inter-

1100 1147 1292 1180 pretationem.
1312 1153 1370 1181 quae
1389 1147 1501 1174 astricta
1518 1147 1574 1174 fere
1588 1151 1628 1173 est
1644 1151 1672 1173 et
1694 1151 1836 1173 contorta.
1852 1146 1883 1172 Ea

1099 1200 1163 1220 vero
1177 1197 1219 1220 est
1233 1193 1377 1227 scriptoris
1392 1193 1542 1225 barbaries,
1565 1197 1591 1218 ut
1607 1192 1782 1220 hellenismis
1801 1193 1882 1219 locum

1099 1238 1207 1266 dedisse
1222 1239 1333 1266 minime
1346 1239 1471 1266 mirabile
1490 1239 1535 1270 sit,
1550 1238 1595 1273 qui
1615 1243 1655 1265 tot
1673 1238 1848 1273 stribligines
1857 1247 1882 1265 ac

1099 1283 1247 1310 dictionum
1273 1288 1396 1318 portenta
1423 1283 1544 1310 admisit.
1573 1284 1666 1318 Spirat
1688 1288 1785 1311 tamen
1803 1283 1883 1310 felicia

1097 1329 1297 1363 juvenescentis
1319 1329 1445 1357 Ecclesia:
1460 1334 1589 1363 tempora,
1614 1330 1684 1357 adeo
1703 1335 1732 1356 ut
1764 1330 1788 1356 si
1802 1330 1884 1356 minus

1101 1376 1174 1402 illum
1190 1375 1345 1410 Hieronymi
1370 1380 1397 1403 et
1418 1376 1559 1410 Augustini
1577 1383 1634 1403 aevo
1658 1377 1835 1410 superiorem
1851 1377 1883 1402 di-

1100 1429 1203 1453 camus.
1216 1423 1286 1457 quod
1299 1424 1465 1458 probabilius
1476 1430 1536 1451 esse
1550 1429 1627 1459 puto,
1641 1432 1696 1451 non
1713 1423 1805 1451 multo
1818 1429 1884 1450 certe

1101 1467 1254 1494 inferiorem
1269 1468 1351 1496 liceat
1369 1469 1505 1497 arbitrari.

1135 1513 1279 1548 Reperitur
1291 1515 1399 1546 quidem
1415 1516 1486 1542 inter
1500 1515 1567 1542 falso
1587 1515 1704 1550 ascripta
1719 1515 1885 1552 Hieronymo

1100 1567 1180 1594 opera
1203 1561 1323 1595 Epistula
1338 1561 1371 1587 ad
1385 1561 1518 1588 Oceanum
1532 1561 1565 1589 de
1579 1562 1632 1588 vita
1647 1561 1829 1594 clericorum,
1845 1563 1885 1589 sed

1100 1605 1222 1640 Sulpicio
1255 1607 1356 1634 Severo
1392 1607 1539 1640 recentior,
1569 1608 1668 1642 quippe
1703 1616 1768 1642 qua:
1803 1610 1885 1636 sancti

1099 1652 1206 1680 Martini
1231 1652 1320 1680 Vitam
1348 1653 1382 1681 ab
1408 1661 1440 1680 eo
1467 1654 1595 1688 scriptam
1627 1654 1731 1682 laudet.
1762 1655 1884 1690 Ejusdem

1100 1697 1156 1726 fere
1183 1705 1214 1726 ea
1243 1704 1286 1726 est
1311 1699 1460 1734 argumenti
1485 1707 1517 1727 ac
1539 1700 1622 1727 altera
1651 1701 1710 1728 haec
1739 1709 1804 1736 quae
1829 1701 1884 1730 Ori-

1099 1744 1159 1779 geni
1192 1743 1346 1779 alliugitur.
1381 1750 1410 1772 ut
1440 1745 1462 1772 si
1494 1746 1661 1780 quis-illam
1698 1755 1734 1775 ex
1763 1749 1818 1776 hac
1844 1757 1886 1776 ex-

1100 1795 1220 1823 pressam
1237 1790 1321 1822 dicat,
1332 1789 1468 1824 conjeclor
1483 1798 1535 1818 non
1554 1791 1660 1826 ineptus
1681 1794 1772 1820 videri
1792 1796 1882 1829 possiL

1136 1833 1204 1862 Xlll.
1233 1833 1321 1863 Josias
1334 1836 1480 1870 Simlerus,
1505 1842 1533 1865 et
1563 1838 1705 1866 Conradus
1730 1839 1841 1867 Frisius
1861 1841 1883 1867 in

1102 1879 1221 1914 Epitome
1247 1881 1416 1911 Bibliotheca
1436 1883 1603 1913 Gesnerianw
1625 1891 1743 1913 narrant
1764 1887 1883 1922 Origenis

1101 1927 1197 1955 librum
1220 1928 1258 1956 De
1275 1930 1419 1957 astrolabio
1443 1931 1470 1958 in
1491 1931 1618 1959 Vaticana
1643 1933 1814 1961 bibliotheca
1832 1942 1882 1961 ser-

1100 1974 1169 2001 vari.
1199 1975 1358 2010 Argumenti
1388 1977 1467 2012 hujus
1496 1979 1672 2013 seriptionem
1707 1981 1743 2007 ab
1772 1980 1881 2016 Origene

1099 2019 1199 2047 exiisse
1213 2027 1303 2053 nemo,
1316 2021 1387 2055 quod
1401 2023 1498 2055 sciam,
1513 2023 1612 2050 litterts
1623 2024 1759 2058 prodidit.
1772 2024 1813 2051 Ne
1825 2026 1880 2059 quid

1102 2069 1188 2092 tamen
1206 2066 1402 2094 inconsiderate
1424 2068 1606 2102 decernerem,
1625 2070 1719 2096 curavi
1740 2070 1881 2098 Vaticanus

1100 2113 1261 2146 perlustrari
1283 2114 1393 2147 forulos,
1417 2115 1520 2143 indices
1541 2117 1625 2144 evolvi
1650 2127 1657 2144 ι
1677 2118 1786 2145 nullum
1812 2119 1881 2153 plane

1101 2157 1151 2184 hoc
1165 2158 1243 2186 titulo
1264 2159 1360 2186 librum
1382 2161 1436 2188 illic
1455 2162 1566 2196 reperiri
1590 2163 1723 2197 perlatum
1740 2169 1786 2191 est
1799 2165 1832 2191 ad
1846 2173 1881 2191 nte

269 2200 318 2219 nec
338 2193 516 2244 Augustinum
544 2194 666 2221 referat:
691 2196 804 2230 proinde
826 2204 879 2223 uon
901 2203 942 2225 est
965 2199 1048 2226 visum
1065 2207 1087 2235 ι)
1101 2205 1136 2228 ab
1150 2203 1255 2236 amicis,
1270 2205 1369 2239 quibus
1390 2206 1415 2233 id
1436 2193 1533 2241 negotii
1549 2193 1687 2235 dederam.
1705 2209 1783 2237 lnter
1797 2212 1880 2244 spurii

267 2245 300 2264 eo
327 2246 445 2272 prtesens
469 2240 593 2267 volumen
621 2249 744 2269 onerare.
770 2252 779 2269 ι
810 2243 987 2272 Bellartuimts
1011 2245 1049 2272 De

267 2283 356 2316 script.
384 2284 529 2313 cccleaiaat.
555 2287 580 2313 in
608 2286 763 2322 Cypriano,
800 2296 885 2323 neque
912 2289 1047 2324 Origenis,

268 2335 354 2362 neque
369 2328 506 2363 Cypriani.
526 2332 573 2358 sed
598 2332 686 2360 Latini
712 2339 800 2362 tamen
827 2336 967 2370 scriptoris
987 2343 1048 2365 esse

267 2378 369 2401 censet.
386 2374 520 2403 Pamclius
537 2383 639 2410 autem,
650 2383 678 2405 et
690 2384 750 2414 post
765 2387 826 2407 eum
842 2380 952 2408 Rivetus
964 2382 998 2414 δ’,
1014 2391 1046 2411 ex

266 2418 433 2447 hellenismis
447 2421 609 2455 quibusdam
630 2425 757 2458 suspicati
775 2431 840 2454 sunt
858 2435 873 2454 e
885 2427 981 2455 Grzeco
993 2428 1045 2455 La-

267 2465 324 2492 tine
337 2472 398 2493 esse
410 2473 584 2496 conversum.
605 2468 720 2504 Sillljlcil
738 2472 871 2500 Pamelitts
889 2480 1001 2502 censere
1017 2483 1047 2502 se

265 2517 426 2538 conversum
453 2513 504 2540 hoc
522 2521 589 2548 opus
608 2515 663 2549 jam
681 2516 742 2544 inde
764 2518 798 2544 ab
811 2524 890 2546 aetate
907 2519 1047 2554 Cypriani,

265 2557 301 2583 ob
319 2557 457 2585 schemata
481 2563 508 2585 et
528 2559 642 2594 phrases
662 2560 720 2594 ejus
732 2563 832 2590 aetatis.
848 2564 948 2592 Contra
960 2564 1046 2593 Baro-

539 2687 606 2736 ??t:
627 2696 694 2731 cava
711 2690 756 2721 ιδι
773 2691 836 2736 ,δικ
873 2692 895 2708 δ’
916 2692 1005 2736 om
1028 2693 1047 2721 ο

1101 2703 1120 2723 ς.
1151 2706 1222 2725 mcr.
1239 2699 1285 2727 lib.
1303 2707 1334 2732 ll,
1350 2707 1409 2736 cap.
1430 2701 1461 2729 l5
1476 2707 1502 2729 et
1525 2701 1569 2730 l5.

265 2715 415 2754 “Philipp.
435 2728 464 2752 tt,
477 2721 504 2750 6,
543 2722 565 2738 ⁸⁸
586 2715 896 2754 ΡυςεένίηῗέιιΙ-έέΙεεῐη

1098 2249 1200 2284 itaque,
1213 2255 1240 2278 et
1256 2251 1325 2279 falso
1339 2252 1425 2279 aﬂicta
1441 2253 1551 2289 Origeni
1567 2262 1647 2289 opera
1666 2255 1742 2283 istud
1759 2258 1881 2284 amando-

1100 2299 1153 2323 tur.
1175 2295 1246 2323 Idem
1270 2303 1362 2332 aperte
1380 2299 1494 2327 deﬁnire
1521 2308 1573 2328 non
1586 2301 1672 2328 ausim
1696 2302 1731 2329 tle
1751 2303 1880 2330 Breeiario

1099 2340 1232 2376 Origenis,
1253 2343 1324 2377 quod
1343 2344 1369 2370 iu
1384 2344 1531 2373 Caesenatis
1554 2346 1726 2374 bibliothecae
1743 2348 1879 2383 Caulogo.

1098 2386 1133 2413 ab
1156 2386 1318 2422 Hieronymo
1341 2396 1501 2417 conversum
1521 2392 1614 2419 haberi
1636 2393 1735 2421 scribit
1762 2394 1879 2422 Passeri-

1099 2440 1150 2460 nus
1165 2432 1204 2465 “;
1222 2440 1308 2467 neque
1326 2435 1359 2462 de
1375 2435 1513 2467 Sermone.
1531 2438 1576 2472 qui
1590 2437 1629 2465 De
1645 2439 1779 2467 catechcai
1794 2441 1881 2468 inscri-

1100 2483 1161 2512 plus
1170 2485 1223 2510 est.
1236 2484 1264 2507 et
1278 2480 1304 2507 in
1324 2480 1556 2517 lleidelbergensis
1573 2483 1748 2512 bibliotheca:
1757 2485 1878 2517 Catalogn

1099 2524 1133 2551 ab
1156 2525 1249 2552 eodem
1276 2532 1432 2555 recensetur
1448 2537 1455 2555 :
1473 2530 1597 2563 quamvis
1624 2530 1684 2558 haec
1711 2532 1780 2559 mihi
1810 2532 1878 2559 valde

1099 2575 1221 2604 suspecta
1237 2571 1301 2598 sint.

1621 2703 1649 2738 ",
1661 2703 1742 2732 Joan.
1770 2713 1823 2738 ξπ,
1837 2705 1871 2733 ES.
