1908 3071
482 94 694 122 EXCERPTUM
714 95 759 123 EX
780 97 811 125 G.
833 96 932 125 BULLI
953 97 1026 125 οων.
1046 98 1135 126 FIDE]
1156 99 1314 128 NIC/EN/E.

680 234 1110 319 EXCERPTUM

877 380 917 402 EX

557 458 935 516 GEORGII
971 460 1238 517 BELLI

742 566 874 596 PRESB.
899 565 976 596 ANG
983 566 1056 597 LIC.

439 654 822 700 DEFENSIONE
862 655 1025 699 FIDEI
1066 657 1350 702 NleENIE.

638 751 715 786 (Cap.
730 750 776 784 IX,
792 749 830 777 De
845 748 908 776 Filii
923 749 963 783 τῷ
977 751 1149 787 ὀμοουσίῳ.)

65 895 209 932 Origenis
225 896 374 935 doctrinam
389 895 422 935 de
530 895 576 922 Dei
597 904 665 935 _vera
686 895 823 935 divinitate
851 895 958 935 omnino
986 895 1156 935 cal/tolicnm_
1171 901 1195 935 et
1223 897 1341 935 A'ica'na:
1370 899 1433 933 ﬁdei
1459 900 1537 932 plane
1560 909 1700 929 consonam

104 931 213 972 fuisse,
228 933 356 972 pra’oipue
367 940 399 958 ea:
413 931 561 972 indubitata
577 931 602 963 ei
607 939 647 972 us,
667 936 692 957 et
719 931 844 972 maxime.
855 931 1016 972 incorrupto.
1036 936 1113 967 atque
1129 933 1161 958 ab
1182 933 1238 966 ipso
1248 934 1306 966 jam
1323 931 1382 961 seni:
1397 937 1555 963 accuratiuri
1565 937 1701 972 diligentia

102 965 269 995 elucubrolo
287 968 368 1002 Opere
381 971 475 994 contra
486 966 605 999 Celsum,
623 965 679 999 [use
692 972 716 993 et
731 966 874 992 luculenter
889 966 1046 994 ostenditur.

102 1123 118 1159 ᾗ
138 1123 162 1152 1.
193 1124 268 1151 Dicto
297 1125 394 1152 mirum
410 1128 462 1156 est,
490 1131 570 1158 quam
595 1130 675 1158 super
705 1122 783 1158 hujus
810 1122 860 1149 viri
877 1125 897 1153 Α
913 1122 1029 1150 versiam
1045 1123 1174 1151 Arianam
1194 1125 1315 1160 scripsit,
1332 1133 1394 1153 cum
1410 1126 1484 1161 prius
1502 1126 1584 1154 fuerit
1606 1127 1698 1164 Orige-

60 1170 297 1206 πολυθρυλλήτου
319 1171 454 1202 doctrina,
483 1171 509 1198 in
537 1175 626 1204 partes
643 1171 752 1202 iverint,
782 1175 863 1204 alque

62 1216 214 1242 acerrime
234 1217 302 1243 inter
326 1224 356 1244 se
378 1217 515 1251 digladiati
543 1216 643 1244 fuerint
668 1216 783 1251 theologi
809 1223 861 1252 qua

63 1264 197 1291 veteres,
215 1268 267 1294 qua
290 1262 464 1289 recentiores.
494 1260 529 1288 Ut
546 1261 578 1288 de
603 1262 739 1288 veteribus
763 1261 860 1292 solum,

65 1313 182 1333 memor
203 1306 317 1334 instituti
337 1308 400 1340 mei,
422 1315 513 1342 agam;
544 1315 576 1334 ex
600 1307 632 1334 iis
649 1307 693 1334 alii
717 1308 860 1342 Origenem

65 1349 103 1376 ad
121 1351 226 1377 ccelum
243 1359 328 1385 usque
346 1352 470 1378 laudibus
495 1351 641 1385 extollunt;
658 1352 702 1378 alii
722 1353 806 1386 ipsum
833 1357 862 1379 ut

64 1397 225 1429 pessimum
250 1397 477 1428 hiercsiarcham,
505 1398 625 1432 adeoque
646 1399 764 1424 omnium
793 1404 861 1431 pene

67 1442 232 1474 lmresium,
255 1444 403 1477 praisertim
422 1451 481 1478 qum
502 1444 628 1471 Ecclesiae
648 1444 726 1470 [idem
751 1443 784 1470 de
808 1442 858 1470 SS.

66 1487 209 1516 Trinitate
223 1495 358 1523 spectant.
383 1490 485 1517 fontem
512 1495 539 1517 ct
572 1489 767 1524 scaturigiuem
793 1488 859 1516 diris

66 1533 218 1560 devovent.
247 1533 299 1560 Sed
329 1534 484 1561 Catholicos
504 1535 575 1569 quod
602 1536 698 1561 attinet
725 1535 859 1566 doctores,

67 1578 118 1613 qui
137 1578 264 1612 Origenis
277 1584 357 1606 aetate
372 1580 517 1607 vicinitates
532 1580 608 1607 fuere
621 1600 628 1612 ,
646 1580 732 1615 major
743 1585 771 1607 et
783 1581 860 1615 longe

68 1625 164 1657 potior
178 1625 229 1652 fuit
244 1633 370 1653 numerus
381 1633 487 1658 eorum,
509 1626 553 1660 qui
571 1627 619 1661 ipsi
633 1626 768 1661 astipulati
783 1631 856 1654 sunt.

67 1669 228 1697 Alexander
250 1669 513 1705 llierosolyiuitauus
532 1690 540 1701 ,
569 1671 741 1698 'l‘beoctistus
768 1671 858 1698 Casa-

69 1715 183 1748 riensis,
200 1715 344 1751 Dionysius
369 1716 568 1743 Alexandrinus
584 1715 757 1744 Firmilianus
770 1717 860 1744 Caesa-

69 1761 186 1792 riensis,
199 1760 346 1797 Gregorius
359 1762 593 1798 Tbaumaturgus,
615 1768 641 1789 et
660 1763 856 1795 Athenodorus,

68 1805 200 1841 Origenis
215 1809 356 1841 coaetanei,
375 1809 461 1843 ipsum
476 1809 502 1835 in
516 1810 632 1836 maximo
644 1809 730 1844 prelio
751 1816 857 1843 semper

68 1853 227 1881 habuerunt
242 1863 248 1882 :
266 1859 293 1881 et
324 1860 378 1882 tota
406 1855 560 1886 Palaestina.
585 1855 695 1886 Arabia.
718 1854 856 1882 Phoenicia

68 1904 98 1926 et
122 1899 224 1927 Achaia
249 1907 357 1928 causam
382 1900 506 1936 Origenis
535 1901 663 1928 adversus
693 1901 856 1928 Demetriqu

68 1943 283 1971 Alexandrinum
299 1951 510 1980 propugnaruut.
528 1945 653 1973 Emndem
663 1945 758 1973 deinde
778 1946 855 1973 tutati

69 1993 136 2016 sunt
165 1989 322 2024 Pamphilus
353 1996 455 2025 martyr
481 1996 507 2018 et
535 1991 664 2019 Eusebius
683 1991 856 2018 Caesariensis

68 2041 120 2069 per
131 2034 285 2070 Apologiam
301 2043 346 2062 sex
361 2036 444 2062 libras
461 2037 641 2071 complexam,
667 2045 779 2071 quorum
796 2037 856 2064 uni-

68 2089 120 2109 cus
145 2086 277 2116 superest.
296 2082 369 2109 Alios
395 2090 504 2116 quoque
534 2084 622 2117 magni
645 2084 762 2111 nominis
783 2083 855 2110 viros

68 2128 225 2163 complures
246 2129 356 2156 Eusebii
373 2130 540 2163 temporibus
559 2129 703 2165 Apologias
721 2137 769 2165 pro
789 2130 851 2157 Ori-

69 2181 138 2208 gene
150 2175 290 2210 scripsisse
308 2176 389 2202 tradit
401 2174 512 2202 Pbotius
525 2177 585 2202 cod.
603 2184 696 2203 cxvut.
711 2177 853 2211 Origenem

69 2228 153 2255 porro
168 2225 295 2254 tanquam
318 2221 458 2248 catholica:
482 2221 542 2248 ﬁdei
568 2222 698 2249 adversus
716 2222 853 2254 haeresim,

68 2275 131 2302 quas
145 2273 237 2302 postea
255 2268 354 2295 Ariana
375 2268 448 2295 dicta
466 2267 527 2300 luit,
542 2274 681 2295 strenuum
697 2275 853 2303 propugna-

69 2316 157 2339 torem
184 2312 303 2339 laudavit
329 2321 441 2348 magnus
467 2313 634 2339 Athanasius
664 2313 690 2339 in
718 2313 786 2340 libro
815 2313 854 2340 De

68 2357 180 2385 decretis
202 2357 319 2386 Nicrena:
333 2359 437 2394 synodi.
462 2357 509 2385 His
524 2358 709 2385 accensendus
727 2358 853 2394 Didymus

68 2403 267 2431 Alexandrinus
281 2405 340 2438 (vir
370 2404 494 2434 celebris,
513 2411 567 2438 quo
585 2404 714 2437 magistro
729 2410 759 2430 se
772 2411 848 2430 usmn

70 2449 169 2483 saepius
191 2448 370 2485 Hieronymus
396 2449 549 2485 gloriatur).
581 2449 626 2483 qui
657 2455 706 2481 pro
736 2448 852 2481 Origene

70 2495 271 2531 Apologeticum
285 2496 379 2528 edidit.
395 2501 423 2524 et
439 2495 515 2523 Titus
530 2495 688 2522 Bostrorum
699 2496 852 2529 episcopus,

70 2548 97 2570 et
108 2542 297 2578 Gregoriorunt
316 2543 404 2570 nobile
427 2550 487 2577 par,
507 2541 693 2569 Nazianzenus
711 2545 739 2567 et
756 2540 854 2575 Nysse-

72 2597 130 2622 nus,
144 2595 170 2617 et
183 2589 303 2617 Joannes
318 2589 589 2622 Hierosolymitanus.
607 2586 724 2615 assiduis
739 2594 799 2613 eam
814 2586 848 2613 ob

72 2643 126 2662 rem
152 2635 293 2670 Epiphanii
328 2640 355 2662 et
381 2635 535 2670 Hieronymi
559 2633 666 2669 probris
698 2633 850 2660 lacessitus.

913 1168 954 1195 nis
990 1169 1161 1197 adversarius
1189 1170 1407 1205 inl‘ensissimus;
1447 1181 1525 1200 suum
1555 1174 1698 1209 aliquando

911 1213 1001 1240 odium
1014 1213 1148 1248 deposuit,
1166 1223 1197 1242 ac
1215 1216 1324 1243 laudent
1349 1217 1419 1245 inter
1442 1219 1500 1253 ejus
1520 1219 1698 1249 admiratores

911 1267 1008 1286 nomen
1019 1267 1095 1287 suum
1110 1262 1230 1295 prolileri
1245 1270 1297 1289 non
1313 1264 1431 1290 erubuit.
1449 1265 1567 1299 Denique
1583 1265 1697 1294 Ruﬁllus

911 1305 936 1339 (a
948 1304 1078 1333 Cassiano
1093 1306 1139 1333 lib.
1170 1315 1206 1334 vn
1227 1307 1264 1334 De
1289 1309 1420 1336 incarnat.
1439 1311 1535 1342 dictus,
1567 1313 1697 1346 quidquid

911 1352 943 1378 de
963 1352 1019 1386 ipso
1041 1351 1170 1386 judicavit
1185 1354 1294 1388 sequior
1309 1360 1386 1387 tetas,
1413 1364 1422 1381 ε
1436 1356 1596 1385 Christiana:
1610 1359 1696 1392 philo-

911 1397 1012 1430 sophia:
1038 1398 1096 1430 vir,
1125 1399 1194 1426 haud
1218 1402 1416 1429 contemnenda
1451 1403 1696 1433 ecclesiasticorum

910 1441 1050 1470 doctorum
1062 1444 1167 1478 portio;
1193 1454 1202 1470 ι
1225 1445 1301 1480 cujus
1311 1447 1518 1475 sanctimoniam
1543 1449 1599 1482 ipse
1615 1451 1695 1478 etiam

911 1486 1094 1524 Hieronymus
1112 1490 1254 1524 aliquando
1267 1493 1381 1519 summis
1400 1493 1526 1522 laudibus
1542 1496 1648 1527 extulit,
1664 1502 1694 1523 ut

910 1541 942 1560 ex
955 1535 1067 1569 epistola
1093 1535 1151 1568 ejus
1167 1537 1271 1571 quinta,
1296 1538 1330 1564 ad
1351 1537 1532 1572 Florentium,
1557 1543 1694 1576 constat),

910 1580 1036 1615 Origenis
1064 1582 1213 1609 acerrimus
1242 1582 1444 1618 hyperaspistes
1470 1585 1533 1618 fuit;
1571 1592 1600 1613 ut
1628 1588 1694 1614 nihil

910 1626 997 1653 dicam
1013 1627 1046 1653 de
1063 1627 1212 1654 innumeris
1227 1635 1275 1662 per
1289 1628 1434 1663 (Egyptum
1452 1630 1582 1664 dispersis
1599 1640 1694 1659 mona-

909 1671 979 1703 chis,
996 1672 1040 1706 qui
1055 1672 1170 1700 maxima
1187 1673 1310 1707 Origenis
1326 1674 1359 1700 de
1373 1682 1453 1702 causa
1470 1683 1530 1702 cum
1543 1676 1692 1712 Tbcophilo

909 1716 1090 1744 Alexandrino
1108 1719 1254 1745 certamina
1275 1720 1403 1746 inierunt.

946 1760 1005 1796 §Il.
1024 1761 1051 1789 ln
1072 1763 1124 1790 hoc
1151 1768 1225 1790 tanto
1257 1769 1392 1792 lautorum
1422 1766 1542 1793 virorum
1566 1768 1688 1797 dissensu

872 1801 1050 1839 Boptandnm
1062 1813 1132 1840 erat,
1153 1815 1180 1836 ut
1207 1817 1239 1836 ex
1267 1810 1388 1842 iutinitis,
1411 1819 1470 1845 qua:
1494 1812 1688 1843 Chalcenterus

866 2472 887 2499 C

72 2681 218 2709 Mcthodius
231 2688 354 2716 quoque.
377 2681 422 2715 qui
443 2681 489 2707 d.u
512 2685 575 2708 ante
595 2685 715 2707 exortam
744 2684 852 2706 contro-
877 2701 882 2706 .

105 2739 159 2773 1‘22)
178 2738 214 2766 Ut
229 2739 306 2773 facile
318 2738 453 2773 conjiciat,
476 2743 574 2773 quanto
594 2738 689 2772 majori
711 2741 768 2771 post
790 2743 846 2770 ejus

73 2775 166 2802 obitum
189 2774 358 2808 conﬁdentia,
385 2779 438 2801 etc.
465 2773 529 2808 Vide
554 2773 741 2800 Pun-lationem
773 2776 844 2808 tumo

74 2815 160 2838 nostro
168 2806 248 2844 priori
261 2810 409 2844 prtctixam,
427 2816 486 2844 pag.
499 2807 526 2841 ‘2,
540 2809 557 2835 ἶ)
569 2813 596 2835 et
613 2808 640 2841 Δ,
657 2808 700 2836 ubi
712 2808 768 2835 ha-c
780 2806 846 2834 Bulli

907 1852 952 1880 ille
965 1853 1144 1886 elucubravit,
1169 1856 1278 1889 scriptis
1293 1856 1370 1890 plura
1394 1858 1427 1883 ad
1446 1865 1496 1884 nos
1518 1860 1690 1888 devenissent

906 1898 1010 1932 integra
1028 1904 1056 1926 et
1073 1899 1190 1933 illibata;
1206 1901 1278 1928 unde
1300 1902 1367 1936 ipsi,
1392 1903 1479 1929 neutri
1493 1905 1561 1938 parti
1578 1906 1687 1938 addicti,

906 1944 939 1972 de
962 1945 1020 1979 ejus
1043 1944 1165 1972 doctrina
1197 1947 1296 1973 certius
1319 1947 1468 1980 dijudicare
1497 1950 1688 1983 potuissemus.

905 1992 954 2018 Ast
978 1990 1064 2025 (prob
1085 1991 1202 2026 dolor!)
1230 1999 1263 2019 ex
1294 1992 1371 2019 libris
1399 1992 1523 2027 Origenis
1548 1997 1688 2029 quosdam.

905 2035 968 2061 dum
980 2036 1003 2062 is
1014 2035 1101 2062 adhuc
1112 2037 1226 2067 viveret,
1245 2044 1259 2062 a
1273 2037 1447 2065 malclerialis
1463 2039 1616 2068 hominibus
1629 2049 1689 2069 cor-

907 2085 999 2114 ruptos
1028 2085 1108 2115 atque
1133 2080 1327 2114 interpolatos;
1363 2087 1391 2109 et
1425 2084 1523 2118 scripta
1561 2087 1688 2114 nonnulla

905 2127 990 2153 aliena
1011 2133 1120 2161 prorsus
1133 2133 1164 2153 ac
1178 2127 1270 2161 spuria
1293 2128 1344 2154 sub
1364 2128 1423 2161 ejus
1437 2131 1546 2157 nomine
1566 2132 1689 2159 celebra-

905 2173 1007 2200 tissimo
1017 2171 1088 2199 edita
1106 2172 1190 2199 fuisse
1212 2173 1268 2208 ipse
1286 2178 1455 2207 conquestus
1470 2180 1513 2202 est
1527 2176 1552 2202 in
1569 2177 1688 2210 Epistola

905 2219 938 2245 ad
959 2218 1089 2253 quosdam
1114 2218 1305 2245 Alexandriam
1330 2220 1443 2254 scripta.
1472 2220 1528 2255 (22)
1553 2220 1586 2248 Ut
1606 2222 1688 2250 facile.

904 2264 1043 2299 coniicias,
1061 2269 1166 2298 quanto
1179 2265 1271 2298 majori
1283 2270 1344 2300 post
1352 2266 1410 2300 ejus
1421 2267 1524 2294 obitum
1546 2268 1687 2296 conliden-

905 2311 940 2338 tia
967 2311 1009 2338 isti
1032 2311 1202 2338 tenebrioues
1225 2311 1250 2337 id
1273 2319 1358 2344 genus
1379 2311 1497 2340 facinora
1516 2320 1688 2348 perpetrave-

905 2356 974 2387 rint,
989 2360 1062 2382 certe
1078 2355 1299 2390 Origenianorutn
1322 2364 1433 2391 operum
1447 2365 1510 2392 pars
1533 2358 1611 2394 longe
1629 2368 1688 2387 ma-

904 2400 974 2427 xima
994 2395 1185 2435 jam'penitus
1210 2401 1408 2428 interciderunt
1430 2412 1436 2429 :
1460 2411 1572 2437 quaeque
1605 2405 1684 2432 hodie

904 2451 1057 2480 supersunt,
1089 2453 1132 2477 ea,
1159 2447 1274 2481 demptis
1302 2453 1392 2474 contra
1414 2447 1517 2475 Celsum
1548 2449 1635 2483 libris,
1659 2456 1686 2478 et

904 2491 1038 2525 excerptis
1052 2491 1226 2525 quibusdam,
1244 2500 1303 2527 quae
1317 2492 1465 2523 Philocalia
1482 2501 1620 2526 vocantur,
1636 2496 1685 2523 La-

904 2536 957 2563 tine
971 2541 1073 2563 tantum
1087 2537 1262 2570 exstiterunt,
1278 2539 1368 2573 idque,
1387 2543 1416 2565 ut
1429 2547 1462 2566 cx
1486 2541 1566 2566 certis
1580 2541 1685 2569 indiciis

902 2586 1018 2613 constat,
1032 2582 1143 2608 multum
1157 2583 1190 2609 ab
1205 2583 1397 2618 interpretibus
1418 2585 1579 2620 interpolata
1605 2592 1685 2621 atque

902 2629 1062 2656 immutata:
1081 2627 1166 2655 donec
1184 2637 1269 2662 nuper
1283 2629 1451 2658 clarissimus
1468 2631 1561 2659 Daniel
1573 2631 1684 2660 Huetius

901 2674 1052 2711 ἐξηγητικά
1064 2673 1188 2709 Origenis
1202 2681 1254 2701 non
1269 2681 1352 2708 pauca
1371 2683 1404 2702 ex
1425 2684 1489 2704 mss.
1516 2677 1609 2705 Graece
1625 2678 1684 2705 edi-

900 2737 927 2760 et
941 2731 1027 2759 Huetii
1040 2731 1172 2759 sententia
1195 2730 1228 2757 de
1252 2730 1448 2759 adulteratione
1471 2733 1601 2761 librorum
1622 2734 1682 2762 Ori-

900 2769 975 2802 genis
995 2772 1054 2803 post
1064 2767 1121 2801 ejus
1145 2766 1247 2794 obitum
1272 2766 1305 2793 ab
1335 2767 1468 2796 haereticis
1497 2769 1568 2797 facta
1589 2770 1682 2798 conlu-

901 2808 980 2830 tatur.
