1908 3071
255 131 324 160 1287

963 127 1174 157 EXCERPTUM

1795 129 1848 158 tm

255 192 302 218 dit.
317 190 386 224 Quin
405 198 438 218 eo
457 190 565 218 nomine
584 189 616 217 de
640 189 812 226 φιλαρχαιοις
833 190 959 218 omnibus
972 198 1042 225 praz-
1055 192 1078 221 Α
1092 189 1193 223 quique
1206 187 1274 216 adeo
1287 180 1401 223 genuina
1419 186 1478 222 ejus
1496 187 1599 222 scripta
1620 194 1635 214 a
1654 187 1752 222 spuriis
1769 190 1849 223 optime

254 237 326 264 clare
344 237 455 264 meritus
470 237 506 263 sit
519 236 560 263 vir
578 236 762 268 doctissimus,
779 245 859 264 nemo
871 237 921 264 nisi
934 237 1041 264 invidus

224 295 225 298 η
254 283 420 310 dillitebitur.
442 282 514 309 ldem
541 287 630 309 tamen
652 281 766 310 Huetius
784 283 926 318 profitetur
944 282 1039 317 Orige-

255 328 325 354 niun.
344 327 390 354 lib.
407 334 448 357 tu.
467 334 526 362 cap.
542 327 568 358 l,
588 335 663 354 num.
681 327 708 359 5,
725 327 775 354 sibi
799 334 860 355 esse
883 327 1039 360 verisimile,

257 383 266 398 (
277 373 413 408 Quotquot
429 373 512 399 libros
527 371 652 406 Origeuis
663 373 696 400 ad
712 381 760 400 nos
785 372 891 400 fortuna
908 374 1020 400 transtni
1031 389 1037 394 -

253 420 298 450 sit,
314 419 424 446 violatos
446 427 516 448 esse.
543 424 570 445 at
594 427 641 446 eos
657 421 838 455 potissimum,
865 421 911 455 qui
943 425 1040 455 printer

254 466 418 492 notariortun
433 465 579 501 σφάλματα
602 471 629 493 et
660 466 847 495 haereticorum
867 467 1040 494 adulteratio-

254 520 313 544 nes,
329 512 505 547 interpretum
522 512 604 539 etiam
618 512 842 540 hallucinationes
857 517 884 540 et
899 512 1039 547 perfidiam

254 563 405 587 senserunt.
422 568 431 584 ι
464 559 615 593 Excipere.
642 560 667 586 ui
693 559 783 591 fallor,
808 560 938 586 debuerat
957 560 1040 587 libros

253 610 346 631 contra
375 604 498 635 Celsum;
517 605 616 639 quippe
643 613 713 640 quos
739 610 837 639 pratler
868 605 1038 632 librariorum

254 650 412 685 σφάλματα,
424 658 437 677 a
450 651 548 684 quibus
564 650 628 677 nulli
645 655 764 677 veterum
785 650 846 677 libri
862 658 972 685 prorsus
991 650 1040 677 im-

254 701 350 721 munes
365 699 438 726 sunt,
456 694 536 721 aliam
558 694 727 721 viulationem
754 695 900 722 notabilem
925 696 1040 723 subiisse

254 747 344 771 nemo,
363 740 435 774 quod
451 740 546 771 sciant,
565 740 697 766 hactenus
712 741 866 775 suspicatus
881 741 973 768 fuerit.

288 784 358 820 §lll.
374 785 504 812 Caeterum
526 785 548 812 si
568 785 657 812 omnia
674 784 798 820 Origenis
819 786 930 821 scripta,
954 793 1040 821 eaque

253 839 321 865 pura
332 835 358 858 et
371 831 537 864 incorrupta,
565 831 645 858 hodie
667 835 824 863 exstarent;
851 831 922 858 haud
948 832 1038 859 omnia

254 863 342 903 tamen
358 883 427 902 vera:
438 883 469 902 ac
482 863 606 910 genuinze
628 875 686 908 ejus
708 875 851 903 sententiae
871 876 1040 904 declaranda:
1055 863 1076 891 Β

252 921 353 956 pariter
368 921 540 948 inservirent.
556 921 812 949 Scilicetvarioruut
828 922 946 949 auctoris
960 921 1041 948 πολυ-

251 966 358 1002 γράφου
383 974 496 1001 operum
522 967 629 994 diversa
657 967 726 994 foret
745 968 822 995 ratio.
836 967 892 1003 (23)
905 968 971 995 Nam
989 968 1040 995 alia

252 1013 286 1039 ad
313 1012 414 1039 amicos
445 1017 551 1038 secreto
571 1012 691 1046 scripsit,
713 1020 773 1047 qua:
794 1012 880 1040 lucem
906 1021 1039 1047 nunquam

254 1058 346 1085 visura
362 1058 502 1094 speravit;
520 1058 546 1084 in
567 1058 666 1092 quibus
687 1057 771 1085 libere
788 1066 820 1086 ac
840 1065 908 1093 pene
924 1060 1041 1092 sceptice

252 1103 391 1136 disseruit,
412 1111 444 1131 ac
462 1104 620 1138 plerumque
642 1111 695 1130 nou
714 1108 768 1130 tam
789 1111 866 1131 suam
887 1109 989 1131 certam
1009 1111 1041 1131 ac

252 1149 389 1177 definitam
410 1151 592 1181 sententiam,
609 1156 690 1183 quam
707 1149 750 1176 vel
766 1149 879 1176 aliorum
893 1149 1040 1177 ratiocina-

254 1197 352 1229 tiones,
365 1197 407 1224 vel
429 1204 493 1224 suos
515 1197 647 1232 quosdam
670 1196 812 1231 scrupulos
825 1204 857 1223 ac
871 1196 1041 1224 dubitation-

251 1243 338 1274 culas.
352 1242 386 1269 ad
401 1242 545 1269 clariorem
557 1243 683 1270 veritatis
706 1242 927 1274 elucidatiouem,
943 1250 1041 1278 propo-

252 1288 317 1315 suit.
347 1287 405 1315 Alia
428 1287 487 1322 ipse
509 1288 535 1315 in
559 1288 695 1323 publicum
723 1288 832 1320 emisit,
864 1288 922 1315 sive
946 1293 1039 1316 contra

251 1333 592 1365 inﬁdeles.siveadversus
623 1334 773 1366 haereticos.
800 1341 847 1361 seu
872 1335 989 1370 denique
1008 1335 1041 1362 ad

252 1379 443 1406 instruendam
466 1379 571 1414 plebem
591 1380 792 1412 Christianam;
812 1381 838 1407 in
856 1381 954 1415 quibus
967 1400 975 1412 ,
999 1381 1041 1408 via

252 1425 315 1451 trita
330 1431 363 1451 ac
375 1428 433 1450 tuta
447 1423 586 1454 incedens.
606 1431 742 1459 receptam
758 1424 784 1451 in
804 1425 924 1452 Ecclesia
947 1425 1041 1452 catho-

251 1469 331 1497 licam
353 1469 502 1496 doctrinam
515 1469 662 1496 studiosius
675 1469 794 1496 tradidit.
812 1469 910 1497 Deinde
919 1470 969 1497 alia
982 1478 1041 1505 pro-

251 1519 379 1549 peranter
393 1515 536 1546 dictitavit.
555 1515 606 1541 alia
622 1515 787 1549 diligentiori
808 1523 873 1543 cura
895 1516 1035 1544 elucubra-
1051 1535 1073 1563 α

251 1559 301 1586 vit.
317 1559 438 1594 Denique
450 1559 502 1586 alia
520 1559 561 1595 (ut
575 1559 665 1587 lluetii
678 1559 769 1587 verbis
784 1561 856 1594 utar)
871 1568 955 1587 senex
967 1560 1039 1588 Ada-

252 1606 380 1638 mantius,
395 1606 503 1641 ingenio
517 1614 564 1641 per
578 1611 686 1634 aetatem
706 1606 791 1642 magis
807 1607 931 1639 subacto,
949 1607 1039 1634 elima-

251 1652 309 1685 vit;
323 1652 374 1679 alia
391 1652 521 1680 etl'erente
537 1661 596 1681 sese
611 1653 638 1681 in
655 1653 806 1688 juventutis
826 1657 893 1681 astu
916 1653 1039 1681 fecundi-

252 1703 309 1725 tate
324 1698 455 1733 profudit.
473 1699 510 1727 De
525 1700 624 1734 quibus
636 1699 766 1734 praeclare
777 1700 844 1727 dixit
859 1699 1039 1736 llieronymus

251 1744 279 1771 in
287 1743 401 1779 Prologo
412 1744 446 1771 ad
463 1744 681 1772 Commentarios
692 1746 720 1772 in
736 1744 847 1779 Lucam,
860 1745 1002 1781 Origenent
1012 1746 1038 1772 in

250 1789 413 1824 quibttsdam
425 1789 599 1817 Tractatihus
616 1800 626 1816 ‹
638 1791 716 1825 quasi
729 1798 840 1826 puerum
857 1791 918 1818 talis
932 1791 1037 1824 ludere;

252 1835 304 1862 alia
319 1842 379 1862 esse
394 1835 482 1862 virilia
507 1835 565 1869 ejus
589 1841 618 1863 et
645 1837 793 1864 senectutis
808 1837 890 1864 seria.
902 1847 912 1864 ι
941 1837 1038 1873 Negari

251 1884 341 1906 autem
370 1887 423 1906 nou
452 1885 549 1914 potest,
581 1880 646 1915 quin
671 1880 798 1916 Origenis
822 1881 979 1916 suffragium
1002 1882 1036 1909 de

251 1925 384 1952 catholica
412 1925 535 1952 doctrina
563 1926 618 1960 peti
651 1926 749 1954 debeat
773 1934 805 1954 ex
840 1927 874 1954 iis
906 1927 1040 1962 prmcipue

251 1970 447 2004 seriptis,qu:e
464 1971 581 2005 publicis
603 1972 696 1999 usibus
715 1971 774 2007 ipse
798 1972 960 2006 destinavit;
980 1980 1039 2008 qua:

251 2016 369 2050 cogitate
397 2021 425 2043 et
455 2022 558 2044 attente
595 2018 817 2053 exaravitzquze
845 2019 961 2054 denique
982 2019 1038 2054 jam

251 2069 344 2094 senex.
365 2067 392 2090 et
405 2063 484 2097 longo
508 2071 597 2090 rerum
613 2071 663 2091 usu
687 2069 715 2092 et
736 2066 901 2100 experientia
929 2065 1040 2094 edoctus

251 2109 412 2142 composuit.
426 2107 583 2143 Huiusmodi
599 2114 672 2142 sunt,
685 2111 804 2138 outniutn
816 2118 962 2145 consensu,
978 2112 1039 2139 libri

251 2158 314 2181 octo
332 2158 424 2180 contra
440 2154 545 2181 Celsum
566 2154 737 2189 Epicureum.
751 2156 857 2191 Quippe
872 2157 897 2184 in
910 2157 952 2184 his
966 2165 1041 2185 com-

1092 239 1193 262 norunt
1203 234 1369 267 discernere,
1390 234 1455 261 mihi
1476 233 1692 269 suppeditarunt.
1721 234 1756 261 Ex
1772 235 1849 269 quibus

1090 281 1216 309 omnibus
1232 287 1311 314 spero
1325 279 1392 313 fore,
1408 284 1438 307 ut
1451 279 1536 307 lector
1546 279 1672 307 cordatus
1681 279 1752 306 clare
1763 281 1849 309 tandem

1091 327 1247 362 perspiciat,
1269 334 1349 361 quam
1374 327 1537 361 impotenter
1559 327 1585 353 in
1611 325 1754 361 Origenem
1771 328 1849 355 debac-

1090 373 1185 401 chatus
1198 374 1232 400 sit
1248 372 1384 404 Petavius,
1402 372 1464 399 dum
1480 372 1517 399 ita
1539 371 1572 399 de
1591 371 1669 398 Patre
1686 372 1742 406 (vel
1754 373 1850 402 inimicis

1087 418 1240 453 judicibus)
1256 417 1426 445 sanctissimo
1449 422 1531 451 atque
1551 417 1735 444 eruditissimo
1753 419 1850 447 scribere

1091 472 1141 491 non
1164 470 1206 491 est.
1231 464 1356 491 veritus:
1377 472 1386 488 ι
1403 463 1439 490 De
1461 462 1587 498 Origene,
1602 473 1611 488 ι
1637 463 1725 499 inquit
1747 463 1850 492 Petavius

1092 509 1128 536 De
1139 508 1234 536 Trinit.
1250 509 1295 537 lib.
1314 517 1333 541 ι,
1351 516 1410 543 cap.
1435 508 1478 542 12,
1500 517 1574 535 num.
1595 508 1623 541 9,
1650 518 1660 534 ι
1677 513 1786 541 constat,
1803 518 1850 537 eum

1090 556 1124 583 de
1142 555 1210 582 Filio
1224 562 1255 582 ac
1273 555 1375 589 Spiritu
1399 560 1495 582 sancto
1518 555 1600 590 impie
1621 555 1785 590 absurdeque
1800 564 1847 584 seu-

1089 602 1187 630 sisseu
1205 602 1238 629 Et
1254 602 1332 635 paulo
1345 606 1405 635 post
1417 609 1490 629 num.
1504 602 1537 628 l0
1552 611 1559 628 :
1581 611 1590 627 ε
1606 602 1736 636 Origenes
1752 606 1779 628 ut
1791 607 1850 630 :etate

1093 648 1186 674 Arium
1214 647 1373 678 antecessit,
1402 647 1442 674 sic
1468 648 1605 682 impietate
1629 655 1694 682 par;
1719 647 1771 674 imo
1794 648 1850 682 impii

1092 692 1227 728 dogmatis
1245 699 1339 719 auctor
1356 691 1393 719 illi
1411 692 1470 719 fuit.
1482 702 1492 718 ι
1510 692 1541 719 Et
1552 693 1652 726 passim
1667 692 1732 720 alibi
1744 693 1850 727 ejusmodi

1090 739 1211 765 convicia
1238 738 1264 764 in
1293 738 1436 772 Origenem
1451 737 1527 772 jacit.
1558 738 1686 766 Fortasse
1713 738 1850 766 existimarit

1089 784 1204 815 Jestlita,
1219 791 1249 812 se
1266 783 1395 818 religione
1406 791 1454 811 sua
1470 785 1503 810 ad
1520 784 1543 810 id
1556 784 1717 811 obstrictum
1732 783 1820 816 fuisse,
1831 788 1850 810 ut

1091 831 1128 857 ita
1140 830 1293 858 venerando
1308 829 1380 856 Patri
1399 829 1589 862 malediceret;
1605 830 1678 863 quod
1693 828 1791 857 scilicet
1805 829 1850 857 Ori-

1091 885 1171 913 genes
1186 881 1213 904 et
1228 875 1386 912 Origenistaa
1397 883 1458 904 cum
1473 875 1640 911 dogmatibus
1659 875 1717 902 suis
1725 875 1851 902 damnatiet

1091 922 1324 950 auathematisutis
1335 922 1454 950 confossi
1481 921 1581 949 fuerint
1595 921 1654 957 (‘24)
1677 921 1704 948 iu
1724 922 1809 956 quinta
1819 929 1852 958 ειη

1092 969 1172 996 nodo.
1190 967 1290 998 Verum
1311 976 1364 995 tton
1383 968 1493 995 defuere
1514 968 1564 994 viri
1587 968 1709 994 illustres
1726 975 1742 994 e
1756 967 1851 995 Romam

1092 1015 1210 1042 Ecclesia
1249 1013 1396 1050 (Joannem
1427 1014 1519 1041 Picum
1537 1013 1752 1041 Miramlulauum
1793 1013 1846 1045 dico,

1090 1061 1220 1088 Iacobum
1261 1060 1403 1088 Merlinum
1437 1059 1651 1087 Victurttiensetn
1670 1079 1679 1092 ,
1713 1059 1851 1086 Desideriqu

1091 1106 1232 1133 Erasmum
1248 1106 1459 1133 Roterodamunt
1470 1124 1478 1137 ,
1499 1105 1603 1132 Sixtum
1620 1105 1778 1137 Senensem,
1792 1104 1852 1132 Clau-

1091 1153 1164 1180 dium
1178 1152 1365 1187 Espenczeutn,
1383 1151 1534 1178 Gilbertum
1560 1150 1766 1178 Genebrardum
1782 1156 1805 1178 et
1819 1150 1851 1178 Pr-

1093 1204 1161 1226 trum
1176 1199 1326 1225 llalloxium
1337 1197 1359 1234 ).
1375 1197 1419 1232 qui
1436 1197 1503 1224 nihil
1517 1197 1567 1224 sibi
1587 1202 1741 1224 metuentes
1758 1204 1771 1222 a
1785 1196 1851 1229 quinti

1092 1243 1200 1271 concilii
1216 1243 1460 1274 anathematismis,
1489 1242 1633 1277 Origeuem
1655 1250 1709 1269 non
1725 1242 1796 1268 modo
1810 1242 1852 1268 sine

1093 1291 1191 1324 probro
1206 1290 1355 1321 nominare,
1371 1289 1418 1316 sed
1427 1294 1455 1316 et
1466 1289 1553 1323 palatn
1568 1294 1718 1323 aperteque
1734 1287 1852 1316 defendere

1093 1337 1151 1363 ausi
1166 1340 1239 1363 sunt.
1258 1335 1390 1362 Nimirum
1415 1340 1488 1362 recte
1509 1334 1668 1369 judicarunt
1686 1334 1752 1367 isti,
1773 1334 1803 1361 ab
1820 1334 1851 1360 illa

1093 1384 1195 1418 synodo
1221 1389 1274 1409 non
1290 1386 1344 1408 tam
1357 1381 1441 1415 ipsum
1458 1380 1613 1416 Origenem,
1627 1386 1676 1407 aut
1692 1380 1800 1415 genuina
1811 1379 1852 1407 Ori-

1092 1429 1169 1464 genis
1191 1428 1300 1463 placita,
1324 1435 1405 1462 quam
1421 1426 1650 1462 perniciosissima
1675 1427 1721 1454 illa
1740 1427 1850 1461 dogmata.

1092 1474 1126 1502 de
1148 1473 1281 1501 'l‘riuitate
1311 1472 1474 1508 ὲτερουσίῳ,
1501 1472 1534 1500 de
1559 1472 1731 1507 phantastica
1757 1471 1852 1506 corporis

1094 1521 1292 1548 resurrei-tione
1313 1528 1374 1555 qua;
1391 1520 1416 1546 in
1433 1519 1593 1546 adulteratis
1614 1519 1744 1554 Origeuis
1768 1518 1852 1552 scriptis

1089 1567 1306 1597 continerentur,
1344 1572 1438 1600 quaeve
1466 1563 1587 1591 nonnulli
1618 1562 1798 1598 Origenistae,
1818 1561 1851 1595 qui

1089 1617 1259 1644 vocarentur,
1281 1611 1368 1647 magni
1384 1611 1455 1638 illius
1476 1610 1592 1637 nominis
1613 1609 1763 1644 patrocinio
1782 1607 1852 1635 deleo-

1089 1659 1203 1691 dereut,
1227 1657 1400 1685 anathemate
1419 1655 1596 1683 condemnata
1616 1655 1712 1683 fuisse.
1738 1653 1851 1682 Damnavit

1089 1705 1197 1740 quidem
1212 1703 1331 1739 synodus
1348 1710 1400 1730 una
1414 1710 1475 1729 cum
1490 1702 1549 1730 istis
1573 1706 1600 1729 et
1619 1702 1755 1737 paradoxa
1776 1700 1812 1727 illa
1830 1700 1852 1726 de

1089 1749 1302 1786 przeexsisteutia
1330 1749 1493 1780 animarum,
1521 1747 1556 1774 de
1580 1747 1665 1774 astris
1686 1752 1715 1774 et
1737 1746 1852 1773 elementis

1090 1797 1227 1826 animatis,
1244 1799 1311 1827 etc..
1334 1802 1393 1829 quae
1411 1801 1475 1821 vere
1491 1793 1616 1829 Origenis
1643 1793 1721 1820 fuere
1734 1801 1741 1819 :
1754 1792 1795 1820 sed
1814 1791 1850 1818 ista

1090 1841 1228 1869 damnavit
1243 1845 1348 1868 tantum
1360 1844 1390 1867 ut
1407 1840 1471 1867 falsa
1493 1844 1520 1866 et
1537 1839 1704 1874 perabsurda
1714 1858 1723 1872 ,
1747 1845 1793 1865 non
1806 1842 1849 1864 tan-

1089 1894 1170 1921 quam
1195 1886 1342 1918 hazretica;
1367 1885 1419 1912 nisi
1445 1885 1594 1913 accesserit
1622 1884 1764 1919 praefracta
1787 1882 1849 1910 animi

1089 1932 1248 1964 obstinatio,
1263 1936 1291 1960 et
1301 1932 1442 1959 catholicas
1455 1931 1597 1959 sententia:
1617 1935 1784 1963 contemptus
1798 1938 1804 1956 :
1817 1928 1848 1962 qui

1090 1983 1119 2006 ut
1134 1977 1168 2005 ab
1182 1978 1239 2012 ipso
1255 1977 1371 2012 Origene
1385 1977 1477 2012 procul
1497 1976 1592 2009 abfuit,
1613 1977 1650 2003 ita
1670 1978 1696 2004 in
1717 1974 1850 2011 Origeuistis

1089 2023 1226 2059 plerisque
1237 2023 1350 2050 nimium
1364 2030 1393 2050 se
1406 2022 1533 2067 prodidit.
1552 2021 1605 2050 Sed
1628 2022 1737 2049 tandem
1762 2021 1791 2048 ad
1807 2027 1847 2048 rem

1090 2071 1175 2106 ipsam
1190 2070 1361 2098 accedamus.

1125 2115 1139 2151 ς
1157 2115 1201 2143 ιν.
1215 2115 1243 2142 ln
1254 2114 1330 2142 libris
1351 2119 1441 2141 contra
1454 2113 1558 2141 Celsum
1575 2113 1655 2141 toties
1669 2112 1792 2148 Origenes
1802 2117 1848 2137 vere

1090 2161 1220 2194 divinam,
1245 2160 1295 2187 hoc
1307 2163 1360 2192 est,
1377 2159 1536 2190 iucreatam,
1561 2158 1706 2189 inﬁnitam.
1725 2159 1846 2190 incompre-

251 2207 361 2228 munem
377 2199 595 2228 Christianorum
610 2202 774 2234 doctrinam,
795 2203 924 2230 adversus
940 2204 1040 2231 instru-
1054 2202 1077 2231 D
1092 2205 1261 2237 hensibllem,
1274 2203 1470 2232 immutabilem
1481 2204 1560 2232 Verbi
1574 2209 1601 2231 et
1614 2203 1739 2233 Filii.Dei
1751 2208 1846 2230 uaumm

252 2246 401 2274 ctissimum
417 2246 557 2282 religionis
577 2252 677 2275 nostra:
696 2249 800 2275 hostem
816 2254 963 2284 propugnat
980 2259 986 2277 :
1006 2250 1033 2277 bi

253 2299 360 2319 summo
379 2294 499 2321 auctoris
512 2294 612 2325 studio.
633 2295 751 2321 maxima
772 2296 936 2330 eruditione,
960 2297 1040 2331 idque

253 2337 287 2365 ab
301 2337 358 2372 ipso
374 2338 430 2373 jam
448 2340 625 2374 sexagenario
639 2340 734 2375 majori
751 2340 910 2376 (utdiserte
925 2347 1040 2370 testatur

252 2384 384 2412 Eusebius
401 2385 471 2411 Hist.
491 2385 634 2413 ecrlesiaat.
659 2386 707 2414 lib.
727 2394 764 2419 vi.
786 2394 845 2422 cap.
863 2387 921 2422 36)
946 2389 1039 2416 elucu-

252 2429 323 2458 bratl
339 2429 425 2458 fuere.
439 2429 533 2466 Itaque
549 2439 582 2458 ex
597 2433 640 2459 his
647 2433 784 2468 praecipue
793 2433 869 2461 libris
882 2435 1037 2462 testimonia

253 2483 312 2504 mea
326 2478 473 2512 proferam,
497 2477 596 2512 quibus
622 2478 790 2507 Catholicum
823 2480 907 2507 fuisse
933 2480 959 2508 in
988 2481 1038 2508 hoc

252 2523 366 2550 articulo
377 2522 522 2558 Origenem
537 2524 678 2552 ostendam
694 2534 702 2552 :
717 2525 846 2560 subjectis
856 2530 959 2553 tantum
973 2526 1038 2555 loeis

252 2569 422 2603 quibusdam,
446 2576 506 2604 quae
528 2577 561 2596 ex
579 2569 640 2597 aliis
661 2570 743 2604 ipsius
771 2571 881 2605 scriptis
909 2571 1036 2600 catholici

252 2614 387 2648 doctores,
397 2615 443 2650 qui
454 2616 580 2651 Origenis
588 2617 754 2651 temporibus
765 2617 943 2652 proximiores
953 2618 1038 2652 fuere,

274 2705 343 2745 de?!)
360 2705 429 2732 Nam
445 2705 499 2732 alia
511 2707 550 2745 And
564 2708 662 2745 amicos
674 2713 776 2745 secreto
789 2708 907 2745 scripsit,
930 2714 984 2736 etc.
1002 2709 1040 2737 De

253 2737 297 2776 bis
314 2737 493 2775 Hieronymus
511 2741 538 2768 in
559 2743 672 2775 epistola
684 2743 730 2776 65,
745 2744 777 2770 ad
792 2737 995 2772 Patunta'cltiutn
1014 2750 1041 2772 et.

252 2773 549 2814 Oreaiuttir,_i_estatttr.
578 2773 728 2812 Origenem
757 2779 783 2805 iu
816 2779 928 2813 epistola
958 2787 1039 2814 quant

255 2809 406 2849 scripsitad
418 2809 578 2842 Fabianum.
590 2809 778 2849 pte'uiteutiam
798 2809 897 2848 egisse,
915 2809 1041 2841 cur-talia

255 2847 403 2877 scripserit,
427 2849 454 2872 ct
478 2847 779 2877 causamltcmeritatis
812 2847 839 2876 in
867 2850 1041 2877 Ambrosium

1090 2252 1220 2284 declarat,
1236 2255 1276 2283 ut.
1292 2251 1316 2278 si
1332 2251 1421 2278 ornuia
1438 2251 1490 2278 huc
1503 2251 1657 2285 spectantia
1673 2249 1765 2277 vellem
1784 2248 1847 2275 addu-

1089 2305 1161 2331 cere,
1178 2298 1236 2331 ejus
1255 2297 1440 2333 Syotagmatis
1460 2304 1523 2331 pars
1545 2304 1641 2332 magna
1660 2296 1726 2324 mihi
1744 2294 1846 2323 transcri-

1090 2344 1175 2371 benda
1193 2343 1272 2372 foret.
1288 2343 1380 2378 Itaque
1398 2351 1431 2371 ex
1445 2350 1477 2370 eo
1494 2350 1577 2378 opere
1597 2342 1658 2370 loca
1682 2348 1778 2369 tantum
1794 2339 1845 2367 sele-

1089 2390 1176 2417 ctiora
1195 2389 1318 2424 quadam
1346 2388 1526 2423 proferemus.
1556 2388 1584 2415 ln
1610 2388 1680 2416 libro
1703 2397 1709 2414 I
1734 2388 1764 2414 de
1783 2384 1846 2419 Magis

1088 2444 1121 2463 ex
1137 2435 1248 2463 Oriente
1270 2435 1297 2462 in
1318 2434 1438 2461 Judaam
1459 2433 1647 2466 venientibus,
1674 2433 1707 2462 ad
1732 2430 1844 2459 visenda!"

1088 2481 1202 2516 Regem,
1217 2488 1297 2516 quem
1315 2480 1392 2508 stella
1411 2479 1519 2507 insolita
1547 2479 1687 2512 indicavit,
1704 2485 1793 2514 agens,
1815 2476 1843 2502 sic

1089 2527 1207 2561 loquitur
1222 2533 1296 2552 num.
1314 2526 1358 2556 60,
1371 2525 1496 2560 pag.575
1514 2534 1522 2552 :
1539 2525 1672 2560 Φέροντες
1688 2524 1736 2560 μὲν
1750 2520 1842 2558 δῶραιὶ

1089 2572 1139 2607 (ἶν’
1171 2571 1257 2602 οὕτως
1286 2570 1427 2605 ὀνομάσω)
1458 2569 1577 2606 συνθέτῳ
1603 2569 1657 2596 τινὶ
1683 2571 1715 2596 ὲκ
1735 2567 1793 2594 Θεοῦ
1811 2565 1842 2592 καὶ

1087 2617 1233 2654 ἀνθρώπου
1259 2616 1356 2652 θνητοῦ
1379 2616 1580 2652 προσήνεγκαν,
1598 2615 1718 2651 σύμϐολα
1739 2614 1790 2650 μὲν,
1816 2611 1841 2641 ὡς

1088 2708 1227 2739 retulisse.
1242 2707 1312 2741 quod
1323 2713 1430 2735 secreto
1442 2707 1515 2735 edita
1528 2708 1554 2735 in
1573 2707 1707 2743 publicum
1716 2702 1838 2742 protulerit.

1088 2744 1224 2772 GEORGIUS
1240 2743 1354 2770 Βυιιυε.

1125 2778 1180 2814 (24)
1196 2777 1229 2814 In
1239 2778 1330 2814 quinta
1342 2778 1454 2814 synodo.
1473 2777 1526 2804 Seu
1539 2778 1628 2812 potius
1646 2777 1672 2804 in
1688 2776 1750 2814 alia_
1761 2770 1837 2814 smpti?

1088 2806 1323 2848 Coitstautitiopoli
1341 2806 1443 2848 habita,
1455 2806 1549 2847 quinta
1569 2813 1612 2840 illa
1629 2810 1761 2848 anteriori.
1773 2806 1779 2809 ⁷
1791 2806 1837 2832 Vide

1092 2848 1191 2877 Valesii
1219 2846 1302 2877 Notas
1331 2848 1364 2877 ad
1388 2847 1541 2884 Evagrium.
1557 2855 1618 2883 pag.
1645 2847 1704 2875 'lll.
1737 2846 1771 2873 lu.
