1908 3071
122 107 194 134 1289

618 109 667 131 ιιι
691 104 722 132 ο.
742 104 843 132 BULLI
864 103 938 132 DEF.
958 102 1047 132 FIDEI
1067 103 1230 132 ΝΙΩίΕΝιΕ.

1658 105 1724 129 I25)“

117 163 224 200 βασιλεί
238 164 283 191 τὸν
294 163 402 199 χρυσὸν,
417 164 455 196 ὡς
466 164 495 190 δὲ
507 162 692 199 τεθνηξομένῳ
704 164 752 199 τὴν
764 164 892 200 σμύρναν,

949 170 1018 195 rum,
1029 163 1108 191 dictis
1126 163 1272 198 Scriptura:
1292 163 1361 190 locis
1384 164 1568 195 abutentinm;
1590 170 1726 198 quamque

117 211 157 242 ὡς
177 210 207 237 δὲ
226 209 286 245 Θεῷ
296 210 341 237 τὸν
352 209 508 236 λιϐανωτόν·
526 210 543 236 i.
559 216 585 237 e.
602 218 611 236 :
627 219 637 235 ι
652 209 778 236 Ferentes
789 211 857 236 dona
871 210 896 236 ci

117 254 166 289 qui
183 256 391 289 componebatur
405 254 502 289 (utsic
516 254 625 289 loquar)
638 262 672 281 ex
687 254 740 281 Deo
751 260 778 281 et
789 254 897 282 homine

118 301 240 332 mortali,
252 300 372 336 symbola
385 300 552 333 obtulerunt;
568 308 661 327 aurum
676 305 805 334 tanquam
830 301 895 334 regi,

114 351 148 373 ut
162 346 292 373 morituro
309 347 459 381 myrrham,
472 350 501 372 ut
512 346 566 372 Deo
579 345 650 372 thus.
669 354 680 370 ο
696 345 744 372 Ubi
758 345 784 372 in
798 345 896 372 Christi

114 398 233 426 persona
256 391 378 426 agnoscit
398 395 426 418 et
446 390 580 418 hominem
602 390 743 417 mortalem
763 394 790 417 et
815 390 896 416 Deum

114 436 320 469 immortalem,
345 437 388 464 cui
411 437 497 464 itonos
525 436 632 464 divinus
655 436 744 463 thuris
763 436 898 463 oblatione

114 482 184 510 olim
197 482 318 509 exhiberi
345 482 452 513 solitus.
474 482 613 509 debeatur.
635 481 684 509 Cui
705 480 828 516 geminus
855 485 898 508 est

117 527 206 560 locus,
224 527 269 561 qui
286 526 312 554 in
326 526 421 554 eodeni
442 526 524 558 libre,
536 525 656 560 pauculis
667 525 816 561 interiectis
826 526 898 561 pagi-

115 572 172 604 nis,
188 572 306 600 occurrit
322 581 329 599 :
346 571 389 598 ubi
405 570 483 598 Celso
496 571 605 599 ludente
616 571 642 598 in
658 571 814 606 sanguinem
833 570 896 598 Jesu

114 617 259 654 profusum
279 617 305 644 i-n
320 624 414 650 cruce,
433 624 466 644 ac
481 617 596 648 dicente,
626 626 636 643 ι
648 624 701 644 non
722 616 805 644 fuisse
824 617 896 644 illum

110 672 261 697 cruorem,
291 663 380 698 qualis
413 664 483 691 divis
515 664 583 692 solet
614 671 674 691 esse
704 664 832 696 beatis“
859 664 895 691 ita

111 710 399 745 respondetOrigencs
415 717 488 737 num.
504 709 548 742 66,
562 717 623 745 pag.
639 710 702 742 580,
716 710 765 738 581
781 710 896 745 εἮμείς

111 756 147 783 δὲ
164 756 238 791 αὐτῷ
256 756 426 788 πιστεύοντες
452 756 550 791 Ἰησοῦ,
565 756 627 792 περὶ
647 756 696 792 μὲν
709 756 759 791 τῆς
774 757 803 783 ὲν
822 755 896 791 αὺτῷ

112 803 254 838 Θειότητος
266 802 371 837 λέγοντι
380 810 387 817 ι
405 802 474 837 Ἐγώ
483 802 542 836 ειμι
551 802 570 836 ὴ
581 802 660 835 ὁδὸς,
675 802 724 829 καὶ
732 802 750 836 ἡ
760 801 894 836 ἀλήθεια,

947 208 1086 236 sententia:
1097 207 1308 240 Catholicorum.
1329 216 1361 235 ex
1383 215 1465 243 opere
1489 208 1633 235 creationis
1657 208 1726 235 divi-

947 253 1058 279 nitatem
1087 251 1148 280 Filii
1177 252 1375 284 asserentium.
1403 253 1437 281 ad
1464 254 1593 282 amussim
1626 261 1725 282 conve-

947 298 1013 327 niat,
1025 298 1122 325 oculati
1135 305 1228 325 omnes
1242 298 1344 326 vident.
1371 297 1472 327 Ibidem
1493 299 1571 326 docet
1593 298 1725 335 Origenes

949 343 995 370 Dei
1008 343 1087 370 Verbi
1105 344 1272 371 divinitatem
1282 352 1329 379 per
1340 345 1554 374 incarnationem
1567 346 1723 381 neutiquam

947 388 1030 416 fuisse
1054 389 1091 415 ita
1123 389 1364 423 circumscriptam,
1380 395 1410 417 ut
1431 398 1562 426 nusquam
1580 391 1623 419 illa
1653 397 1726 419 esset

947 439 1023 461 extra
1037 432 1101 461 Iesu
1120 441 1218 468 corpus
1242 438 1269 461 et
1286 435 1421 468 animam;
1437 437 1483 463 sed
1507 444 1568 464 esse
1590 436 1725 472 fuisseque

947 486 1054 513 semper
1073 479 1207 514 φθάνοντα
1235 480 1385 515 πανταχοῦ,
1403 481 1497 516 ubique
1522 487 1683 516 pnesentem.
1697 482 1726 510 id

947 532 1010 553 vero
1026 532 1060 552 ne
1075 527 1135 560 quis
1151 526 1176 553 in
1199 525 1382 554 Cerinthiana
1409 526 1520 555 haeresis
1547 529 1724 562 patrocinium

947 572 1077 604 traheret,
1092 579 1154 598 mox
1169 571 1317 607 subiungit,
1332 580 1394 607 pag.
1408 572 1477 600 39‘:
1491 573 1723 610 Ταῦταδέφαμεν,

945 617 976 643 οὐ
993 616 1152 652 χωρίζοντες
1165 617 1210 645 τὸν
1223 617 1287 644 Υίδν
1304 617 1350 644 τοῦ
1370 617 1437 645 Θεοῦ
1468 618 1522 646 ἀπὸ
1546 619 1593 646 τοῦ
1627 620 1723 656 Ἰησοῦ·

945 662 974 689 ἓν
987 662 1041 698 γὰρ
1051 662 1167 698 μάλιστα
1182 662 1252 697 μετὰ
1265 663 1314 698 τὴν
1328 664 1640 700 οἰκονομίανγεγένηται
1657 666 1725 701 πρὸς

944 708 990 736 τὸν
1011 707 1096 742 Λόγον
1113 708 1159 734 τοῦ
1178 708 1244 735 Θεοῦ
1256 709 1273 745 ἠ
1285 708 1356 744 ψυχὴ
1368 709 1415 736 καὶ
1426 709 1457 736 τὸ
1471 709 1549 745 σῶμα
1560 710 1607 737 τοῦ
1628 711 1724 746 Ἰησοῦ,

945 753 972 780 id
984 758 1036 786 est,
1053 762 1062 779 I
1081 752 1143 780 Haec
1161 758 1250 781 autem
1273 761 1326 782 non
1355 761 1388 782 eo
1414 761 1429 781 a
1449 754 1527 783 nobis
1552 748 1623 783 dicta
1650 761 1724 788 sunt.

945 797 1015 832 quod
1031 806 1187 834 separemus
1203 805 1218 826 a
1237 798 1300 827 Jesu
1321 799 1417 827 Filium
1431 800 1498 833 Dei;
1520 808 1625 829 summe
1653 802 1724 830 enim

110 847 167 874 καὶ
184 848 203 882 ἡ
215 846 281 882 ζωὴ,
301 848 348 874 καὶ
361 847 388 874 ετ
403 857 429 874 τι
444 847 548 880 τούτοις
571 847 767 884 παραπλήσιον.
783 847 850 884 Περὶ
867 847 892 875 δὲ

948 843 1022 870 un‘rta
1037 843 1113 872 fuere
1126 849 1187 879 post
1201 844 1428 879 dispensationem
1437 847 1526 874 anima
1538 846 1601 875 Jesu
1614 855 1726 883 corpus-

108 894 174 926 τοῦ,
188 895 229 921 ὅτι
245 894 273 920 ὲν
291 894 450 930 ἀνθρωπίνῳ
463 893 567 929 σώματι
590 891 624 929 ἦν
642 893 727 920 ταῦτα
748 893 893 927 φασκόντιι

116 941 186 967 Νῦν
193 939 228 966 δὲ
237 938 345 973 ζητεῖτέ
350 948 389 974 με
400 939 570 976 ἁποκζεῑνωι
577 939 740 973 ἄνθρωπον,
746 939 833 973 ὅστις
839 939 897 975 τὴν

110 985 262 1020 ἀλήθειαν
268 986 339 1021 ὑμῖν
351 985 516 1020 λελάληκα·
525 985 649 1012 σύνθετόν
663 994 688 1012 τι
700 985 794 1021 χρῆμά
806 995 895 1022 φαμεν

111 1033 197 1060 αὐτὸν
206 1033 355 1068 γεγονέναι·
369 1033 387 1060 i.
399 1040 436 1065 e.,
447 1042 456 1059 ‹
468 1032 521 1060 Nos
533 1040 597 1060 vero
610 1033 660 1067 ipsi
671 1032 732 1060 Jesu
743 1033 894 1066 credentes,

115 1080 152 1107 de
167 1080 306 1107 divinitate
324 1079 431 1114 quidem
448 1086 507 1113 qua:
527 1079 553 1105 in
573 1086 606 1106 eo
628 1084 686 1105 erat
700 1079 800 1106 dicenti
815 1088 822 1106 :
838 1078 894 1114 Ego

108 1133 172 1152 sum
187 1126 238 1158 ria,
249 1126 344 1152 veritas
354 1131 379 1152 et
393 1125 445 1151 vita
454 1125 488 1156 δ’,
511 1128 538 1151 et
557 1125 579 1151 si
595 1125 657 1158 quid
669 1129 711 1152 est
726 1124 768 1152 his
786 1125 893 1152 simile:

110 1170 148 1198 de
162 1177 276 1204 corpore
291 1177 355 1197 vero
373 1171 398 1196 in
419 1177 473 1205 quo
488 1175 546 1197 erat
561 1170 680 1197 humano
695 1170 734 1197 sic
751 1170 872 1205 loquenti
885 1180 893 1199 :

113 1215 194 1242 Nunc
210 1223 250 1242 me
259 1215 376 1250 quaeritis
395 1215 540 1249 interﬁcere
551 1214 690 1248 hominem,
703 1216 747 1250 qui
760 1217 894 1244 veritatem

111 1262 183 1289 vobis
212 1261 313 1288 loculus
336 1270 393 1288 sum
408 1262 451 1288 ":
469 1261 555 1288 aimns
575 1269 635 1288 cum
663 1262 746 1290 fuisse
767 1263 893 1297 quiddam

111 1308 322 1343 compositunm
342 1307 403 1334 Mox
427 1307 526 1341 dicitp.
544 1307 591 1334 581
609 1307 746 1335 Christum
763 1308 891 1335 habuisse

110 1352 247 1389 θειότερόν
261 1362 286 1379 τι
304 1354 333 1380 ὲν
351 1353 389 1388 τῷ
407 1352 563 1388 βλεπομένῳ
580 1352 723 1388 ἀνθρώπῳ,
744 1353 813 1389 ὅπερ
832 1351 866 1389 ἦν
879 1354 894 1380 ὁ

114 1399 225 1432 κυρίως
241 1398 304 1429 Υἱὸς
326 1398 406 1430 Θεοῦ,
423 1398 488 1429 Θεὸς
506 1397 601 1432 Λόγος,
620 1396 689 1424 Θεοῦ
702 1397 824 1433 δύναμις,
848 1399 894 1425 καὶ

101 1442 183 1469 ’Θεοῦ
192 1442 280 1477 σοφία·
291 1443 308 1469 i.
318 1450 354 1474 e.,
368 1442 513 1475 «Quiddam
526 1442 640 1469 divinius
648 1443 697 1469 sub
711 1443 826 1470 humana
837 1450 894 1477 spe-

110 1489 157 1517 cie
169 1507 177 1520 ,
199 1488 268 1522 quod
289 1492 348 1514 erat
365 1487 468 1521 proprie
497 1486 542 1513 Dei
564 1486 663 1517 Filius,
680 1487 749 1514 Deus
765 1487 890 1519 Verbum,

110 1535 202 1562 virtus
221 1533 403 1568 sapientiaque
424 1533 481 1562 Dei.
502 1542 512 1557 t
537 1532 570 1559 Et
593 1537 652 1567 post
678 1532 890 1567 aiiquammulta,

109 1580 249 1608 Christum
262 1579 379 1614 appellat
393 1587 466 1605 num.
478 1578 521 1610 68,
540 1586 567 1613 p.
583 1579 644 1610 585,
658 1579 722 1605 Θεὸν
741 1580 769 1604 ἐν
785 1579 891 1615 ἀνθρω-

109 1624 184 1659 πίνῳ
209 1624 325 1659 φανέντα
354 1623 460 1660 σώματι
490 1625 532 1650 ἐπ’
554 1624 697 1660 εὐεργεσίᾳ
729 1624 775 1650 τοῦ
798 1624 891 1658 γένους

109 1670 200 1705 ἡμῶν,
214 1680 223 1696 ι
235 1671 317 1697 Deum
334 1674 506 1704 apparentem
521 1670 547 1697 in
559 1671 675 1697 humano
684 1677 806 1705 corpore,
823 1675 850 1697 ut
864 1671 890 1697 in

110 1719 235 1743 nostrum
246 1723 331 1752 genus
347 1720 489 1743 exerceret
501 1716 716 1744 beneﬁcentiam.
735 1725 745 1742 ι

133 1760 162 1797 ‘§
177 1761 207 1788 V.
220 1761 248 1788 in
263 1762 331 1788 libro
342 1761 460 1789 secundo
475 1762 561 1788 citans
576 1761 672 1789 Cenes.
684 1769 702 1793 ι,
717 1761 752 1789 Ξϐ
770 1770 776 1788 :
792 1760 890 1789 Furia-

109 1814 170 1833 mus
197 1806 324 1833 hominem
352 1807 387 1833 ad
411 1806 552 1841 imaginem
575 1814 597 1834 et
624 1807 819 1834 aintilitudinem
843 1817 890 1834 no-

108 1857 214 1884 stram;
238 1856 264 1878 ct
287 1851 373 1878 locum
400 1851 505 1878 Davidis
526 1851 621 1886 psalm.
641 1860 753 1884 csum,
781 1853 892 1887 5:]pse

106 1898 190 1931 dixit,
212 1903 236 1925 et
258 1897 329 1932 facta
349 1903 420 1930 sunt,
437 1898 492 1932 ipse
513 1898 641 1925 mandavit
664 1903 686 1925 et
705 1904 793 1926 creata
810 1906 890 1931 sum;

108 1944 158 1971 Dei
173 1945 255 1971 fuisse
268 1944 363 1971 Filium
375 1951 407 1971 ac
422 1943 596 1977 Sermonem,
615 1945 657 1971 cui
674 1945 709 1971 ita
728 1946 832 1972 locutus
851 1952 892 1973 cst

107 1996 144 2016 ac
157 1990 283 2023 pracepit
295 1989 363 2016 Deus
376 1989 467 2021 Pater,
482 1990 531 2017 hac
542 1991 645 2017 ratione
659 1990 762 2025 colligit
776 1999 849 2017 num.
863 1993 889 2022 9.

108 2041 173 2070 pag.
195 2035 265 2062 593:
280 2035 311 2061 Et
325 2035 378 2070 γὰρ
391 2034 540 2062 ἐνετείλατο
550 2036 564 2062 ὀ
575 2035 649 2068 Θεδς,
669 2037 714 2062 καὶ
733 2036 842 2071 ἐκτίσθη
858 2037 892 2063 τὰ

107 2081 351 2119 δημιουργήματα·
365 2084 407 2114 τὶς
419 2082 461 2115 ἂν,
476 2083 544 2110 κατά
559 2084 589 2110 τὸ
600 2083 716 2118 ἀρέσκον
731 2083 769 2118 τῷ
784 2092 890 2120 προφη-

109 2129 179 2164 τικῷ
189 2129 335 2164 Πνεύματι,
349 2129 390 2164 εἴη
400 2129 413 2155 ὁ
420 2129 469 2164 τὴν
477 2129 639 2164 τηλικαύτην
650 2129 696 2155 τοῦ
707 2129 811 2171 Ματρὸς
819 2130 892 2156 ἐντο-

947 896 999 925 que
1006 897 1066 917 cum
1077 889 1166 918 Verbo
1176 890 1235 919 Dei.
1252 901 1262 917 ι
1273 891 1372 927 Ecquis
1388 900 1453 920 vero
1465 899 1609 929 utramque
1623 894 1724 923 Christi

946 938 1080 968 naturam,
1094 940 1123 963 et
1147 935 1290 971 utriusque
1306 942 1408 966 natura!
1425 938 1551 967 unionem
1574 939 1723 974 bypostati-

945 987 1004 1010 cam
1028 981 1114 1015 magis
1138 981 1277 1010 Catholica
1298 982 1434 1017 explicare
1456 984 1558 1018 potuit,
1587 992 1666 1019 quam
1690 986 1724 1014 ab

945 1025 1063 1061 Origene
1086 1027 1160 1055 hisce
1174 1027 1200 1054 in
1214 1027 1281 1055 locis
1293 1028 1392 1056 factum
1403 1029 1464 1056 est?
1476 1029 1537 1057 Mox
1549 1031 1646 1058 ibidem
1662 1039 1724 1059 cor-

945 1078 995 1105 pus
1009 1070 1111 1098 Christi
1134 1071 1199 1099 dicit
1223 1079 1297 1099 num.
1315 1071 1360 1105 10,
1387 1072 1433 1100 τὸν
1447 1073 1554 1109 ἀληθῶς
1580 1075 1642 1101 ναὸν
1656 1075 1723 1105 Θεοῦ

943 1115 990 1143 τοῦ
1013 1115 1111 1150 Λόγου,
1126 1116 1173 1144 καὶ
1195 1117 1244 1153 τῆς
1268 1117 1374 1153 σοφίας,
1390 1119 1438 1146 καὶ
1464 1120 1512 1155 τῆς
1538 1120 1681 1156 ἀληθείας,
1697 1122 1724 1150 id

944 1165 1004 1194 est,
1034 1171 1044 1188 ι
1064 1161 1163 1189 Verum
1178 1163 1306 1197 templum
1322 1164 1369 1191 Dei
1386 1164 1477 1198 Verbi,
1494 1166 1616 1195 veritatis
1635 1173 1663 1196 et
1679 1159 1723 1196 sa-

943 1206 1068 1241 pientiae;
1093 1216 1102 1233 ι
1120 1207 1191 1243 quod
1204 1208 1300 1242 Judaei,
1321 1209 1455 1244 lapideum
1465 1211 1512 1239 Dei
1525 1213 1651 1248 templum
1663 1214 1722 1249 plus

943 1253 1011 1281 satis
1024 1259 1193 1287 venerantes,
1211 1260 1442 1291 contempserunt.

980 1298 995 1335 5
1012 1299 1054 1328 Vl.
1068 1299 1095 1328 in
1111 1300 1180 1329 libro
1192 1303 1272 1330 tertio
1288 1303 1426 1338 objicienti
1450 1305 1612 1335 Christianis
1633 1307 1722 1343 Celso,

943 1353 1018 1373 num.
1033 1346 1079 1379 il,
1091 1354 1117 1381 p.
1141 1347 1204 1380 ηδ,
1221 1348 1284 1382 474,
1301 1358 1312 1376 ι
1336 1351 1406 1385 quod
1424 1350 1516 1380 Jesum
1535 1355 1642 1381 mortali
1660 1362 1721 1382 cur-

943 1398 1008 1425 pore
1025 1396 1194 1421 constantem
1208 1395 1319 1423 credant
1331 1403 1391 1424 esse
1417 1397 1512 1431 Deum,
1525 1399 1605 1434 idque
1617 1401 1660 1435 pie
1671 1402 1722 1429 sibi

943 1435 1087 1464 videantur
1103 1437 1209 1472 facere;
1229 1449 1237 1465 t
1254 1439 1290 1467 ita
1303 1443 1446 1476 respondet
1459 1442 1590 1479 Origenes
1607 1455 1615 1473 :
1629 1447 1723 1473 ’Ἰστω-

944 1489 993 1508 σαν
1016 1482 1041 1508 oi
1064 1482 1256 1517 ἐγκαλοῦντες,
1277 1485 1318 1511 ὅτι
1336 1485 1365 1513 ὃν
1385 1486 1435 1522 μὲν
1454 1488 1599 1524 νομίζομεν
1613 1490 1659 1516 καὶ
1675 1499 1721 1517 περ

905 1511 926 1539 c
943 1511 1206 1564 πείσμεθαάρχῆθεν
1219 1511 1286 1557 εἶναι
1305 1511 1370 1558 esti
1448 1511 1601 1567 3:017,
1615 1511 1721 1568 ,οῦτοέὀ

940 1573 1084 1608 αὑτολόγος
1098 1575 1156 1601 ἐστὶ
1174 1576 1249 1611 καὶὴ
1269 1577 1415 1612 αὺτοσοφία
1435 1578 1480 1605 καὶ
1501 1580 1518 1614 ἡ
1533 1580 1721 1617 αὑτοαλήθεια·

939 1619 971 1646 τὸ
987 1620 1016 1646 δὲ
1029 1619 1123 1656 θνητὸν
1140 1621 1221 1647 αὐτοῦ
1246 1621 1335 1657 σῶμα,
1356 1623 1403 1649 καὶ
1427 1623 1476 1658 τὴν
1501 1624 1674 1661 ἀνθρωπίνην
1693 1628 1721 1654 ὲν

940 1666 1014 1701 αὐτῷ
1038 1666 1136 1702 ψυχὴν,
1165 1669 1197 1702 τῇ
1215 1667 1282 1702 πρὸς
1310 1669 1410 1695 ἐκεῖνον
1437 1670 1467 1696 οὑ
1493 1670 1572 1705 μόνον
1598 1673 1721 1708 κοινωνίᾳ

940 1712 1009 1740 ἀλλὰ
1024 1713 1071 1741 καὶ
1085 1713 1178 1740 ὲνώσει
1193 1714 1240 1740 καὶ
1261 1714 1418 1749 ἀνακράσει,
1445 1715 1478 1742 τὰ
1503 1716 1721 1753 μέγιστά·φαμεν

940 1759 1160 1795 προσειληφέναι,
1175 1761 1222 1786 καὶ
1230 1760 1279 1795 τῆς
1295 1761 1399 1788 ἐκείνου
1412 1761 1548 1797 θειότητος
1561 1771 1720 1799 κεκοινωνη-

941 1806 1008 1833 κότα
1027 1807 1067 1838 εἰς
1088 1806 1153 1833 Θεὸν
1181 1807 1405 1842 μεταϐεϐηκέναι,
1419 1808 1443 1834 id
1456 1813 1507 1841 est,
1529 1817 1539 1834 ι
1558 1808 1651 1837 Sciant
1677 1811 1720 1838 isti

941 1852 1128 1879 criminatores
1147 1852 1218 1880 huttc
1239 1852 1330 1880 Jesum
1345 1873 1353 1886 ,
1374 1861 1453 1888 quem
1477 1854 1511 1881 ab
1533 1854 1609 1882 initio
1637 1855 1720 1883 Deum

941 1897 1042 1933 Deique
1054 1897 1151 1925 Filium
1165 1905 1225 1926 esse
1249 1898 1383 1926 credimus
1392 1919 1399 1932 ,
1415 1899 1501 1934 ipsum
1515 1907 1576 1927 esse
1590 1900 1718 1934 Verbum,

942 1945 1026 1978 ipsam
1042 1946 1192 1976 veritatem.
1211 1945 1295 1978 ipsam
1310 1944 1490 1979 sapientiam:
1506 1951 1630 1973 caeterum
1648 1955 1719 1974 nter-

942 1991 995 2018 tale
1013 1990 1070 2024 ejus
1084 1998 1183 2025 corpus
1204 1995 1232 2017 et
1250 1990 1395 2018 humanam
1418 1991 1444 2018 in
1461 1999 1495 2020 eo
1514 1992 1631 2019 animam
1648 1992 1720 2020 illius

942 2036 1022 2064 Verbi
1039 2044 1091 2064 non
1110 2037 1195 2064 solum
1209 2038 1463 2070 communicatione,
1483 2038 1530 2065 sed
1546 2038 1626 2065 etiam
1642 2038 1720 2065 unio-

941 2091 976 2110 ne
992 2088 1019 2110 et
1034 2084 1217 2118 pertnistione,
1234 2084 1352 2111 maxima
1365 2091 1480 2118 quaeque
1494 2084 1608 2112 dicimus
1640 2091 1719 2111 acce—

941 2128 1022 2162 pisse,
1035 2133 1062 2156 et
1077 2128 1243 2156 divinitatem
1262 2129 1348 2163 ipsius
1363 2130 1564 2165 participantia,
1589 2130 1615 2157 in
1635 2129 1718 2157 Deum

108 2175 159 2210 λὴν
169 2174 344 2210 ἐκπληρῶσαι
357 2174 489 2210 δυνηθεὶς,
508 2175 524 2210 ἢ
549 2175 562 2200 ὁ
583 2174 626 2209 (ἶν’
642 2174 727 2206 οὕτως
746 2174 889 2210 ὸνομάσῳ)

943 2174 1067 2202 evasisse.
1080 2184 1088 2200 t
1119 2173 1201 2209 Cujus
1228 2175 1411 2209 responsionis
1430 2176 1463 2209 (si
1483 2176 1547 2210 quid
1563 2175 1650 2210 video)
1675 2175 1719 2202 hic

110 2221 231 2256 ἔμψυχος
255 2219 331 2254 λόγος
354 2220 401 2246 καὶ
421 2219 534 2254 ἀλήθεια
543 2221 692 2255 τυγχάνων,
712 2220 739 2247 id
761 2225 812 2252 est,
828 2229 838 2246 ι
859 2220 887 2248 Si

110 2266 183 2294 enim
210 2266 346 2293 mandavit
362 2265 448 2296 Deus,
471 2269 498 2292 et
519 2267 634 2293 conditae
653 2271 714 2293 sunt
738 2271 887 2298 creaturas;

110 2311 172 2347 quis
181 2311 256 2347 juxta
267 2311 427 2339 sententiam
436 2312 584 2346 prophetici
598 2311 714 2346 Spiritus
724 2317 816 2347 posset
830 2320 890 2340 esse

111 2357 177 2385 tanti
199 2358 304 2392 paterni
329 2357 446 2384 mandati
464 2363 617 2389 exsecutor,
636 2365 716 2392 quam
743 2358 796 2391 ille,
811 2359 889 2386 utsic

110 2402 214 2438 loquar,
228 2403 361 2430 snit-tatus
370 2403 429 2438 ejus
440 2409 530 2429 sermo
546 2407 574 2429 et
587 2403 706 2430 veritas?
722 2413 732 2429 ι
749 2403 850 2436 Quibus
862 2404 888 2431 in

110 2449 201 2476 verbis
219 2448 315 2476 Filium
329 2448 375 2476 Dei
389 2456 403 2475 a
424 2447 504 2475 rebus
520 2448 618 2476 creatis
634 2449 758 2476 omnibus
777 2449 891 2483 apertis-

109 2494 178 2523 sitne
190 2494 346 2529 distinguit;
362 2494 425 2529 quin
443 2498 471 2521 et
479 2493 552 2521 clare
563 2493 641 2521 docet
651 2501 718 2528 opus
726 2494 871 2521 ereationis
880 2514 888 2527 ,

91 2535 147 2568 ἰιιί
170 2541 214 2568 Dei
236 2540 304 2568 Filio
323 2548 337 2567 a
358 2540 438 2568 Patre
465 2548 515 2568 suo
542 2540 752 2572 demandatum,
785 2545 887 2567 tantum

111 2587 216 2618 iuisse',
246 2593 337 2622 utpote
367 2587 464 2614 divinat
493 2585 696 2621 omnipotentia:
728 2586 886 2620 proprium,

110 2639 140 2661 ut
169 2634 261 2669 perlici
296 2633 449 2667 neutiquam
476 2633 594 2668 potuerit
620 2632 670 2660 nisi
697 2632 731 2660 ab
760 2639 809 2662 eo.
841 2631 887 2666 qui

109 2681 145 2708 sit
158 2681 215 2715 ipse
235 2680 283 2707 Dei
302 2678 391 2706 Patris
414 2686 501 2706 sermo
525 2687 557 2706 ac
578 2679 689 2707 veritas.
716 2678 781 2712 ρυω
805 2678 888 2705 ratio-

110 2726 211 2753 cinatio
236 2733 316 2760 quam
338 2725 432 2760 procul
451 2725 530 2751 distet
555 2732 570 2751 ιι
592 2730 682 2752 mente
706 2724 888 2752 Ariomanita-

144 2814 255 2841 “inin.
273 2821 328 2844 ιιιν,
339 2813 365 2841 6.
404 2813 425 2828 ⁸⁷
436 2812 514 2839 Joan.
529 2820 588 2844 vin,
603 2813 648 2840 40.

285 2861 419 2890 Pnact.
442 2861 499 2891 Cn.
524 2860 621 2890 XVll.

941 2227 1038 2248 sensus
1059 2220 1217 2248 manifestus
1234 2225 1276 2248 est
1299 2227 1307 2246 :
1330 2220 1371 2247 An
1387 2220 1454 2248 illud
1467 2227 1516 2248 vos
1531 2219 1684 2252 conturbat,
1703 2228 1719 2248 o

942 2267 1104 2301 philosophi,
1120 2267 1191 2302 quod
1222 2274 1270 2294 nos
1296 2266 1440 2293 Christiani
1465 2266 1600 2293 Christum
1621 2266 1719 2293 Serva-

943 2318 1028 2340 torem
1044 2319 1175 2346 nostrum,
1190 2312 1296 2340 mortali
1309 2319 1422 2347 corpore
1439 2317 1620 2345 constantem,
1635 2312 1718 2339 Deum

943 2357 1075 2385 dicimus?
1099 2359 1170 2390 lino,
1196 2358 1337 2392 ringamini
1358 2358 1431 2391 licet,
1456 2358 1530 2386 illum
1557 2357 1639 2386 Deum
1659 2365 1719 2386 esse

943 2402 1106 2430 aﬂirtnamus
1136 2404 1322 2437 ipsissimum;
1346 2410 1440 2438 nempe
1467 2404 1552 2438 ipsam
1575 2404 1718 2435 rationem,

938 2449 1024 2485 ipsam
1042 2451 1194 2481 veritatem,
1211 2450 1296 2484 ipsam
1311 2449 1470 2484 sapientiam
1482 2458 1489 2475 :
1501 2449 1565 2483 quin
1576 2453 1604 2475 et
1618 2449 1644 2476 in
1661 2454 1719 2476 tan-

940 2500 995 2522 tum
1011 2495 1106 2527 Deum,
1123 2500 1153 2522 ut
1165 2503 1220 2524 non
1232 2503 1375 2524 vereamur
1387 2495 1487 2527 dicere,
1502 2494 1560 2529 ejus
1574 2494 1655 2521 etiam
1672 2494 1719 2521 Ιιιι-

938 2547 1045 2567 manam
1065 2546 1199 2573 naturam,
1216 2548 1266 2575 per
1289 2541 1416 2568 unionem
1445 2547 1506 2568 cum
1527 2539 1628 2572 divina,
1651 2547 1719 2574 quo-

938 2585 1081 2613 dammodo
1098 2585 1249 2613 dedicatam
1265 2595 1336 2624 esse.
1359 2586 1480 2614 Notanda
1493 2585 1536 2615 hic
1555 2590 1597 2612 est
1619 2584 1718 2612 locutio

938 2631 1047 2659 omnino
1076 2631 1231 2664 Platonica,
1262 2632 1415 2666 αὐτολόγος,
1440 2630 1626 2666 αὑτοαλήθεια.
1651 2629 1717 2657 Nam

938 2677 1014 2706 Plato
1023 2677 1189 2712 αὑτοαγαθόν
1205 2677 1282 2711 dixit,
1294 2678 1365 2712 quod
1378 2683 1419 2706 est
1433 2685 1497 2705 vere
1512 2685 1544 2704 ac
1557 2684 1604 2711 per
1627 2684 1655 2704 se
1671 2676 1718 2703 bo.

939 2731 1002 2752 num
1014 2732 1022 2753 ι
1038 2724 1101 2751 illud
1116 2723 1255 2758 epitheton
1267 2723 1415 2750 attribuens
1427 2724 1476 2752 soli
1488 2730 1554 2751 vero
1567 2730 1599 2750 ac
1614 2728 1717 2749 suonno

1503 2858 1538 2888 Isi
