1908 3071
211 139 275 167 12⁵11

857 141 888 168 Ρ.
911 142 1068 170 DANIELIS
1086 143 1202 172 IIUETII

1754 150 1812 177 Im

210 201 278 229 Nam
303 206 363 236 post
387 199 527 228 Maximini
544 201 759 236 persecutionem
783 203 903 237 expliciti
921 209 994 236 sunt,
1009 207 1032 236 Α
1047 213 1146 233 annum
1161 207 1345 241 pronuntiavit
1358 207 1505 241 Origenes;
1524 206 1638 233 acluarii
1663 214 1695 233 ex
1713 206 1813 236 antbone

209 248 306 282 quippe
323 245 401 284 cujus
418 251 491 274 tomo
506 254 576 278 xxtt,
591 247 758 279 meminerit,
773 250 997 282 quemadmodum

209 292 289 320 refert
307 291 439 320 Eusebius
463 292 510 319 lib.
527 300 552 319 vn
572 292 656 324 ΙΙὶιι..
675 301 736 328 cap.
748 293 795 325 28,
816 295 934 322 nondum
949 303 998 322 au-

210 343 262 365 tem
284 337 439 365 Matllneum
471 338 619 373 explanare
646 339 736 367 fuerat
763 348 887 373 exorsus,
920 341 998 368 siculi

209 389 322 418 apparet
335 391 367 411 ex
384 384 443 419 ejus
458 389 530 412 tomo
541 393 598 417 xvn,
617 386 644 412 in
659 386 768 417 Matth.,
780 383 854 414 num.
873 388 917 418 I9.
937 395 997 422 pag.

208 430 272 462 748,
300 435 327 457 et
345 430 450 457 decimo
479 431 506 458 t'n
529 431 659 458 Joannem
679 437 762 464 touto,
785 441 859 460 lttlm.
875 434 918 464 I8.
936 442 997 468 pag.

207 476 268 503 192.
285 475 324 504 Ne
338 475 599 504 Commentariorum
621 478 729 512 quidem
746 479 772 506 in
796 479 939 511 Epistolam
964 480 998 506 ad

210 522 345 549 Romanos
359 522 482 550 meminit
498 523 627 550 Eusebius
641 533 647 550 :
662 531 694 551 ex
712 523 838 558 Origenis
853 530 941 552 tamen
956 530 998 552 to-

207 575 252 596 mo
269 576 324 595 XVI!
341 569 369 595 in
385 568 497 602 Matth,
512 577 587 596 num.
608 569 653 599 5%.
678 577 738 604 past.
755 569 816 601 8‘2I,
834 574 860 597 et
879 570 924 597 lib.
941 578 955 596 v
971 575 998 598 et

207 620 267 646 VIII,
293 619 385 641 contra
411 612 491 647 εει...
512 621 584 640 ιιιιηι.
599 613 645 645 47,
665 622 726 650 pag.
742 614 794 641 6M
820 619 848 642 et
865 623 938 642 nmn.
952 615 996 648 65,

207 667 269 695 pag.
289 659 350 692 790,
363 660 535 695 intelligimus
553 661 608 694 jam
626 666 680 688 tuttt
698 668 729 688 ea
747 663 929 696 composuisse
938 662 999 689 0ri--

208 714 316 738 genum,
336 714 396 734 cmn
409 707 441 734 ad
463 707 661 742 explanandum
675 707 844 740 Mattlneum,
859 713 886 735 et
901 709 997 735 conlu-

209 752 318 779 tandutn
344 752 450 779 Celsum
469 761 499 780 se
522 753 645 781 contulit.
666 753 776 780 Discere
793 761 858 780 vero
881 754 943 781 licet
959 761 992 781 ex

209 797 318 824 humilia
337 797 369 824 t7
395 799 422 824 in
446 797 557 829 Lucam,
575 797 630 833 jam
646 804 709 825 ante
727 800 813 833 ipsum
833 807 893 826 esse
912 799 997 827 inter-

207 848 342 878 pretatum
367 843 513 879 Epistulam
536 846 654 879 priorem
682 846 715 872 ad
730 845 898 879 Corinthios,
914 854 995 881 quam

208 890 236 917 in
257 890 329 917 hunc
338 890 530 925 evangelistam
540 891 573 918 ad
590 892 716 925 populum
733 892 880 919 dissereret
895 900 902 918 :
919 880 996 920 tllle-
1013 880 1033 907 Β

208 935 285 966 mini,
307 935 405 968 inquit,
431 942 492 962 cum
508 935 703 970 interpretarer
725 936 789 963 illud
804 938 875 971 quod
893 937 927 964 ad
944 937 997 964 Co~

209 981 324 1008 rinthios
338 981 467 1008 scribitur
483 991 490 1008 :
522 981 648 1009 Ecclesia
663 982 711 1009 Dei
738 991 796 1016 qum
810 987 847 1009 est
864 983 995 1018 Corinthi,

208 1035 267 1067 eum
279 1027 397 1054 omnibus
409 1028 456 1062 qui
466 1027 585 1054 invocant
600 1035 659 1054 eum
684 1028 716 1061 ³¹,
745 1029 844 1056 dixisse
856 1037 898 1056 me
910 1029 998 1056 diver-

208 1073 315 1101 sitatem
331 1073 467 1104 Ecclesiae,
481 1078 509 1100 et
517 1081 611 1101 eorum
627 1074 672 1108 qui
687 1075 815 1102 invocant
833 1083 932 1102 nomen
945 1075 997 1101 Do-

209 1119 284 1147 mini.
302 1128 311 1145 ι
328 1119 544 1147 Commentarios
560 1119 587 1146 in
600 1121 713 1154 priorem
735 1121 769 1147 ad
784 1120 998 1148 Tltesmlottt'cen-

208 1174 248 1192 se:
265 1164 411 1199 Epistolam
427 1166 453 1193 in
463 1173 545 1200 opere
556 1171 646 1192 contra
661 1166 776 1199 Celsum,
788 1167 857 1194 libro
867 1168 996 1199 secundo,

210 1219 284 1239 num.
303 1212 348 1244 65,
363 1220 424 1247 pag.
447 1212 510 1244 457,
527 1211 649 1239 laudatus
667 1213 797 1246 reperias.
815 1213 934 1247 Denique
951 1221 999 1240 ex-

209 1255 368 1290 positionem
383 1257 500 1291 aliquam
509 1257 534 1284 in
544 1257 732 1292 Apocalypsim
742 1258 929 1290 meditabatur.
938 1266 997 1285 cum

209 1301 364 1330 Mattlneum
378 1303 542 1338 explicaret:
556 1303 589 1330 de
603 1303 720 1331 dracone
732 1304 830 1339 quippe
842 1304 888 1332 illo
897 1309 997 1337 septem

209 1348 344 1382 capitibus
363 1353 390 1375 et
405 1349 496 1375 decem
513 1349 640 1378 cornibus
665 1350 799 1377 instructo
813 1357 896 1384 agens
910 1350 942 1381 ³³,
960 1351 996 1376 ita

209 1395 304 1422 scribit
323 1399 430 1423 tractat.
444 1395 490 1428 50,
506 1403 581 1422 nunt.
597 1395 642 1428 49,
654 1403 714 1431 pag.
730 1396 802 1424 867:
822 1405 831 1421 ε
844 1396 999 1431 Exponetur

210 1446 301 1468 autem
309 1445 430 1476 tempore
439 1449 488 1469 suo
501 1442 526 1468 in
541 1441 705 1468 Revelatione
716 1441 846 1475 Joannis;
861 1453 870 1469 ι
882 1448 908 1470 et
919 1450 978 1469 nios
991 1452 997 1469 :

214 1495 224 1512 ι
241 1486 294 1514 Has
309 1492 399 1514 autem
415 1487 577 1522 principales
601 1488 783 1522 expositiones
799 1494 882 1522 atque
903 1488 1000 1521 proba-

1050 253 1178 280 recitatas
1199 258 1386 288 exceperunt:
1403 254 1474 288 quod
1494 254 1624 280 tracti-nus
1651 253 1705 280 ﬁeri
1732 253 1813 286 probi-

1049 299 1156 325 buerat.
1177 299 1251 326 Alias
1264 299 1348 326 variis
1364 299 1533 334 temporibus
1550 298 1698 326 accuravit.
1714 298 1783 330 Quod
1795 298 1813 326 si

1051 345 1107 371 haac
1124 345 1305 379 perspexisset
1321 345 1460 377 Erasmus,
1476 344 1587 372 minime
1601 344 1719 375 proiecto
1733 344 1756 371 id
1772 345 1814 379 ipsi

1050 391 1083 418 de
1103 391 1221 419 homiliis
1245 391 1368 426 Origenis
1390 390 1537 426 generatim
1561 390 1649 425 agenti
1665 390 1814 417 excidisset:

1051 437 1123 464 «Eas
1151 437 1297 464 conciones
1323 444 1377 464 non
1403 436 1459 471 ipse
1476 436 1596 470 scripsit,
1623 436 1669 462 seti
1684 443 1697 461 a
1716 435 1816 462 notariis

1049 483 1136 517 excipi
1158 490 1254 517 passus
1276 487 1328 515 est,
1351 483 1421 517 quod
1442 488 1531 509 tamen
1553 486 1653 516 negant
1672 481 1744 508 illum
1766 489 1817 509 esse

1049 536 1158 563 passum
1176 534 1241 556 ante
1264 536 1374 560 annum,
1395 533 1423 555 ut
1449 533 1514 555 ante
1536 528 1636 554 dictum
1651 531 1702 558 est,
1715 534 1817 562 sexage-

1049 575 1159 602 simum.
1174 585 1184 601 ι
1207 574 1289 608 Quasi
1306 575 1391 601 nullas
1404 574 1521 609 cogitate
1535 573 1727 608 conscripserit
1740 574 1817 600 Inomi-

1049 619 1097 646 Iias
1123 619 1264 655 Origenes,
1286 619 1333 646 sed
1357 626 1452 646 omnes
1468 625 1501 645 ex
1528 623 1648 652 tempore
1671 616 1818 651 profuderit.

1051 664 1172 691 Ilomiliaa
1195 664 1222 690 in
1243 663 1352 695 Lucam,
1379 668 1446 690 teste
1475 661 1638 696 Hieronymo
1660 662 1686 688 in
1718 661 1820 696 Prologo

1052 718 1107 737 suae
1125 710 1366 744 interpretationis,
1383 709 1452 736 t'etus
1461 713 1502 735 est
1515 707 1642 742 juvenilis
1651 707 1748 739 aetatis,
1759 712 1783 734 et
1798 708 1819 733 in

1048 756 1104 783 otio
1123 755 1232 790 quidem
1250 763 1282 782 ac
1307 759 1414 782 secreto
1430 759 1586 789 conceptus,
1604 758 1633 780 ut
1649 753 1677 780 in
1698 753 1820 788 publicum

1049 801 1147 828 deinde
1164 800 1302 828 ederetur.
1322 799 1511 827 Coutinuatam
1529 806 1594 833 ergo
1613 799 1668 826 illic
1684 798 1760 825 Luca:
1779 806 1820 825 ex-

1048 846 1208 881 positionem
1229 845 1444 877 animadvertas,
1467 851 1648 880 praeterquam
1667 844 1694 871 in
1721 852 1765 871 sex
1780 851 1821 878 po-

1049 891 1159 919 stremis
1176 891 1307 923 homiliis,
1327 898 1387 925 quae
1401 898 1433 917 ex
1448 890 1572 924 ampliori
1589 897 1701 916 innuero
1712 889 1822 917 videntur

1050 942 1194 972 cxcerptae.
1212 937 1353 965 Prioribus
1369 937 1420 963 illis
1433 937 1543 971 triginta
1560 936 1646 964 tribus
1660 936 1760 964 similes
1769 941 1823 963 sunt

1049 983 1166 1010 homiliaa
1182 983 1209 1010 in
1227 982 1347 1017 psalmos
1362 989 1456 1013 xxxvi,
1468 989 1563 1009 xxxvn
1576 987 1603 1008 et
1615 986 1762 1011 xxxvtn,et
1773 981 1822 1007 dum.

1048 1030 1076 1057 in
1090 1029 1237 1060 Canticum,
1260 1035 1287 1055 et
1311 1035 1406 1055 novem
1437 1028 1463 1054 in
1485 1027 1604 1055 Iudices.
1632 1028 1824 1062 Extemporales

1049 1080 1138 1102 autem
1156 1074 1284 1106 homilizn,
1307 1074 1438 1108 quoniam
1460 1073 1539 1107 juxta
1567 1073 1687 1107 episcopi
1714 1072 1824 1107 pratscri-

1049 1127 1135 1156 ptum,
1159 1126 1186 1148 et
1211 1121 1380 1156 designatum
1403 1120 1437 1147 ab
1461 1127 1494 1146 eo
1510 1124 1699 1154 argumentum
1716 1126 1746 1146 ac
1761 1118 1825 1145 Scri-

1049 1173 1135 1203 ptura:
1148 1167 1236 1195 locum
1253 1166 1514 1202 pronuntiabantur,
1526 1165 1629 1192 idcirco
1644 1170 1748 1193 certum
1764 1165 1825 1192 nunc

1048 1214 1170 1241 ordinem
1193 1213 1349 1248 neutiquam
1380 1217 1486 1245 tenent;
1508 1212 1554 1239 sed
1576 1213 1602 1238 in
1621 1212 1745 1238 eamdem
1765 1217 1826 1244 sape

1049 1261 1205 1295 pericopam
1223 1259 1366 1295 geminata:
1384 1258 1567 1293 reperiuntur,
1587 1256 1776 1292 praetermissis
1791 1261 1825 1282 to-

1050 1308 1085 1334 tis
1102 1306 1248 1341 capitibus,
1264 1305 1386 1340 diligenti
1400 1304 1565 1338 cteteroquin
1589 1303 1778 1331 observatione
1804 1308 1826 1329 et

1050 1352 1230 1387 explicatione
1256 1351 1355 1386 dignis.
1385 1349 1468 1384 Hujus
1492 1350 1600 1385 generis
1625 1349 1752 1376 videntur
1773 1355 1825 1374 esse

1050 1398 1211 1433 superstites
1224 1397 1251 1425 in
1271 1402 1388 1431 quatuor
1409 1397 1513 1432 priores
1548 1395 1726 1423 Pentateuctti
1754 1394 1828 1421 libros

1051 1444 1186 1474 homiliis,
1200 1447 1228 1470 et
1246 1450 1306 1478 quae
1322 1443 1347 1469 in
1363 1443 1462 1470 librum
1484 1441 1567 1470 Josue
1579 1447 1703 1473 exstant,
1718 1448 1793 1476 quas,
1803 1444 1828 1466 ut

1051 1489 1088 1516 ait
1107 1488 1220 1515 Rufinus
1236 1488 1370 1522 interpres
1396 1488 1422 1515 in
1441 1487 1574 1522 Prologo:
1591 1496 1599 1513 ι
1614 1487 1653 1514 Ex
1675 1492 1791 1521 tempore
1804 1486 1827 1512 in

212 1533 298 1561 tiones
313 1537 418 1568 oportet
436 1533 506 1564 ﬁeri,
523 1541 583 1560 cum
612 1534 669 1568 ipse
694 1533 762 1561 liber
785 1534 999 1570 (Apocalypseos)
1014 1547 1034 1576 ο
1053 1534 1169 1562 Ecclesia
1183 1534 1320 1568 peroravit
1335 1534 1511 1561 Adamantius
1536 1540 1629 1560 senex.
1645 1542 1654 1558 ι
1673 1532 1756 1567 Hujus
1768 1539 1827 1566 quo-

211 1579 367 1615 propositus
391 1579 472 1606 luerit
493 1579 569 1606 nobis
588 1580 622 1607 ad
634 1580 829 1614 exponendum.
845 1590 855 1606 ι

248 1624 293 1652 ιν.
317 1625 451 1652 Ceterum
482 1633 578 1660 magna
599 1626 625 1653 in
654 1625 851 1660 distinguendis
875 1625 1000 1662 Origenis

213 1669 333 1699 homiliis
356 1672 506 1700 adhibenda
530 1672 687 1707 dijudicatio
697 1677 756 1706 est;
777 1672 844 1700 alias
855 1673 926 1700 enim
943 1681 998 1700 me-

215 1718 299 1745 ditate
315 1719 484 1753 conscriptas
497 1719 591 1752 edidit,
603 1719 670 1746 alias
685 1727 716 1745 ex
733 1723 854 1753 tempore
866 1719 998 1746 recitavit.

214 1763 304 1798 Longe
320 1763 415 1796 levior,
441 1771 484 1792 me
509 1763 609 1798 judice,
630 1765 724 1791 harum
743 1764 906 1797 auctoritas;
936 1773 1000 1798 gra-

214 1809 273 1836 vior
295 1809 399 1836 illarum
425 1810 602 1838 existimatio.
622 1809 756 1845 Quidquid
773 1809 999 1845 extemporalium

214 1853 387 1882 homiliarum
399 1861 532 1890 superest.
548 1860 605 1891 post
623 1856 823 1890 sexagesimum
842 1855 930 1882 :etatis
943 1862 1000 1882 suze

226 1941 356 1950 ..-

1051 1588 1103 1614 que
1116 1579 1224 1614 generis
1239 1587 1300 1606 esse
1316 1579 1426 1606 videtur
1438 1579 1517 1606 unica
1539 1578 1582 1606 illa
1599 1579 1624 1605 in
1637 1577 1647 1604 I
1661 1578 1731 1613 Reg.
1745 1584 1800 1610 cap.
1817 1576 1826 1602 l

1052 1631 1079 1653 et
1091 1626 1120 1657 Ξ.
1135 1630 1163 1652 et
1177 1625 1228 1652 alia
1244 1625 1277 1652 de
1290 1625 1520 1660 Engastrimytho.
1537 1632 1619 1660 quam
1635 1624 1740 1660 primus
1756 1623 1830 1650 edidit

1052 1670 1107 1697 Leo
1123 1669 1246 1702 Allatius,
1265 1674 1292 1696 et
1308 1677 1367 1704 qtue
1384 1674 1530 1705 supersunt
1547 1671 1574 1697 in
1589 1668 1704 1700 Isaiam,
1719 1670 1746 1695 in
1768 1667 1831 1695 Jere-

1053 1716 1145 1748 iniam,
1160 1721 1187 1742 et
1207 1716 1235 1742 in
1254 1715 1427 1744 Ezechielem.
1451 1715 1497 1743 lla:
1514 1720 1603 1743 autem
1619 1714 1738 1742 subinde
1752 1722 1766 1741 a
1779 1719 1830 1740 stu-

1054 1762 1138 1789 diosis
1155 1761 1232 1796 juxta
1258 1761 1409 1796 Scriptura;
1429 1761 1551 1789 ordinem
1573 1761 1694 1788 collectae
1714 1765 1741 1787 et
1751 1760 1831 1793 dispo-

1053 1808 1113 1834 sine
1131 1812 1203 1835 sunt.
1219 1807 1307 1842 Atque
1332 1807 1390 1834 haec
1407 1815 1456 1834 uos
1481 1814 1576 1842 magna
1602 1806 1831 1833 Verisimilitudine

1053 1853 1125 1880 ducti
1139 1852 1332 1887 conjec-tamus,
1346 1861 1398 1880 non
1415 1852 1558 1887 praefracte
1575 1853 1734 1880 asserintus.

371 1941 1828 1954 —...________________—___________—

864 2020 1191 2066 APPENDIX.

626 2119 714 2151 Libri
737 2119 870 2158 Origeni
893 2118 988 2156 falso,
1012 2118 1060 2149 vel
1084 2118 1270 2150 dubitanter
1291 2115 1432 2156 ascripti.

216 2267 238 2296 I.
261 2268 336 2296 Unde
351 2269 450 2304 factum
470 2269 503 2297 sit
520 2274 547 2296 ut
565 2270 687 2304 Origenis
709 2278 803 2297 nomen
820 2267 1045 2304 Iplera'qttemsibj
1068 2265 1315 2304 scriptionesjnlso
1336 2263 1487 2304 astiterint,
1503 2262 1695 2304 operi-turdi;
1703 2262 1742 2292 De
1756 2261 1831 2304 tritius

252 2304 325 2343 libris
339 2297 365 2331 in
373 2304 438 2343 _J_ob,
449 2297 783 2343 dequet'elusloipsorum
796 2297 946 2343 interprete.
1080 2297 1225 2341 posteriore
1234 2299 1603 2343 in"Job'tlontmettlorie._ly-
1614 2297 1832 2343 mego'f'ﬁf’ﬁ‘

253 2340 293 2365 rio
317 2340 344 2366 in
372 2330 889 2380 magna."vgyaiiuiajiterant;
906 2338 949 2366 Vl.
968 2330 1087 2380 {inmitia
1101 2344 1160 2372 qua:
1172 2337 1308 2380 infodies
1325 2333 1735 2380 νιιιιὶεςιξοιξζιεεζμζὶξίιζιεῖίςρ
1747 2330 1831 2380 ἐξ*ξῆ-

253 2383 348 2409 μενος
366 2367 609 2409 πλούσιοςίνιι.
626 2367 740 2402 Sclwliis
759 2375 785 2402 in
801 2367 956 2403 Orationem
973 2373 997 2399 ι)ι

255 2410 295 2429 ηδε
331 2408 388 2429 VI"
416 2410 452 2429 Πο
471 2409 594 2429 [Aman-In
611 2409 730 2429 “rit-ani:
758 2409 789 2429 ΙῩ
824 2409 933 2429 nia/nun
949 2409 981 2429 (In

1053 2367 1152 2403 uicani,
1166 2377 1190 2398 el
1203 2370 1320 2398 Comici:
1342 2370 1374 2397 Β.
1393 2369 1518 2403 Virginis,
1533 2368 1671 2395 chlmrite
1700 2373 1725 2394 et
1745 2367 1832 2393 Simeo-

1050 2408 1147 2429 indnmn
1170 2406 1230 2429 ﬁde.
1243 2405 1277 2429 Χ.
1298 2406 1357 2429 Alio
1367 2405 1480 2429 auodam
1495 2409 1595 2429 vetusto
1607 2403 1722 2429 dialoao.
1742 2401 1782 2428 XI.
1795 2399 1832 2426 Li-

253 2405 305 2436 nis.
331 2405 400 2436 VIII.
413 2410 452 2436 De
468 2405 594 2437 Labienlo
611 2409 658 2437 Ori
676 2411 741 2438 enin.
758 2409 803 2436 IX.
821 2409 933 2443 Dialogo
949 2409 981 2435 de
1000 2408 1147 2434 orthodoxa
1169 2406 1230 2440 ﬁde.
1243 2405 1277 2433 Χ.
1297 2405 1480 2445 Alio-quodam
1495 2409 1595 2444 vetusto
1607 2405 1722 2443 dialogo.
1742 2405 1782 2428 Μ.
1795 2405 1832 2426 Lt-

252 2445 558 2507 ZZIl‘iztgeulzeresibus.
576 2444 630 2474 XII.
650 2419 687 2473 [ξε
703 2446 890 2480 singularitate
904 2444 1079 2476 clericorum,
1093 2441 1162 2470 XIII.
1181 2442 1219 2468 De
1236 2441 1394 2474 astrolabto,
1411 2444 1436 2467 et
1452 2439 1495 2475 ,De
1507 2439 1654 2471 breviarto,
1675 2444 1699 2465 et
1723 2443 1832 2465 sermone

271 2488 285 2508 θ
300 2485 441 2508 ratechut.

253 2605 278 2634 I.
298 2605 552 2634 Demonstravimus
577 2605 639 2632 libri
662 2604 775 2632 secundi
801 2609 899 2638 quarto
917 2602 1006 2638 capite
1022 2603 1045 2633 D
1059 2601 1170 2629 incertis
1185 2605 1210 2628 et
1227 2599 1326 2633 ignotis
1349 2597 1506 2626 auctoribus
1526 2597 1655 2632 profectae
1677 2592 1831 2623 lucubratio-

219 2661 346 2690 magnum
369 2653 514 2688 aliquando
540 2653 567 2680 in
589 2651 710 2679 Ecclesia
739 2650 1003 2685 etiillustre/tuisse
1056 2655 1107 2676 nes
1139 2646 1284 2677 nonnullze,
1316 2645 1355 2673 sic
1386 2652 1514 2680 tanquam
1541 2643 1685 2691 projertitii
1713 2643 1829 2691 infantes.

221 2687 346 2733 Origenis
365 2687 480 2732 nomen;
504 2706 590 2733 eoque
611 2699 694 2726 etiam
726 2705 760 2725 ex
784 2695 1001 2724 adversariorum
1056 2693 1160 2721 ciarum
1186 2692 1312 2726 Origenis
1350 2699 1447 2719 nomen
1471 2690 1522 2717 sibi
1544 2690 1660 2717 libenter
1684 2687 1828 2735 asciveriiit.

219 2743 436 2770 contentionibus
451 2749 479 2770 et
496 2742 637 2774 conviciis,
651 2741 723 2777 quod
746 2741 801 2768 fere
817 2741 884 2768 alias
904 2747 1001 2767 usuvc-
1058 2745 1253 2772 nonnunquam
1270 2737 1353 2764 etiam
1379 2735 1506 2771 operibus
1526 2735 1582 2762 suis
1607 2737 1755 2760 metuentes
1772 2738 1830 2777 scn-

221 2788 281 2815 nire
291 2787 371 2819 solet.
386 2788 517 2816 illustrius
529 2776 858 2822 evasisse.rtlinc,l’actum
871 2789 912 2814 est
926 2790 956 2813 ut
969 2785 1003 2813 ab
1058 2789 1154 2820 ptores
1174 2781 1292 2816 subdoli,
1308 2781 1468 2810 ementitum
1490 2779 1564 2808 hunc
1578 2783 1753 2815 pratexentes
1771 2776 1828 2803 titu-

259 2863 281 2880 "
297 2863 307 2891 l
322 2863 417 2898 Com,
436 2864 464 2892 ‘2.
502 2864 616 2900 “Apoc.
635 2872 683 2897 xu,
697 2863 722 2891 3.
