1908 3071
58 151 125 180 1275

620 145 907 178 ORIGENIANORUM
927 145 1108 174 APPENDIX.

1615 146 1685 174 ηπ

56 210 121 242 lum,
142 210 294 237 Adamantii
319 210 418 237 famam
441 210 523 237 veluti
549 210 620 237 furto
644 209 846 242 subripuerint;
863 209 886 238 Α
904 207 1000 234 beatus
1014 205 1158 233 duodecim
1172 205 1268 234 diebus
1283 212 1365 240 supra
1387 209 1472 233 testas
1491 205 1622 240 pollineas
1637 214 1685 232 ex-

57 257 212 291 bibliopolaa
233 257 314 284 etiam
341 258 476 284 mercibus
492 257 548 284 suis
561 256 730 283 venditat-dis
741 259 846 290 empto-

58 309 115 328 rem
132 302 264 334 hiantem,
288 301 379 328 fucata
402 301 452 328 hac
471 301 650 336 inscriptione
674 300 842 327 iuduxeriut.

58 346 112 373 Has
127 347 237 381 quidem
258 346 293 374 ob
319 354 415 374 causas
439 346 585 381 aliquando
606 345 754 380 contigisse
771 351 843 377 reor,

56 396 86 417 ut
114 391 144 417 in
171 390 296 426 Origenis
321 391 450 418 familiam
474 391 557 426 spurii
583 389 743 417 transierint
766 388 844 422 libri;

56 440 86 463 at
111 436 282 472 frequentius
300 437 382 465 etiam
409 437 479 464 idem
502 436 627 464 evenisse
655 440 721 470 puto
745 434 786 461 vel
811 441 844 461 et

57 482 234 510 librariorum
259 483 414 515 oscitantia,
429 483 536 510 nomina
551 481 704 508 nominibus
720 488 845 508 commu-

57 528 194 560 tantium;
210 529 252 556 vel
271 536 304 556 ex
326 529 484 556 criticorum
513 528 636 557 audacia.
661 527 768 560 quidvis
792 526 844 553 sibi

56 574 142 603 licere
158 575 185 602 in
200 575 300 603 litteris
315 575 478 610 putantittm.
497 573 554 602 lluc
568 574 682 601 accessit
694 573 766 608 quod
785 572 846 607 plu-

56 621 143 648 rimas
177 619 305 657 Origenis
334 621 499 656 scriptiones
527 620 648 647 studiose
675 618 846 645 abolentibus

56 667 145 701 ipsius
163 667 330 694 adversariis
355 672 382 694 ct
405 665 610 698 defensoribus;
633 665 676 692 ltis
691 664 800 700 quidem
818 667 847 690 nt

55 715 118 748 ejus
133 721 251 747 errores,
267 714 321 741 illis
346 719 376 741 ut
392 713 520 748 praeclara
538 711 596 746 ejus
611 718 693 746 opera
716 710 847 738 invidiose

55 760 196 793 celarent;
212 760 311 788 multas
330 759 390 787 vice
405 767 485 787 versa
513 758 715 786 lucubrationes
739 757 846 790 utrique

57 807 170 843 paribus
184 808 217 834 de
231 807 322 834 causis
342 806 443 833 nomini
471 805 554 840 ipsius
580 804 768 832 subdiderunt.
791 803 845 830 Nos

55 860 123 880 vero
136 857 278 888 postquam
293 851 521 886 Origenianorum
548 851 711 884 scriptm'um
731 857 845 876 examen

59 899 144 926 semel
166 899 345 933 suscepimus.
361 898 393 924 ad
413 902 534 925 nostram
560 897 698 932 pertinere
718 895 845 922 duximus

56 953 162 978 curam,
178 952 242 972 suos
257 945 280 972 ei
297 944 366 972 fetus
380 944 512 979 legitimos
529 943 681 975 restituere,
694 942 766 977 quod
779 941 845 968 hac-

61 996 141 1018 tenus
171 990 506 1024 fecimus;_snpposititios
531 996 597 1017 vero
619 997 652 1016 ex
665 988 724 1024 cjus
746 988 845 1016 familia

56 1044 214 1072 segregare,
228 1036 300 1072 quod
312 1035 466 1070 Appendice
483 1036 532 1063 ista
554 1036 650 1062 facturi
669 1042 773 1062 sttmus.

93 1083 126 1109 ll.
149 1081 177 1108 ln
204 1081 300 1108 Latina
333 1080 460 1115 Origenis
486 1081 605 1108 editione
632 1080 730 1113 duplex
760 1087 846 1115 genus

56 1128 324 1156 Commentariorum
343 1128 370 1153 in
399 1128 494 1153 librum
518 1125 570 1153 Job
596 1127 739 1161 reperitur.
768 1125 846 1152 Prius

58 1175 85 1203 in
110 1180 166 1202 tres
192 1175 339 1202 discretum
362 1177 402 1200 est
423 1173 517 1204 libros,
540 1177 567 1200 et
596 1173 649 1199 duo
673 1173 762 1207 priora
785 1171 846 1199 Ιοὺί

57 1221 147 1256 capita
179 1229 240 1248 cum
265 1220 338 1248 tertii
367 1219 491 1253 portione
516 1219 714 1254 complectitur,
739 1219 773 1245 ab
806 1219 847 1245 itt-

56 1271 134 1295 certu
150 1267 299 1301 interprete
314 1265 464 1293 Latinitate
478 1264 612 1292 redditum
628 1273 635 1292 :
649 1265 783 1300 posterius
805 1269 846 1291 to-

59 1318 118 1340 tum
144 1312 318 1347 persequitur
329 1311 388 1339 Jobi
404 1311 513 1344 librum,
528 1315 555 1338 et
567 1311 692 1338 brevibus
708 1318 846 1338 commen-

59 1358 165 1386 tariolis
186 1359 302 1393 (scholia
325 1366 408 1394 prope
425 1359 540 1394 dixeris)
557 1358 680 1392 exponit,
694 1361 721 1384 et
735 1356 845 1384 Joachi-

59 1414 135 1433 tnum
177 1405 334 1432 Periouium
367 1406 547 1440 interpretem
583 1404 675 1431 habet.
718 1402 845 1438 Spurium

58 1458 205 1487 utrumque
228 1460 308 1487 opus,
329 1457 356 1479 et
375 1451 574 1480 emendicatum
599 1450 724 1485 Origenis
750 1457 845 1477 nomen

59 1498 128 1525 falso
149 1497 267 1532 jactans.
290 1497 393 1524 Prioris
407 1502 483 1524 certe
499 1496 584 1532 stylus
605 1494 763 1530 Origeniani
787 1494 846 1522 dis-

59 1544 157 1572 similis
178 1549 238 1577 est;
264 1545 360 1572 crebi-r
379 1544 478 1578 quippe
495 1544 563 1570 artis
587 1542 712 1570 oratoria:
735 1541 843 1575 figuris;

60 1589 158 1624 quales
171 1591 197 1616 in
214 1589 295 1616 tomis
311 1571 398 1616 nullas
418 1571 536 1615 admittit
552 1587 694 1623 Origenes,
709 1594 763 1614 non
779 1586 846 1613 nml-
860 1571 881 1600 θ

59 1641 101 1662 tas
129 1636 156 1661 in
177 1634 305 1662 homiliis.
328 1635 465 1668 Discrepat
481 1641 588 1668 quoque
608 1633 769 1661 sententiis:
785 1640 846 1659 nam

60 1681 110 1708 lib.
121 1688 139 1707 ll
155 1680 294 1707 Christum
310 1679 349 1706 ait
363 1679 526 1714 praedicasse
539 1679 624 1705 trilms
639 1678 718 1705 annis
730 1681 758 1704 et
769 1677 848 1704 dimi-

59 1725 122 1757 dio;
150 1731 211 1750 cum
238 1723 367 1758 Origenes
392 1724 439 1750 lib.
468 1731 494 1750 tv
513 1723 582 1756 Περὶ
603 1721 713 1757 ἀρχῶν,
743 1729 803 1756 cap.
820 1722 847 1754 Ι.

59 1775 136 1794 num.
153 1766 181 1800 5,
201 1771 227 1795 et
243 1767 335 1795 homil.
355 1767 399 1800 52,
420 1767 447 1793 in
460 1766 539 1799 Lua,
557 1774 629 1794 anno
645 1767 774 1794 duntaxat
794 1774 848 1794 uno

59 1820 122 1839 cutn
136 1812 240 1846 aliquot
265 1813 404 1840 mensibus
420 1812 445 1839 id
461 1812 582 1839 muneris
594 1811 731 1839 Christum
747 1811 848 1839 abiisse

61 1859 146 1885 dicat.
162 1858 225 1885 Post
238 1859 345 1886 Arianie
371 1859 507 1886 Increseos
524 1862 646 1885 exortum
662 1857 806 1892 prodiisse,
822 1863 849 1884 ct

61 1904 96 1932 ab
107 1904 210 1932 Ariano
234 1905 342 1938 quidem
367 1903 451 1931 fuisse
477 1904 606 1937 scriptum
624 1903 767 1930 manifeste
791 1903 849 1931 lucc

61 1950 192 1977 evincunt
200 1949 223 1964 “
238 1957 245 1976 :
260 1958 269 1976 ι
284 1948 346 1975 'l‘ria
368 1956 469 1975 cornua
489 1948 552 1974 fecit
578 1946 702 1974 diabolus
715 1946 742 1974 itt
755 1951 847 1982 typum

61 2000 144 2030 atque
174 1996 286 2030 figuram
320 1995 461 2030 trionynta:
489 1994 561 2021 illius
594 1998 689 2024 sectae,
716 1993 850 2028 triumque

63 2041 176 2068 deorum
199 2039 321 2072 haeresis,
349 2047 410 2074 qua:
434 2039 591 2067 universum
606 2039 699 2066 orbem
728 2043 807 2066 terra:
823 2040 848 2065 iu

62 2087 173 2114 modum
202 2086 374 2114 tenebrarum
403 2086 527 2120 replevit,
544 2093 604 2120 qua:
630 2085 749 2118 Patrem,
764 2090 792 2112 et
806 2084 849 2112 Fi-

62 2133 141 2163 lium,
159 2137 187 2158 et
200 2132 330 2166 Spiritum
346 2136 471 2158 sanctum
487 2131 633 2165 aliquando
651 2135 780 2165 tauquam
796 2135 850 2158 tres

61 2179 139 2211 colit,
160 2185 355 2213 nonnunquam
383 2184 466 2204 unum
493 2177 599 2209 adorat,
623 2177 849 2211 quemadmodum

899 259 1004 287 tensus,
1022 254 1101 282 tertia
1113 253 1218 281 decima
1237 253 1281 281 die
1296 257 1338 280 est
1354 257 1570 284 consummatus.
1587 252 1686 286 aliique

896 300 1031 328 innumeri
1060 300 1148 328 sancti
1180 305 1314 336 martyres
1343 300 1440 327 eodem
1467 299 1546 327 modo
1571 304 1684 327 mortem

898 352 1071 374 transeuntes
1089 347 1266 374 consummati
1288 351 1360 374 sunt.
1375 356 1384 372 ι
1409 347 1446 374 Ex
1475 346 1573 381 quibus
1596 347 1686 382 conje-

896 399 970 421 ctura
986 395 1069 421 ducor
1084 394 1116 420 ad
1133 394 1322 428 suspicandum
1333 394 1422 428 operis
1441 394 1524 427 hujus
1543 398 1684 421 auctorem

896 446 929 466 ex
948 446 982 466 eo
995 447 1055 466 csse
1068 447 1166 474 genere
1181 439 1356 470 Arianorum.
1375 439 1421 474 qui
1437 438 1548 466 Luciani
1563 439 1685 474 discipu—

896 483 936 510 los
949 491 1009 511 sese
1017 484 1221 518 proﬁtebantur,
1233 490 1258 511 et
1268 484 1427 512 anianistaa
1440 485 1491 512 dici
1501 485 1637 512 amabant.
1648 485 1685 512 De

896 529 938 556 his
947 530 982 556 ita
995 529 1158 564 Epiphanius
1167 530 1232 557 liter.
1244 537 1334 563 uxvt,
1343 538 1401 565 cap.
1411 531 1442 558 3:
1452 531 1482 558 Οἱ
1492 531 1540 566 μὲν
1547 531 1601 566 γὰρ
1611 531 1686 558 ἄλλοι

895 575 949 602 τῶν
967 575 1113 612 Ἀρειανῶν
1126 576 1180 602 τῶν
1192 577 1246 603 ἀπὸ
1256 577 1408 604 Λουκιανοῦ
1418 585 1460 609 τε,
1476 578 1523 604 και
1532 577 1685 613 Ὡριγένους

896 621 1030 649 λαϐόντων
1047 622 1096 657 τὴν
1111 622 1258 658 πρόφασιν,
1276 623 1419 657 γεγονότες
1434 622 1686 659 ἆμαἊστερίῳτινὶ

897 667 951 694 ἀπὸ
967 668 1103 702 σοφιστῶν
1119 669 1187 700 ὄντι,
1202 669 1347 696 ἐκπεσόντι
1364 678 1394 696 τε
1416 670 1446 696 ὲν
1469 668 1508 705 τῷ
1522 669 1634 705 διωγμῷ
1646 669 1685 705 τῷ

896 713 942 740 ἐπὶ
957 713 1130 750 Μαξιμιανοῦ
1151 715 1288 749 γεγονότι.
1320 724 1329 740 ι
1343 715 1394 742 Alii
1411 715 1483 742 enim
1507 723 1541 742 ex
1565 715 1685 746 Arionis,

897 760 930 787 Is
945 760 991 794 qui
1012 769 1026 787 a
1046 761 1164 788 Luciano
1178 766 1205 788 ct
1219 761 1335 796 Origene
1349 762 1597 789 doctrinam‘suam
1609 769 1686 789 acce-

897 810 1004 840 perant,
1023 806 1158 840 conjuncti
1182 808 1288 834 Asterio
1313 807 1418 834 cuidam
1438 808 1470 834 de
1487 816 1568 843 grege
1590 808 1685 842 sophi-

903 854 1018 882 starum,
1036 851 1080 885 qui
1095 851 1122 878 in
1139 851 1324 885 persecutione
1344 851 1499 878 Maximiani
1512 860 1527 878 a
1545 851 1596 879 tlde
1609 852 1685 879 defe-

898 900 982 923 cerat.
996 905 1006 921 ι
1023 895 1194 931 Quapropter
1208 897 1312 929 Ariani,
1329 897 1424 924 deimle
1440 896 1602 924 aniauistaz
1618 905 1686 924 nuu-

896 941 987 975 cupati
1010 946 1083 973 sunt,
1102 945 1131 968 ut
1153 946 1266 976 apparet
1291 950 1324 969 ex
1356 941 1439 969 Mario
1456 942 1595 970 Victorino
1612 942 1684 971 lib.t

896 987 1021 1013 aduentu
1034 987 1161 1014 Arianos.
1176 987 1226 1020 Qui
1244 993 1333 1014 autetn
1346 987 1499 1015 Coluthiani
1512 988 1681 1023 appellaban-

899 1037 953 1063 tur,
970 1040 1022 1059 tton
1040 1040 1054 1058 a
1072 1031 1192 1059 Luciano
1212 1032 1257 1060 illo
1281 1038 1425 1060 traxerunt
1449 1041 1556 1067 nomen,
1581 1039 1610 1061 ut
1624 1034 1685 1068 opi-

902 1078 959 1104 nati
974 1081 1035 1104 sunt
1049 1077 1171 1112 quidam,
1187 1077 1234 1105 sed
1257 1085 1271 1104 a
1292 1077 1408 1106 Colutho
1429 1079 1607 1106 haeresiarcha
1627 1079 1684 1106 Arii

896 1122 982 1154 socio,
993 1121 1069 1155 cujus
1091 1122 1400 1158 meminitlEpiphanius
1419 1124 1484 1151 hair.
1497 1131 1571 1156 uix,
1583 1131 1644 1157 cap.
1657 1123 1684 1150 2.

899 1169 1107 1203 Distinguautur
1127 1176 1210 1204 porro
1228 1169 1255 1197 hi
1269 1169 1433 1197 Lucianistze
1458 1170 1491 1197 ab
1512 1170 1572 1198 aliis
1592 1169 1687 1197 Lucia—

898 1215 988 1248 nistis,
1005 1215 1116 1242 Luciani
1144 1215 1284 1250 cujusdam
1301 1215 1463 1250 antiquioris
1494 1221 1521 1243 et
1542 1215 1686 1244 Marcionis

898 1260 1037 1296 discipulis
1053 1280 1062 1292 ,
1077 1260 1152 1294 cujus
1173 1260 1299 1288 haeresim
1315 1261 1483 1296 Epiphanius
1505 1262 1684 1296 persequitur.

898 1305 1064 1341 Scriptorem
1093 1307 1172 1333 trium
1200 1305 1331 1333 librorum
1367 1307 1395 1332 in
1424 1305 1533 1337 lobum,
1556 1305 1684 1333 Latinum

896 1351 1034 1378 aistimat
1044 1351 1183 1383 Erasmus,
1198 1358 1315 1386 eumque
1326 1358 1388 1379 esse
1401 1351 1579 1379 Maximinum
1594 1351 1686 1379 hario-

897 1397 977 1429 latur,
998 1397 1075 1431 cujus
1096 1402 1205 1424 exstant
1219 1397 1416 1432 disputationes
1444 1405 1505 1424 cutn
1520 1397 1685 1432 Augustino:

899 1452 908 1468 ι
919 1442 1013 1470 Fuisse
1030 1441 1168 1475 Latinum,
1188 1442 1287 1477 inquit,
1311 1443 1442 1477 inprimis
1460 1443 1517 1478 ipse
1529 1443 1622 1478 operis
1635 1451 1682 1479 gu‘

896 1494 955 1516 stus
973 1489 1146 1516 indicat:vix
1161 1489 1234 1516 enim
1250 1489 1395 1524 quisquam
1415 1489 1451 1516 ita
1464 1489 1609 1516 commode
1626 1496 1686 1516 Ver-

897 1536 928 1563 tit
940 1535 1045 1568 Grteca,
1061 1539 1089 1562 ut
1105 1535 1192 1562 oratio
1206 1534 1299 1562 Latina
1315 1543 1367 1562 non
1401 1535 1487 1570 sapiat
1501 1535 1598 1562 alicubi
1611 1542 1686 1562 suam

897 1583 1041 1617 originem.
1066 1581 1264 1616 Interpretatur
1290 1582 1424 1608 interdum
1451 1580 1561 1608 Graecas
1593 1587 1685 1613 voces,

898 1629 944 1656 sed
959 1628 995 1655 ita
1014 1631 1043 1655 ut
1059 1627 1186 1655 Latinunt
1201 1634 1334 1662 agnoscas
1347 1635 1355 1654 :
1370 1626 1451 1653 veluti
1467 1634 1528 1653 cum
1543 1625 1623 1652 docet
1637 1632 1687 1652 uos

898 1673 965 1708 quid
981 1677 1009 1699 et
1024 1672 1112 1707 qualis
1123 1672 1159 1699 sit
1170 1672 1339 1699 adamantus.
1357 1680 1366 1696 ι
1382 1670 1427 1698 Sic
1438 1678 1468 1697 se
1488 1671 1569 1697 habet
1585 1670 1630 1698 ille
1645 1670 1686 1697 lo-

897 1726 946 1746 cus
955 1718 997 1745 “:
1019 1727 1028 1744 ι
1042 1718 1162 1745 Adamas
1178 1725 1243 1745 vero
1260 1717 1450 1752 interpretatur
1469 1724 1502 1743 ex
1523 1715 1616 1743 Graeca
1632 1716 1686 1743 lin-

897 1772 959 1801 gua,
978 1764 1158 1796 indomabilis,
1176 1762 1336 1795 inﬂexibilis,
1366 1762 1585 1793 incommiuntus,
1601 1770 1611 1787 ι
1626 1765 1680 1788 etc.

898 1811 1004 1838 Addere
1025 1814 1131 1845 poterat
1149 1813 1176 1837 et
1198 1809 1311 1836 alterum
1331 1816 1410 1843 supra
1433 1815 1448 1835 a
1469 1807 1547 1834 nobis
1561 1807 1686 1842 deprom-

901 1861 987 1891 ptum,
1003 1864 1057 1891 quo
1080 1855 1148 1883 ludit
1164 1855 1191 1883 in
1213 1861 1281 1883 voce
1298 1853 1443 1886 Lucianus,
1460 1860 1576 1887 eumque
1592 1861 1607 1880 a
1622 1853 1680 1881 lace

899 1903 1000 1930 dictum
1013 1903 1117 1931 scribit.
1132 1903 1244 1930 Erasmo
1260 1902 1363 1930 assensi
1376 1906 1439 1928 sunt
1454 1900 1588 1927 Robertus
1599 1900 1686 1928 Cocus

901 1949 927 1976 in
944 1949 1074 1981 Censura,
1093 1954 1121 1976 et
1134 1949 1290 1976 Edmuudns
1311 1948 1468 1975 Albertinus
1494 1947 1520 1973 in
1545 1953 1626 1981 opere
1646 1946 1686 1973 De

899 2000 1063 2023 sacramento
1091 1995 1268 2022 Euchariuiw
1280 1994 1312 2021 ".
1332 1994 1385 2021 Sed
1407 1993 1470 2027 quis
1498 1992 1585 2019 nescit
1603 1992 1687 2019 inter-

901 2047 1006 2076 pretum
1026 2041 1180 2072 audaciam,
1197 2045 1339 2067 auctormn
1356 2037 1529 2066 sermonibus
1551 2045 1598 2064 sua
1611 2045 1687 2064 com-

901 2092 993 2114 menta
1011 2087 1183 2121 interponere
1202 2085 1371 2114 amantium?
1396 2084 1519 2112 Graecum
1534 2091 1595 2112 esse
1619 2084 1687 2111 scri-

901 2139 1009 2169 ptorem
1035 2134 1132 2168 probat
1162 2133 1320 2167 interpretis
1349 2131 1490 2166 Prologus,
1507 2138 1561 2165 quo
1588 2129 1685 2157 librmn

903 2181 976 2208 hunc
991 2180 1098 2215 aliquos
1117 2185 1180 2208 ante
1196 2187 1225 2207 se
1241 2179 1338 2207 Latine
1355 2178 1469 2205 vertisse
1492 2177 1583 2204 tradit.
1597 2176 1687 2204 Prolo-

61 2225 220 2270 Grmcornm
243 2224 332 2259 lingua
356 2228 532 2270 memoratur,
554 2222 662 2256 Triada,
683 2222 724 2270 vel
752 2221 850 2270 Ηοιξιυ-
865 2241 889 2270 ι)
902 2235 964 2263 gum
977 2235 992 2254 a
1007 2227 1125 2254 librariis
1145 2226 1310 2261 suppositum
1340 2224 1443 2251 divinat
1472 2223 1609 2255 Erasmus,
1626 2222 1687 2248 nul-

61 2271 136 2299 sion.
166 2269 247 2297 Istat“
277 2277 342 2303 ergo
365 2269 508 2296 Trinitatis
533 2272 687 2299 sectam,et
713 2267 850 2300 haeresim,

62 2321 146 2351 atque
173 2315 357 2343 inﬁdelitatem
379 2313 436 2348 jam
461 2314 527 2341 olim
552 2315 586 2340 de
602 2314 682 2347 longe
704 2313 851 2348 designans

61 2361 269 2389 VCI‘SIIllSslIIIUS
282 2361 326 2388 ille
341 2360 466 2388 diabolus
481 2359 531 2386 tria
549 2367 649 2387 cornua
668 2359 741 2386 misit
755 2359 787 2385 ad
800 2358 851 2386 Job

60 2408 282 2443 deprmdatulutn.
303 2407 349 2435 Sic
372 2414 488 2441 namque
508 2406 590 2433 etiam
616 2413 687 2433 nunc
699 2411 850 2433 memorata

61 2455 199 2490 triouytna
216 2454 328 2481 haeresis
351 2452 502 2488 praesertim
518 2452 655 2487 pnedatur
667 2457 748 2487 atque
764 2459 849 2486 expu-

61 2505 128 2536 gnat
143 2499 306 2528 Ecclesiam.
322 2510 331 2526 ι
350 2499 462 2527 Luciani
481 2498 609 2534 martyris
618 2506 678 2525 cum
697 2498 776 2526 laude
793 2506 851 2525 mc-

61 2546 152 2579 minit,
170 2545 296 2581 Origeuis
312 2545 479 2580 temporibus
491 2545 576 2572 multo
592 2544 770 2572 recentioris:
788 2555 797 2570 ι
813 2545 852 2572 lla

60 2596 268 2619 consummatus
287 2596 340 2623 est,
357 2590 485 2625 inquit",
501 2591 596 2618 beatus
620 2595 702 2624 atque
719 2591 853 2624 gloriosus

60 2637 212 2669 Lucianus,
222 2637 327 2664 lucidus
345 2637 411 2669 vita,
425 2636 529 2664 lucidus
540 2641 568 2664 et
578 2636 642 2669 ﬁde,
653 2636 759 2664 lucidus
769 2636 851 2664 etiam

63 2685 216 2713 tolerantiae
231 2685 476 2712 consummatione.
495 2685 535 2712 0b
553 2685 603 2712 hoc
624 2685 697 2712 enim
718 2684 854 2713 anianus

60 2731 272 2766 cognominatus
298 2734 350 2764 est,
374 2735 503 2765 tattqnam
532 2731 649 2764 lucidus,
670 2736 716 2757 aut
745 2731 854 2765 proprio

61 2777 167 2806 lumine
189 2777 240 2805 sibi
264 2777 385 2812 fulgens,
403 2781 450 2811 aut
468 2776 528 2804 aliis
547 2777 650 2804 lucens.
668 2775 718 2804 llic
739 2784 855 2812 namque

99 2861 124 2877 "
137 2859 198 2887 Lib.
215 2869 234 2892 l,
256 2868 282 2894 ρ.
296 2860 358 2889 870.
377 2860 428 2888 col.
443 2860 471 2887 2.

61 2898 113 2926 tin.
129 2895 158 2924 in
173 2895 439 2924 Ezuminemtimun.
457 2895 531 2932 Orig.
545 2903 603 2931 cap.
622 2896 647 2924 1.

525 2859 547 2876 ³⁵
562 2859 666 2897 Lilia",
695 2869 721 2897 p.
738 2861 802 2895 885,
826 2861 876 2889 col.
895 2861 922 2892 '2,

904 2274 937 2301 lis
959 2273 1000 2300 vel
1023 2272 1124 2300 levibus
1140 2271 1322 2307 argumentis;
1339 2275 1507 2305 repugnante
1520 2269 1602 2296 etiam
1626 2268 1686 2304 styli

904 2320 1045 2354 utriusque
1070 2318 1255 2354 congruentia.
1285 2316 1400 2344 Effrenis
1429 2316 1560 2351 profecto,
1585 2316 1684 2342 iterum

904 2365 975 2396 dico,
994 2368 1022 2391 et
1042 2363 1161 2398 proiecta
1181 2362 1286 2390 Erasini
1314 2362 1463 2393 temeritas,
1487 2366 1608 2388 veterum
1631 2360 1685 2387 Pa-

904 2416 975 2438 trum
994 2409 1094 2444 scripta
1115 2408 1242 2436 inanibus
1270 2408 1326 2434 suis
1343 2408 1506 2442 conjecturis
1532 2407 1568 2434 ita
1589 2406 1689 2441 permi-

911 2457 1028 2488 sceutis,
1047 2461 1078 2482 ut
1094 2454 1144 2482 nisi
1161 2454 1370 2481 contraivissent
1391 2453 1569 2487 posteriorum
1586 2452 1688 2480 theolo-

903 2510 998 2537 gorum
1022 2501 1120 2533 studia,
1137 2501 1181 2527 vix
1201 2505 1304 2527 certum
1333 2499 1434 2533 aliquid
1458 2500 1490 2526 de
1513 2499 1689 2526 adolescentis

910 2547 1039 2576 Ecclesiae
1063 2547 1186 2574 doctrina
1202 2550 1323 2573 statuere
1346 2551 1494 2580 possemus.
1510 2545 1610 2572 Scribit
1625 2544 1690 2572 Pos-

909 2594 1021 2622 sevinus
1049 2593 1076 2620 in
1098 2593 1198 2627 Appar.
1220 2599 1332 2618 sacrant.
1362 2591 1388 2617 in
1415 2591 1529 2622 Hilario,
1552 2591 1692 2618 dubitasse

906 2639 1059 2670 nonnttllos,
1077 2637 1285 2667 annonllilario
1313 2637 1446 2664 tribuendi
1461 2641 1553 2663 essent
1567 2637 1594 2664 bi
1611 2637 1692 2663 Cotu-

907 2685 1044 2713 mentarii.
1062 2685 1090 2712 ld
1113 2684 1137 2712 si
1160 2684 1220 2720 quis
1237 2684 1339 2715 credet,
1361 2682 1489 2709 Hilariani
1517 2690 1579 2709 cum
1595 2683 1693 2710 chara-

908 2730 991 2758 cteris
1010 2731 1118 2765 penitus
1131 2730 1254 2766 ignarum
1280 2735 1340 2755 esse
1357 2734 1468 2755 necesse
1488 2731 1539 2754 est.
1554 2727 1692 2755 Adversus

907 2777 1023 2806 Ariauos
1039 2784 1145 2805 summa
1168 2783 1230 2804 cum
1248 2775 1328 2803 laude
1348 2774 1456 2810 scripsit
1477 2772 1606 2807 Hilarius,
1625 2781 1692 2809 quo-

975 2861 1000 2878 “
1014 2860 1072 2890 Lib.
1092 2869 1122 2895 tt,
1147 2868 1174 2896 p.
1198 2859 1260 2894 εδι,
1278 2859 1329 2888 col.
1343 2859 1368 2886 l.
1407 2858 1428 2874 ³⁷
1445 2855 1577 2886 Edmund.
1593 2854 1690 2883 Alber-
