1908 3071
232 118 300 146 1275

870 118 899 145 P.
922 118 1079 145 DANIELIS
1100 118 1217 146 illlETli

1790 122 1852 148 12W

233 188 291 207 rntn
318 181 368 207 iste
388 180 545 214 partiarium
571 187 600 207 se
623 181 724 215 prodit.
751 181 791 207 Ad
812 181 869 208 haec
898 181 965 208 nihil
990 182 1015 207 in
1031 182 1055 211 Α
1072 181 1169 215 Rojicit
1184 189 1229 208 eos
1247 182 1364 215 scriptor
1378 182 1478 216 operis,
1495 182 1539 216 qui
1556 181 1610 209 Dt-o
1627 182 1775 209 humanam
1792 184 1852 216 lign-

232 225 360 252 Genesim
377 226 519 260 scripsisse
539 226 624 253 fertur
649 226 779 259 Hilarius,
795 227 820 253 in
837 235 915 260 quatit
932 235 961 254 se
977 227 1017 253 lu-

232 273 361 299 cnbrasse
378 272 468 306 aliqua
482 277 598 299 testatur
614 273 665 300 iste
674 278 779 300 auctor.
797 273 926 300 Eamdcm
941 280 1016 305 vero,

231 323 261 345 ιιι
283 323 310 345 et
334 318 433 345 librutn
459 317 531 350 Jobi,
553 319 644 345 multis
670 323 833 353 exposuerat
866 319 1015 353 Origenes;

232 365 303 392 unde
323 365 385 392 data
405 364 520 392 fortasse
535 365 642 393 occasio
658 366 729 392 ,libri
749 366 827 393 istius
848 367 909 392 huic
929 366 1016 393 ascri-

232 411 328 444 bendi;
350 419 411 439 cum
433 413 584 446 praesertim
613 412 640 438 in
660 412 803 446 allegorias
825 419 1016 447 nonnunquam

232 463 369 485 excurrat.
384 459 480 493 Arguit
491 459 618 486 Erasmus
633 466 666 486 ex
684 459 779 486 bormn
795 458 924 485 librorum
938 458 1015 485 clau-

232 504 292 531 sula
316 512 368 531 non
399 504 511 531 ulterius
532 512 702 540 progressum
731 505 815 532 fuisse
843 506 1015 539 scriptorem,

238 549 302 577 licet
321 550 363 577 vix
378 555 457 585 caput
479 550 537 578 Jobi
561 551 668 578 tertiutn
690 552 831 586 attigerit:
845 560 859 578 a
875 559 926 587 qua
941 553 1019 586 equi-

232 596 291 623 dem
308 597 442 624 sententia
461 605 513 624 non
531 599 637 625 recedo.

267 642 310 671 Ill.
331 642 510 672 Posteriorem
525 644 756 672 Commentariun:
774 647 800 672 in
813 645 864 673 Job
890 653 905 673 e
918 645 1019 673 Biblio-

234 687 318 714 theca:
342 687 432 722 Regia:
456 689 594 717 codicibus
610 690 753 718 Pcrionius
782 691 876 718 Latina
893 692 1018 718 oratione

233 733 352 760 donavit.
370 734 427 761 Alia
444 743 550 769 quoque
571 736 634 763 alibi
658 738 834 772 reperiuntur
847 737 906 772 ejus
925 744 1020 765 exeru-

234 778 328 811 plaria.
357 778 438 806 Multo
464 782 553 807 minus
580 780 706 816 Origenis
741 782 815 809 illum
842 790 902 810 esse
933 783 1017 815 dicas,

233 832 313 859 quam
335 826 440 860 priores
466 827 549 858 libros
573 833 648 856 tres:
665 837 725 856 nam
756 837 843 864 neque
871 834 1018 861 tomorutn,

233 880 320 907 neque
343 873 532 907 homiliarum,
551 882 639 908 neque
664 875 828 902 scholiorum
851 876 950 910 stylnm
970 884 1014 903 sa-

233 920 290 954 pit;
313 927 399 955 neque
414 921 524 948 divertit
546 929 660 956 nsquam
683 922 709 949 in
727 922 881 958 allegorias,
898 928 926 950 et
948 928 1019 950 totus

231 971 273 993 est
294 967 320 993 in
344 968 537 1001 pet-scrutando
552 968 651 995 littera:
667 976 760 1000 sensu,
776 974 803 995 ιιι
821 976 923 996 meram
939 977 1019 1003 para-

233 1013 354 1046 phrasim
380 1020 440 1040 esse
463 1013 548 1041 dicas.
575 1014 676 1041 lilosem
700 1014 760 1042 libri
781 1014 832 1042 Job
859 1016 1019 1050 scriptorem

232 1066 293 1085 esse
322 1059 420 1086 asserit
443 1059 468 1086 in
491 1059 608 1094 Prologo
623 1069 629 1087 :
643 1066 670 1088 at
693 1061 767 1095 prior
794 1061 1018 1089 Commentarios

233 1103 357 1131 eutndent
376 1112 389 1131 a
407 1104 485 1138 Jobo,
503 1106 545 1133 vel
570 1105 629 1133 Jobi
653 1107 748 1134 amicis
770 1107 902 1142 Syrorum
929 1107 1018 1142 lingua

236 1150 380 1184 scriptum,
399 1159 414 1177 a
436 1150 528 1186 Moyse
548 1151 573 1178 in
596 1152 754 1180 Hebraicam
772 1153 892 1188 linguam
909 1161 1021 1180 conver-

235 1203 294 1223 sum
317 1197 407 1224 tradit.
430 1197 504 1225 Unde
528 1197 643 1225 eihcilnr
658 1199 818 1226 alterutrum
840 1201 935 1227 saltent
952 1209 1020 1235 opus

235 1242 360 1277 Origenis
375 1251 427 1270 non
439 1250 507 1271 esse.
525 1243 653 1271 Neutrum
676 1252 739 1272 vero
758 1245 817 1279 ejus
831 1253 890 1272 esse
906 1246 1020 1272 eﬂicitur

232 1296 266 1315 ex
288 1296 320 1316 eo
343 1289 414 1323 quod
437 1288 534 1316 librum
554 1288 613 1316 Jobi
635 1289 726 1324 Moyse
751 1291 934 1324 antiquiorem
959 1299 1019 1318 esse

235 1335 317 1360 t-radit
337 1334 405 1361 libro
426 1342 451 1361 vt
474 1340 566 1361 contra
581 1334 665 1367 (1211.,
679 1344 752 1362 num.
769 1336 814 1368 Μ,
829 1341 857 1363 et
868 1337 939 1371 quod
954 1336 1019 1364 Plii-

233 1378 336 1405 lucalia:
359 1379 446 1413 capite
471 1379 498 1411 5,
512 1379 598 1406 libros
620 1381 750 1407 duntaxat
764 1382 885 1416 quinque
897 1382 1016 1418 Moysetn

235 1424 378 1459 reliQnisse
395 1424 511 1452 afﬁrmat
536 1425 603 1461 (l6).
623 1426 689 1453 Cnm
707 1427 833 1461 Origeuis
857 1429 1018 1456 sententiam

233 1470 267 1497 de
295 1471 429 1497 sideribus
460 1478 540 1505 supra
569 1472 793 1506 exploraremus,
817 1473 1019 1502 observavimus

1074 236 1129 253 ram
1145 227 1275 262 atlingunt
1292 237 1297 255 :
1313 236 1372 254 eam
1391 229 1515 256 haeresim
1535 229 1636 255 acriter
1648 228 1726 255 ultus
1742 233 1783 255 est
1794 228 1850 256 Ori-

1077 281 1169 308 genes.
1185 274 1336 306 Quomodo
1350 274 1459 309 angelos
1479 275 1604 302 custodes
1620 275 1742 302 admittit
1757 279 1851 306 auctor,

1074 320 1191 346 admittit
1212 325 1238 347 et
1258 319 1398 355 Origenes.
1420 321 1558 348 Christum
1572 321 1741 356 patriarchis
1753 325 1780 348 et
1797 328 1853 355 pro-

1072 366 1162 399 phetis
1178 365 1282 393 Veteris
1299 366 1465 394 Testamenti
1477 367 1644 401 apparuisse,
1659 371 1744 401 atque
1755 367 1791 393 ita
1803 375 1851 394 tne-

1068 412 1198 439 diatorem
1217 413 1262 439 Dei
1277 417 1305 439 et
1321 412 1462 439 hominum
1479 413 1530 440 hoc
1551 417 1674 447 tempore
1695 412 1779 440 fuisse
1799 414 1850 448 opi-

1070 463 1149 485 natur
1171 464 1281 491 auctor;
1305 459 1433 494 opinatur
1461 465 1488 486 et
1511 459 1652 494 Origenes.
1686 459 1777 486 Astris
1802 460 1850 486 vim

1069 511 1128 531 esse
1143 506 1324 540 σημαντικήν.
1341 513 1392 533 non
1406 505 1618 540 ἀποτελεστικήν
1633 505 1732 532 deﬁnit
1749 507 1849 536 auctdr;

1070 549 1163 576 deﬁnit
1180 554 1208 576 et
1230 550 1373 584 Origenes.
1400 549 1492 577 Facile
1515 550 1606 584 itaque
1632 556 1784 577 consensus
1812 550 1851 578 ille

1071 597 1159 623 l’ncutn
1178 596 1252 623 fecit.

1105 642 1314 677 Snbjungnntur
1335 643 1361 669 in
1390 642 1493 670 Grtccis
1521 643 1686 677 quibusdam
1713 643 1849 674 codicibus,

1070 697 1096 717 et
1109 691 1135 717 in
1156 690 1243 722 prima
1268 689 1435 717 Genebrardi
1452 690 1569 717 editione
1597 689 1719 716 homilite
1738 693 1849 722 quatuor,

1071 743 1130 769 quae
1147 735 1274 769 quoniam
1287 735 1473 770 Chrysostomi
1501 741 1560 761 esse
1587 734 1766 768 deprehensa:
1787 741 1849 767 sunt,

1071 782 1098 808 in
1118 781 1319 808 recentioribus
1341 781 1504 808 editionibus
1518 781 1627 808 fuerunt
1641 780 1836 815 praetermissa.

1108 828 1209 855 Przeter
1224 829 1360 862 geminum
1378 827 1451 854 illttm
1468 827 1704 854 Commentarium
1724 829 1750 855 in
1764 828 1850 855 librum

1071 875 1143 908 Jobi,
1160 875 1257 902 scribit
1277 875 1440 902 Laurentius
1463 875 1621 902 Httrnfridus
1642 875 1667 901 in
1691 874 1807 908 Epistola
1823 877 1852 901 ad

1072 922 1216 948 Antonium
1239 921 1354 952 Canum,
1371 928 1430 955 quae
1459 921 1624 947 Erasmianae
1650 920 1779 955 Origenis
1803 922 1851 948 edi-

1072 967 1138 994 tioni
1153 967 1263 1001 praeﬁxa
1277 972 1330 999 est,
1346 966 1537 1001 Hieronymum
1553 967 1721 994 Frobenium
1734 972 1761 994 et
1784 966 1852 994 Νῖσο-

1072 1014 1143 1041 lattnt
1156 1014 1340 1049 Episcopinm,
1357 1022 1371 1040 a
1386 1015 1483 1048 quibus
1498 1014 1573 1047 prelo
1587 1013 1737 1040 commissa
1751 1018 1790 1041 est
1803 1014 1852 1041 hac

1074 1062 1168 1093 editio,
1186 1061 1422 1088 adnotatiunculas
1446 1060 1575 1094 quasdam
1591 1060 1618 1086 in
1633 1059 1734 1087 Jobun:
1752 1061 1775 1086 ei
1791 1060 1852 1086 inse-

1073 1116 1131 1136 rere
1145 1108 1274 1137 noluisse.
1290 1107 1361 1140 quod
1383 1106 1530 1140 perbrevcs
1552 1110 1647 1133 essent
1660 1126 1669 1136 .
1692 1110 1720 1132 et
1737 1105 1851 1140 Origenis

1071 1153 1179 1189 genium
1195 1160 1228 1179 ac
1243 1153 1342 1186 stylum
1355 1159 1449 1186 parum
1463 1149 1584 1178 redolere
1599 1151 1690 1179 doctis
1701 1151 1850 1185 quibusdam

1073 1199 1236 1225 viderentur.

1107 1244 1151 1270 ιν.
1181 1244 1210 1270 In
1239 1244 1421 1277 tnanuscripto
1444 1242 1614 1269 Bibliotheca:
1647 1241 1741 1277 Regia:
1772 1242 1851 1268 codice

1073 1298 1171 1318 nomen
1198 1290 1324 1325 Origenis
1352 1289 1461 1323 prchert
1487 1293 1563 1315 vetus
1577 1287 1812 1315 Commentarium
1829 1287 1849 1313 iu

1073 1336 1248 1372 Evangelium
1271 1334 1366 1362 Marci.
1392 1334 1501 1370 Legitur
1532 1342 1640 1368 quoque
1667 1334 1695 1360 in
1727 1333 1850 1360 Possevini

1072 1384 1206 1418 Apparatu
1218 1381 1240 1397 ³⁸
1255 1382 1347 1408 haberi
1369 1381 1394 1407 in
1409 1379 1554 1407 Oxoniensi
1570 1380 1739 1407 Bibliotheca
1758 1380 1851 1414 Corpo-

1073 1431 1110 1456 ris
1124 1429 1239 1460 Christi,
1260 1428 1387 1462 Origcnis
1405 1435 1472 1463 opus
1492 1428 1601 1461 aliquod
1613 1429 1642 1453 in
1661 1427 1793 1454 Marcum.
1805 1427 1850 1454 Ctt-

1068 1475 1186 1509 jnsmodi
1212 1475 1246 1502 sit
1272 1475 1342 1501 istud
1368 1481 1435 1508 opus
1455 1474 1580 1508 equidem
1604 1473 1717 1506 ignoro.
1738 1472 1810 1506 Quod
1823 1472 1850 1498 ad

235 1517 353 1544 animata
371 1525 432 1545 esse
448 1519 534 1553 ipsum
551 1520 709 1547 censuisse:
725 1526 819 1547 contra
839 1521 882 1548 hic
901 1522 1017 1556 scriptor
1031 1530 1053 1560 ρ
1073 1520 1184 1556 Regium
1212 1523 1319 1551 attinet,
1349 1519 1485 1546 nonnulla.-
1504 1519 1530 1546 in
1549 1526 1582 1545 eo
1606 1519 1759 1552 allegorias,
1780 1518 1849 1545 inulta

234 1563 330 1591 stellas
355 1564 446 1591 animo
467 1572 562 1592 carere
589 1565 692 1593 diserte
717 1571 866 1594 asseverat.
896 1567 1019 1595 Meminit

233 1614 362 1643 pra-,terca
390 1609 599 1638 Maniclncorum
630 1617 656 1639 et
676 1612 787 1640 Luciani
810 1614 950 1649 martyris,
973 1615 1018 1649 qui

233 1656 349 1690 Origene
374 1657 486 1684 l'ucrnnt
505 1659 683 1686 recentiores.
705 1659 811 1686 Alicubi
826 1667 890 1687 vero
907 1661 941 1687 ita
965 1662 1020 1688 dis—

234 1704 301 1731 serit
320 1714 327 1731 :
347 1714 355 1729 ι
368 1704 460 1738 Neque
481 1712 546 1739 ergo
562 1705 705 1740 ὁμοούσιον
719 1706 819 1741 aliqttid
845 1707 902 1740 ejus
919 1712 970 1741 est,
995 1709 1020 1735 id

232 1755 285 1782 est,
303 1749 421 1784 ejusdem
432 1751 576 1782 essentne;
593 1758 653 1777 enm
669 1751 741 1778 enim
754 1753 865 1779 interire
879 1761 931 1780 non
943 1761 1021 1787 ponte

233 1796 351 1823 diximus
367 1804 375 1823 :
393 1803 480 1830 neque
505 1795 643 1832 ὁμοὺσιον,
660 1796 684 1823 id
709 1802 760 1828 est.
786 1799 865 1825 unitts
878 1800 1019 1831 essenticc;

233 1842 386 1876 comparari
406 1843 478 1868 enim
503 1850 556 1869 non
578 1847 687 1876 potest;
707 1852 716 1869 ›
731 1848 759 1870 et
781 1843 835 1871 alio
852 1844 931 1871 loco:
947 1854 955 1870 ι
970 1845 1022 1872 Rc-

234 1889 289 1916 cita
315 1890 372 1915 haec
402 1892 428 1915 tu
452 1895 512 1915 cum
538 1889 641 1922 judicio
661 1888 730 1922 apud
757 1889 990 1917 llomoonsiastas.
1009 1901 1018 1917 ι

234 1935 336 1968 Quibus
354 1934 469 1968 aliisque
492 1934 679 1968 cotnpluribus
698 1935 816 1962 Arianus
839 1943 900 1963 esse
923 1937 1022 1964 intelli-

235 1987 307 2016 btur
322 1990 329 2008 :
346 1989 419 2013 nam,
438 1986 466 2007 ut
492 1981 529 2007 ait
542 1981 710 2015 Epiphanius
732 1981 796 2008 liter.
809 1990 883 2014 thx,
899 1990 959 2018 cap.
977 1983 1021 2016 70,

236 2034 288 2054 tton
308 2032 362 2052 tam
379 2022 520 2053 bituminis
544 2027 656 2053 odorem
676 2026 774 2061 refugit
800 2035 923 2061 serpens.
941 2036 1021 2062 quam

235 2081 328 2101 vocem
355 2073 498 2109 opoouolou
519 2074 601 2100 Arius
626 2073 813 2100 aversabatur.
842 2074 1021 2107 Quamobrem

235 2120 389 2148 Catholicos
406 2119 670 2146 llomoottsiastorum
685 2120 793 2146 nomine
806 2120 906 2146 Ariani
929 2122 1023 2148 tradu—

235 2167 344 2193 cebant.
364 2165 401 2192 Ex
430 2165 525 2192 eodetn
557 2165 641 2199 igitur
667 2165 829 2192 Arianorum
853 2165 1022 2194 Lucianista~

237 2219 294 2238 rnm
311 2218 410 2246 genere
425 2210 518 2241 fuerit,
536 2217 551 2237 e
563 2218 617 2244 quo
632 2210 750 2244 scriptor
776 2218 858 2245 supra
881 2213 1021 2238 memorati

236 2257 327 2290 operis
341 2256 369 2282 in
383 2255 490 2288 Jobum,
505 2255 606 2289 quippe
622 2255 668 2290 qui
682 2255 793 2282 Luciani
806 2256 934 2291 martyris
947 2265 1022 2291 aeque

236 2302 399 2330 meminerit.
437 2302 483 2328 Sic
508 2307 598 2328 atttetn
622 2303 767 2336 existimo;
795 2303 1020 2337 quemadmodum

235 2348 407 2375 sublevanda
440 2347 620 2374 lsraclitarnm
635 2347 795 2380 calamitati,
810 2348 872 2375 dum
884 2348 1023 2383 [Egyplio-

236 2404 295 2423 rum
321 2395 451 2422 servitute
477 2399 677 2428 premerentur,
704 2394 801 2422 librutn
820 2394 870 2422 Job
894 2403 909 2421 a
932 2394 1022 2430 Moyse

236 2443 365 2476 scriptttm
378 2444 521 2467 autumant
535 2440 676 2474 plerique;
690 2440 726 2467 ita
741 2440 884 2475 multiplici
898 2441 932 2467 ab
945 2442 1022 2467 Aria-

236 2488 280 2514 nis
298 2486 502 2514 Commentario
524 2486 648 2513 eumdem
677 2485 763 2513 fuisse
793 2486 968 2518 illustratum,
992 2495 1023 2514 ac

237 2532 373 2567 frequenti
398 2531 513 2559 lectione
538 2532 697 2562 contritum,
721 2531 812 2558 solatii
837 2532 936 2566 gratia,
961 2540 1022 2558 cntn

239 2582 273 2608 ab
288 2580 413 2608 Ecclesia
435 2580 566 2606 catholica
593 2580 773 2606 anatltematis
788 2583 816 2606 et
837 2580 961 2607 censuris
982 2588 1025 2606 ur-

238 2631 377 2661 gerentur.
406 2625 542 2659 Quzerenti
567 2629 656 2651 autem
688 2624 754 2653 mihi
781 2631 931 2659 ecquonam
945 2632 1023 2660 argn-

237 2677 329 2699 mento
355 2672 426 2699 liber
446 2673 496 2698 iste
514 2671 625 2706 Origeni
643 2671 812 2705 adptdicatus
825 2675 876 2704 est,
894 2671 1022 2698 nonnulla

237 2717 263 2744 in
283 2725 316 2746 co
344 2723 523 2746 occurrerunt
548 2717 721 2752 Origeniante
745 2717 876 2744 doctrinae
897 2718 1023 2751 vestigia,

237 2771 296 2797 qua:
309 2766 341 2791 ad
353 2765 404 2792 alia
419 2773 471 2791 non
485 2765 551 2792 satis
564 2769 696 2791 attentum
714 2764 842 2792 lectorem
858 2764 1022 2792 fefellerunt.

274 2810 296 2825 ³⁵
310 2811 445 2837 l’osscvin.
465 2810 562 2844 Appur.
577 2811 604 2837 in
619 2810 740 2845 Origene.

1071 1567 1242 1601 Origenianre
1262 1566 1392 1593 doctrinae
1410 1566 1509 1597 tritinia,
1526 1572 1586 1599 qua:
1607 1565 1634 1591 in
1656 1564 1848 1592 Oliservationi-

1075 1613 1126 1640 bus
1151 1612 1185 1639 ad
1200 1612 1433 1639 Comntentarium
1460 1611 1487 1638 in
1514 1610 1672 1637 Mauhwum
1700 1611 1850 1641 notavimus,

1072 1658 1216 1693 Origenem
1240 1658 1368 1685 videntur
1394 1663 1536 1684 auctorem
1563 1657 1702 1684 indicare.
1722 1657 1774 1684 Sed
1792 1657 1850 1683 levia

1072 1706 1139 1737 lucc,
1157 1710 1242 1739 praeut
1255 1712 1286 1731 ea
1302 1709 1365 1730 sunt
1378 1711 1437 1738 quae
1448 1704 1618 1731 contrarium
1636 1703 1774 1737 probant;
1787 1709 1850 1729 sum-

1072 1759 1114 1778 ma
1129 1751 1190 1786 styli
1203 1751 1395 1785 discrepantia,
1413 1755 1540 1777 constans
1555 1749 1684 1783 Origenis
1699 1749 1850 1776 consuetudo

1073 1798 1100 1824 in
1115 1797 1337 1828 Commentariis,
1355 1796 1395 1823 vel
1411 1804 1458 1830 per
1477 1800 1576 1827 tomos,
1592 1795 1634 1822 vel
1651 1803 1705 1830 per
1729 1794 1847 1825 homilias,

1072 1843 1114 1870 vel
1133 1850 1179 1878 per
1203 1843 1306 1871 scltolia
1334 1842 1499 1877 digerendis,
1515 1849 1632 1876 quarunt
1648 1842 1686 1868 ad
1703 1841 1800 1868 nullutn
1812 1848 1849 1875 ge-

1074 1898 1125 1917 nus
1142 1890 1325 1924 expositiones
1345 1889 1403 1916 ista:
1429 1889 1523 1916 referri
1550 1894 1685 1924 possunt;
1715 1896 1774 1915 nam
1796 1894 1848 1922 pro-

1074 1936 1177 1963 lixitate
1202 1935 1304 1962 scholia
1327 1940 1469 1970 superant,
1493 1943 1509 1962 a
1533 1935 1614 1962 tomis
1631 1933 1848 1970 snperantur;ab

1075 1982 1233 2009 homiletico
1259 1989 1324 2008 vero
1358 1989 1458 2015 genere
1485 1981 1595 2016 penitus
1619 1981 1759 2008 dill‘erunt.
1787 1979 1846 2007 Adde

1075 2027 1196 2062 proﬁteri
1210 2027 1378 2061 ScriptOrem
1397 2027 1490 2061 operis
1508 2027 1566 2061 ipso
1583 2028 1674 2059 initio,
1691 2028 1845 2054 redacturum

1074 2082 1135 2101 sese
1152 2075 1178 2101 in
1202 2082 1284 2101 unum
1309 2082 1416 2108 corpus,
1432 2082 1492 2108 quae
1507 2074 1540 2101 ab
1555 2073 1686 2101 Ecclesia:
1708 2073 1845 2101 doctoribus

1075 2119 1192 2154 sparsim
1207 2120 1234 2146 in
1258 2120 1329 2146 lnmc
1353 2119 1556 2154 Evangelistam
1585 2120 1697 2146 fuerant
1717 2119 1844 2147 adnotata;

1076 2174 1137 2193 cum
1152 2166 1230 2193 multi
1247 2167 1272 2192 in
1292 2165 1445 2192 Matthaanm
1466 2171 1493 2192 et
1506 2165 1650 2199 Joannem,
1667 2166 1745 2200 pauci
1765 2165 1789 2190 in
1802 2163 1843 2189 Lu-

1076 2221 1147 2244 cam,
1169 2213 1234 2240 nulli
1260 2214 1366 2248 penitus
1397 2213 1423 2240 in
1452 2212 1571 2239 Marcum
1598 2213 1631 2239 ad
1657 2220 1736 2239 suum
1757 2216 1845 2244 tempus

1076 2259 1249 2294 scripserint.
1276 2259 1401 2286 l’rol'erlo
1426 2267 1477 2285 non
1510 2258 1588 2285 tnnlti
1618 2263 1683 2285 ante
1717 2257 1844 2290 Origenent

1077 2305 1244 2338 scripserant
1264 2304 1289 2331 itt
1309 2303 1463 2330 Mattlneum
1483 2309 1508 2330 et
1530 2303 1678 2335 Joannem;
1706 2307 1783 2335 atque
1801 2300 1845 2326 hzec

1077 2351 1229 2386 sequiorem
1243 2351 1415 2385 Origenianis
1435 2351 1599 2384 tetnpOribUs
1616 2353 1724 2375 aetatem
1742 2348 1843 2381 sapiunt.

1079 2398 1107 2425 Si
1123 2398 1211 2425 minus
1234 2397 1267 2424 ad
1292 2397 1460 2431 eripiendum
1477 2395 1586 2430 Origeni
1609 2394 1708 2421 librum
1727 2394 1791 2419 hunc
1806 2398 1844 2416 va-

1075 2442 1319 2476 lentconjectnra),
1342 2447 1370 2468 at
1382 2442 1482 2469 valebit
1505 2445 1579 2468 certe
1602 2440 1726 2466 codicum
1741 2443 1842 2464 veterum

1075 2490 1219 2521 dissensio,
1234 2497 1347 2523 quorum
1374 2488 1454 2522 aliqui
1482 2487 1583 2514 Victori
1607 2487 1771 2514 Antiocheno
1794 2488 1842 2509 eum

1077 2536 1215 2568 tribuunt;
1237 2536 1386 2570 cujusmodi
1413 2540 1455 2562 est
1477 2535 1544 2561 libcr
1558 2534 1666 2568 quidam
1692 2531 1842 2559 Bibliothwc

1077 2581 1178 2616 itegim,
1197 2581 1347 2615 cujttsmodi
1367 2586 1394 2607 et
1411 2580 1456 2607 ille
1480 2580 1529 2607 fuit
1545 2579 1681 2607 Theodori
1694 2577 1789 2605 Pcltani
1803 2575 1841 2602 So-

1077 2628 1184 2655 cietatis
1208 2628 1270 2655 Jesu
1298 2627 1426 2662 theologi,
1456 2627 1501 2662 qui
1530 2626 1758 2654 Commentarium
1785 2620 1840 2649 istud

1079 2673 1175 2700 Latine
1194 2682 1208 2700 a
1229 2681 1257 2701 se
1273 2674 1407 2701 redditutn
1427 2673 1477 2700 sub
1492 2671 1609 2700 Victoris
1623 2671 1730 2698 nomine
1743 2667 1839 2704 publica-

1077 2720 1128 2746 vit.
1159 2719 1230 2746 ldem
1261 2720 1306 2747 alii
1330 2719 1430 2756 Cyrillo
1452 2719 1635 2746 Alexandrino
1655 2716 1759 2744 codices
1773 2711 1838 2740 ascri-

1080 2765 1163 2797 bunt;
1189 2766 1339 2800 cujusmodi
1358 2766 1440 2794 ctiam
1467 2765 1535 2793 alter
1564 2763 1733 2792 Bibliotheca:
1759 2757 1837 2794 Regi?!-

275 2857 329 2893 (lti)
349 2857 414 2885 \‘idc
432 2864 495 2886 tom.
507 2866 520 2885 v
537 2858 690 2886 Comment.
713 2859 739 2886 in
751 2859 842 2894 Joan.,
859 2867 932 2888 num.
945 2859 971 2893 ‘2,
987 2868 1013 2894 p.
1031 2859 1075 2886 95.
