1908 3071
42 147 112 174 fQY'I

636 149 921 178 ORIGENIAIVORUM
943 151 1124 179 APPENDIX.

1598 151 1666 179 I278

41 206 98 232 Nec
120 205 207 233 titttlis
231 206 317 234 solum
342 206 486 234 diversitas
505 207 585 240 inest,
609 209 655 236 sed
673 208 732 235 libri
748 209 828 236 etiam
845 211 866 239 Α
883 209 947 236 dere
962 209 1042 236 solet.
1066 209 1155 236 Nihilo
1177 209 1262 244 magis
1275 216 1335 236 cum
1353 207 1478 242 Origcnis
1496 207 1666 242 dogmatibus

40 251 195 278 coiitextui.
214 251 243 278 In
259 251 402 279 Codicibus
416 253 540 285 Victoris,
556 253 596 280 vel
610 253 702 289 Cyrilli
722 254 830 281 nomine

40 297 196 331 inscriptis.
225 297 380 333 Origencm,
413 299 569 331 Eusebium,
596 299 830 335 Chrysostomtnn,

39 343 242 377 Apollinarium
278 350 306 372 et
339 345 511 374 Theodorum
543 347 658 377 citatos;
699 345 831 372 Catharos

40 397 109 417 vero
123 391 264 418 haereticos
279 392 436 426 perstrictos
459 393 578 426 reperias
595 399 602 418 ε
615 395 694 425 atque
711 391 767 418 haec
782 398 829 417 no-

39 436 130 468 mina,
145 436 250 472 aliaque
275 438 370 469 multa,
383 445 459 465 erasa
474 437 594 465 olfendas
613 438 647 464 ab
667 438 831 471 exemplari-

40 480 95 508 bus
118 488 180 516 quaa
203 490 299 510 nomen
317 482 444 517 Origeuis
460 483 485 510 in
502 483 592 511 fronte
606 488 712 517 gerunt.
726 483 791 517 Quie
807 484 830 511 si

40 527 106 560 quis
130 535 194 555 casu
212 529 358 564 contigisse
377 534 462 563 putet,
476 537 570 563 parum
594 529 638 557 ille
659 530 830 557 librariorum

40 571 187 599 audaciam
204 575 381 608 perspexerit.
399 575 463 602 Milli
483 581 545 601 vero
565 582 627 602 cum
642 580 716 601 certo
727 580 833 602 constet

39 616 276 645 Commentariuui
295 620 364 646 istttd
382 628 434 647 non
453 627 513 648 esse
531 620 666 656 Origcnis,
686 621 832 647 verisimile

42 661 73 688 lit
97 662 134 689 ab
153 662 185 690 iis
205 662 289 691 fuisse
311 664 514 698 interpolatum,
540 669 567 692 et
591 665 619 691 in
641 664 830 699 Origeiiiaiiain

42 707 263 736 Iucunrationein
287 713 424 743 recusem,
445 718 500 746 quo
525 710 632 738 facilius
660 710 776 739 lectores
789 705 832 739 vel

41 757 182 787 emptores
197 755 412 782 nancisceretur.

76 795 139 825 Jam
163 805 227 826 vero
253 799 289 825 liti
315 800 415 833 potius,
438 799 551 832 Victori,
578 807 612 827 an
641 800 752 836 Cyrillo,
782 801 832 828 tri-

39 844 181 871 buendutn
203 845 237 872 sit
257 845 328 872 islttd
345 845 578 873 Commentarium
601 847 762 882 diiudicare.
779 848 829 874 etsi

883 255 1017 290 congruit.
1036 255 1115 282 Docet
1132 255 1262 290 Origenes
1275 254 1384 281 homilia
1408 253 1441 280 M
1457 254 1483 279 in
1501 253 1596 280 Lucam
1611 253 1667 280 Ma-

882 300 950 326 riam
969 301 1070 334 apertis
1084 303 1152 328 uteri
1166 300 1438 328 claustrisCllristum
1453 299 1538 326 fuisse
1546 300 1666 332 enixam,

881 351 910 373 ut
927 354 1007 381 supra
1025 354 1073 373 suo
1090 347 1148 373 loco
1162 347 1262 373 dictum
1278 350 1320 372 est
1336 355 1342 372 :
1357 345 1491 372 contraria
1510 345 1600 371 omnia
1616 347 1667 372 hac

882 391 994 418 Itomilia
1017 396 1183 420 statuuntur.
1201 391 1283 418 Planc
1305 391 1396 424 itaque
1412 398 1463 416 non
1477 395 1519 416 est
1531 389 1666 424 Origenis.

882 436 1008 464 Latinum
1037 437 1195 470 scriptorem
1209 436 1295 471 stylus
1320 436 1419 469 arguit.
1445 435 1589 462 Auctorem
1604 434 1669 460 divi-

885 487 939 513 net,
953 482 976 509 si
1002 482 1062 516 quis
1080 482 1207 509 hariolari
1234 486 1318 508 autat.
1347 481 1491 516 lleperitur
1507 481 1551 508 illa
1569 481 1594 508 in
1613 480 1663 507 Le-

882 528 1016 555 ctionario
1029 528 1142 562 quodam
1163 528 1244 555 veteri
1261 528 1428 555 bibliotheca:
1445 527 1542 558 Restim.

916 573 951 600 At
973 573 1104 600 mirabilis
1129 578 1171 600 est
1200 581 1292 600 eorum
1322 578 1428 606 stupor,
1450 573 1494 606 qui
1519 573 1666 599 secundant

883 619 1022 646 Itontiliatn
1040 618 1149 654 Origeni
1174 619 1384 653 adjudicaruitt;
1417 627 1478 645 itatn
1505 623 1602 652 praeter
1613 623 1668 652 sty-

886 665 940 692 Iutn
957 665 1163 699 abOrigeniano
1176 665 1256 699 genio
1273 665 1460 696 abhorenlem,
1478 669 1505 691 et
1517 664 1667 691 clausulam

882 712 916 738 ab
942 710 1115 746 Origeuiaiiis
1136 711 1282 742 diversam,
1311 711 1474 738 Manichacus
1500 715 1528 738 et
1554 710 1670 736 Arianos

885 757 1012 793 Origenls
1027 757 1192 792 temporibus
1204 757 1371 791 posteriores
1390 757 1549 783 nominatim
1576 755 1669 789 appel—

882 802 929 831 lat.
955 804 1052 831 Filium
1077 803 1147 830 Patri
1175 803 1316 838 ὁμοούσιον
1348 811 1408 830 esse
1434 803 1518 836 dicit;
1552 803 1669 837 Dionysii

883 848 1053 883 Areopagitte
1067 856 1148 883 opera
1170 849 1245 881 citat,
1262 857 1321 875 cum
1347 848 1473 883 Origenis
1485 853 1550 875 actas
1574 849 1624 875 hos
1639 849 1670 874 li-

41 894 85 916 est
100 895 201 924 praeter
215 891 381 923 institutum,
398 892 484 918 dicam
507 896 596 919 tamen
611 893 714 920 .obiter
729 892 830 920 Victori
848 883 868 910 Β
884 894 947 921 bros
963 894 1079 921 nondqu
1095 895 1215 922 vidisset.
1235 894 1354 921 Hahctur
1372 895 1428 921 lucc
1446 894 1556 921 homilia
1572 895 1597 920 in
1614 901 1672 920 ma-

43 934 234 967 vr-risimilius,
248 943 328 970 quam
349 936 450 972 Cyrillo
479 937 579 965 ascribi
594 947 600 965 :
622 945 671 965 nec
686 939 758 966 enim
772 939 832 966 Ori-

42 987 141 1014 genem
158 986 212 1007 tam
229 982 325 1009 crebro
344 987 439 1010 testem
456 990 471 1010 a
494 983 594 1018 Cyrillo
614 984 762 1017 laudatum,
781 992 830 1012 nec

40 1026 233 1061 Chrysostomi
259 1033 413 1062 usurpatam
434 1029 516 1056 abeo
540 1030 728 1058 auctoritatem
755 1031 833 1058 facile

42 1072 206 1106 putaverint.
238 1073 275 1100 De
302 1073 416 1101 Victoris
448 1079 526 1102 aetate
544 1075 721 1110 qtlarstionein
751 1075 832 1102 habet

44 1119 188 1153 Peltanus,
205 1124 232 1146 et
247 1119 355 1147 Iuliano
376 1120 556 1155 antiquiorem
581 1128 642 1148 esse
665 1125 752 1155 putat,
772 1121 832 1147 idco

43 1166 120 1199 quod
136 1165 271 1193 decimum
289 1166 398 1193 tertium
409 1165 492 1194 Marci
508 1172 589 1202 caput
603 1174 740 1202 exponens
768 1167 828 1194 fun—

42 1216 174 1240 damenta
191 1212 280 1247 templi
306 1220 447 1247 superesse
462 1213 551 1246 dicat;
577 1212 614 1241 ea'
634 1221 698 1241 vero
726 1213 834 1241 Juliano

44 1258 200 1292 imperante
217 1257 299 1285 fuisse
324 1258 439 1289 refossa,
457 1257 536 1292 juxta
552 1258 693 1293 Nicephori
711 1259 833 1286 testimo-

43 1303 122 1330 nium
148 1303 265 1337 :capite
295 1310 358 1329 vero
389 1304 510 1338 sequenti
535 1304 666 1332 Catharos
693 1305 834 1332 haereticos

43 1348 183 1383 suggillet,
196 1356 310 1383 quorum
324 1349 435 1377 hairesis
453 1356 516 1377 ante
540 1351 610 1378 hanc
625 1355 730 1378 attatem
747 1351 835 1379 fuerat

44 1395 84 1421 ab
99 1395 221 1421 Ecclesia
236 1395 386 1430 proﬂigata.

85 1439 117 1468 V.
131 1441 210 1468 Circa
227 1441 361 1473 homilias,
381 1449 440 1475 quae
464 1441 497 1468 In
521 1442 635 1468 diversos
661 1442 770 1469 inscribi
793 1449 836 1469 so-

46 1488 116 1519 lent,
132 1494 194 1514 ante
206 1488 297 1514 olitiiia
315 1489 460 1514 notandum
479 1493 520 1514 est
540 1488 624 1515 fuisse
640 1489 711 1522 ipsas
729 1496 743 1515 a
765 1488 834 1514 Mer-

46 1535 106 1560 lino
120 1541 152 1560 ex
179 1534 261 1560 rariis
282 1533 349 1560 locis
374 1533 513 1564 collectas.
529 1539 555 1561 et
570 1543 602 1561 et)
621 1534 765 1561 collocatas
787 1541 834 1561 or-

45 1580 122 1611 dine,
136 1587 190 1614 quo
208 1581 276 1606 inter
299 1588 328 1606 se
345 1580 481 1614 dispositae
496 1586 654 1607 cernuntur.
673 1580 699 1607 Id
724 1581 780 1614 ipse
808 1580 833 1606 iit
850 1568 871 1596 ε
889 1568 950 1608 ιιοίι⁷
959 1580 1106 1608 clausulam

44 1625 168 1652 editione
184 1633 231 1651 sua
251 1625 284 1652 de
301 1625 332 1652 iis
350 1625 478 1658 pra-fatus
496 1631 548 1653 est.
565 1625 641 1658 Quod
667 1633 834 1659 prlemoncn-

46 1673 102 1699 dus
125 1671 174 1698 fuit
194 1672 289 1703 lector,
305 1681 339 1700 ne
364 1672 480 1698 iniretur
507 1673 642 1706 quomodo
672 1672 790 1704 diversa,
809 1677 835 1698 et

45 1725 146 1752 parum
168 1717 218 1745 sibi
238 1725 356 1751 congrua
375 1719 495 1745 membra
510 1718 537 1744 in
551 1726 633 1745 untttn
653 1726 752 1751 corpus
770 1727 836 1747 colt-

46 1763 187 1792 ﬂuxerint.
215 1764 339 1799 Singulas
358 1772 429 1792 nunc
454 1771 576 1792 seorsum
594 1772 623 1791 ac
637 1764 773 1799 sigillatim
790 1773 837 1792 ex-

44 1811 194 1838 cutiamus.

86 1857 178 1884 Prima
193 1858 226 1885 ab
245 1857 371 1892 Origenis
382 1857 454 1892 stylo
471 1858 579 1891 penitus
590 1857 676 1882 aliena
693 1863 733 1884 est
747 1866 754 1884 ε
769 1857 836 1883 sim~

47 1905 110 1938 plcx
124 1905 170 1931 ille
186 1909 227 1931 est
237 1909 263 1931 et
281 1904 432 1936 familiaris,
444 1903 560 1930 litteram
582 1903 700 1930 bre\iter
715 1904 836 1938 exponit,

48 1955 107 1976 ttiitt
118 1950 217 1976 transit
228 1951 261 1976 ad
276 1949 420 1984 allegorias
442 1954 469 1975 et
485 1949 670 1983 ti-opologias;
687 1949 744 1976 hinc
756 1949 837 1976 abuit-

49 1998 99 2024 dat
109 1996 258 2023 schematis
269 2001 296 2023 et
310 1997 404 2030 tropis,
424 1997 491 2023 ludit
507 1997 532 2023 in
548 1996 648 2027 verbis,
661 2001 688 2022 ct
700 1996 777 2022 aliter
791 1997 838 2023 tle-

49 2044 136 2077 ttique
150 2042 294 2075 clauditur,
309 2050 390 2076 quam
403 2042 530 2069 hoinilias
544 2049 607 2069 suas
622 2041 753 2076 Origenes
764 2041 838 2068 clau-

87 2133 148 2167 (I7)
164 2132 230 2159 Cum
249 2141 323 2166 ager,
341 2131 412 2166 quod
438 2132 465 2157 in
484 2139 513 2158 eo
536 2131 637 2166 aliquid
666 2136 773 2167 agetur,
791 2136 843 2158 etc.

51 2168 118 2196 llaec
148 2168 244 2199 verba,
273 2173 354 2200 atque
391 2167 586 2201 pra-cedentia.
619 2176 628 2192 ί
651 2166 841 2200 (ἐκνιιιιι-ηςιυιη

51 2211 173 2238 namque
189 2204 381 2237 interpretatur
402 2210 464 2237 ager
492 2201 539 2238 vel?
557 2201 619 2228 uilla
645 2201 841 2238 consolationis.

48 2236 209 2272 Cutn’ager,
230 2247 239 2263 ι
254 2243 321 2268 etc,
343 2245 393 2263 non
413 2241 520 2263 exstant
533 2237 560 2263 itt
577 2237 702 2263 omnibtts
718 2236 750 2263 iis
763 2242 843 2271 quot-

50 2277 120 2307 quot
139 2273 191 2299 vidi
210 2272 332 2306 antiquis
359 2272 518 2298 botniliariis
540 2280 620 2298 litanti
645 2272 775 2302 eitaratis,
801 2272 845 2298 ubi

53 2310 152 2336 llortin‘t
173 2308 314 2336 verborum
328 2307 387 2334 loco
405 2307 499 2339 legitur
516 2314 523 2332 :
544 2316 552 2332 t
575 2307 629 2333 Cur
651 2307 686 2333 ibi
704 2307 846 2341 ingressus

51 2343 119 2370 ost?
135 2341 249 2376 Propter
267 2343 316 2369 hoc
330 2342 401 2376 quod
417 2347 443 2368 et
461 2342 572 2374 invenit,
585 2347 611 2368 et
624 2343 715 2368 statim
733 2342 847 2368 manife-

52 2386 128 2405 stum
142 2383 192 2405 est.
210 2378 324 2404 Accessit
339 2377 372 2403 ud
386 2385 445 2403 enm
468 2376 595 2403 Centurio
609 2376 717 2410 (Matth.
733 2384 791 2407 VIII,
807 2377 845 2411 5).

53 2414 179 2440 Accessit
207 2420 286 2444 vere;
324 2421 376 2438 non
412 2412 555 2444 dimidius,
580 2413 627 2438 sed
652 2417 724 2438 totus
752 2420 758 2437 :
793 2420 844 2439 ltoti

55 2452 169 2482 aspectu
185 2449 304 2481 corporis
316 2452 430 2478 tantum,
451 2448 497 2473 sed
506 2452 533 2473 et
546 2446 642 2473 animae
657 2446 824 2481 plenitudine
838 2455 843 2471 :

55 2492 111 2510 noti
127 2483 195 2509 facie
212 2487 324 2515 tantum,
339 2484 421 2509 sedet
438 2483 610 2509 immaculato
620 2483 711 2508 corde.
730 2491 739 2506 ι
760 2482 806 2508 Sit:
819 2488 847 2509 et

55 2517 134 2545 initio
146 2518 263 2544 Itotitilitc
285 2526 332 2551 pro
345 2518 386 2544 his
399 2518 488 2544 verbis
503 2526 509 2543 :
525 2527 534 2542 ε
543 2517 716 2543 Descendente
737 2516 801 2543 Jetu
814 2518 846 2543 de

52 2558 152 2582 monte.
159 2559 253 2579 tecum
260 2558 321 2579 sunt
330 2554 412 2578 turbae
421 2554 509 2579 niulta'
517 2551 697 2586 (Matt/t.Vttt,I
705 2552 723 2586 ).
730 2551 847 2578 Docente

59 2596 124 2615 tero
142 2587 255 2614 Domino
286 2589 311 2614 itt
331 2594 435 2617 monte,
451 2587 575 2622 discipuli
594 2593 672 2613 erant
693 2595 755 2613 ctilit
776 2587 845 2621 ipso,

54 2623 156 2658 quibus
169 2624 261 2649 datum
281 2628 339 2649 erat
359 2623 475 2649 ctelestis
495 2623 626 2649 doctrinae
639 2630 722 2649 nosse
737 2627 841 2648 secreta

55 2666 104 2692 per
118 2665 178 2692 qua:
202 2658 298 2684 salutis
317 2658 429 2684 scientia
447 2658 592 2684 brttlorutit
614 2659 695 2684 corda
721 2657 844 2689 salirent,

58 2701 252 2726 czccorutnque
265 2693 350 2719 oculis
365 2699 412 2726 per
432 2694 575 2719 mundana:
599 2692 786 2719 delectationis
803 2696 845 2718 te-

56 2729 155 2754 nebras
178 2727 357 2761 caligantibus
384 2728 478 2753 lucent.
498 2727 684 2759 patefacerent
706 2728 838 2754 νι-ῐίιίιιίε.

57 2763 135 2790 Unde
154 2768 182 2789 et
209 2763 337 2789 Dominus
359 2763 392 2788 ad
417 2769 484 2788 eos:
507 2761 557 2788 Vos
583 2763 655 2793 estis,
685 2763 781 2796 inquit,
802 2762 842 2788 sal

55 2804 146 2830 terrm,
166 2805 209 2824 vos
222 2799 282 2824 estis
306 2801 334 2823 et
348 2797 448 2823 Iuntina
461 2798 549 2822 mundi
562 2797 669 2831 (Matth.
682 2805 708 2828 ν,
730 2797 772 2828 15,
787 2797 844 2832 le).

56 2833 136 2859 Nunc
148 2839 212 2859 vero
231 2833 412 2859 descendente
426 2839 459 2856 co
473 2833 507 2857 de
522 2837 623 2863 IIIOIIIt‘,
645 2834 729 2859 turba:
745 2839 845 2860 secuta:

55 2872 121 2897 sunt
130 2874 192 2894 eum
205 2875 212 2892 :
223 2867 249 2894 iit
264 2872 380 2894 lllOlllelll
395 2867 499 2894 scilicet
512 2868 659 2894 ascendere
673 2875 843 2903 licquaquaiil

884 941 1021 976 ntiscripto
1051 941 1223 968 Bibliotheca:
1253 940 1343 973 Regia:
1370 940 1463 968 codice
1491 940 1562 967 inter
1587 939 1670 966 inulta

885 988 1025 1022 Augustini
1035 987 1176 1023 opuscula.
1193 987 1229 1014 De
1243 993 1354 1014 auctore
1365 992 1467 1014 certum
1481 986 1548 1014 nihil
1559 987 1672 1014 delinire

886 1042 994 1070 possunt
999 1053 1006 1060 .

919 1078 957 1106 Ne
969 1079 1074 1106 tertiam
1091 1078 1201 1112 quidem
1228 1078 1338 1112 Origcni
1353 1078 1484 1112 deputare
1504 1077 1604 1110 ausim,
1626 1084 1671 1105 re-

884 1130 1019 1160 pugnante
1042 1125 1161 1152 clausula
1179 1125 1290 1158 etston
1313 1133 1320 1150 ε
1338 1126 1462 1158 quamvis
1478 1124 1511 1150 ad
1532 1122 1673 1158 Origenia-

884 1178 947 1196 itutit
976 1177 1100 1203 saporem
1128 1169 1240 1203 propius
1273 1169 1387 1195 accedat
1406 1176 1488 1201 quatit
1514 1168 1672 1202 superiores

885 1216 960 1247 dine;
983 1215 1113 1249 pauculas
1132 1215 1205 1242 enim
1235 1215 1366 1249 quasdam
1406 1214 1550 1249 allegorias
1578 1215 1670 1241 habet.

884 1260 981 1288 Prima:
998 1265 1087 1286 tamen
1105 1260 1221 1286 similior
1231 1264 1362 1294 estquam
1375 1261 1512 1292 εεειιιιιιτιε,
1529 1259 1597 1286 adeo
1608 1267 1672 1286 cre-

887 1307 935 1334 bra
955 1312 995 1334 est
1013 1306 1106 1341 figuris
1120 1311 1146 1332 et
1162 1306 1431 1341 interrogationibus.
1450 1305 1576 1332 Latinum
1606 1307 1673 1333 scri-

887 1357 990 1387 ptorem
1016 1352 1101 1384 dicas,
1123 1355 1149 1378 et
1176 1350 1284 1385 quidem
1301 1350 1465 1385 Hieronymo
1483 1350 1670 1377 recentiorem.

886 1398 957 1426 Idem
982 1403 1040 1425 esto
1058 1399 1089 1424 de
1106 1403 1200 1432 quarta
1214 1397 1477 1430 homiliajudiciqtn,
1492 1404 1572 1430 quatit
1592 1397 1672 1424 exhi-

887 1444 949 1471 bent
965 1450 1071 1478 quoque
1087 1443 1256 1470 Lectionaria
1277 1442 1365 1477 Iiegiie
1377 1443 1559 1469 Ilihliotliecte.

923 1490 1021 1517 Eadem
1034 1494 1061 1517 et
1077 1490 1200 1523 quintam
1214 1489 1354 1516 homiliant
1370 1489 1510 1521 exhibent,
1526 1495 1586 1523 qua:
1606 1487 1673 1514 nihil

887 1535 1079 1571 Origenianum
1102 1535 1194 1569 habet,
1217 1543 1269 1562 non
1300 1535 1410 1570 stylum,
1435 1542 1487 1561 non
1518 1534 1672 1569 allegorias,

1128 1589 1136 1607 :
1156 1581 1244 1607 oratio
1261 1581 1380 1611 concisa,
1402 1580 1675 1615 tlissolttta,écmpz-

887 1627 1012 1663 τισμένη.
1031 1627 1139 1653 Initium
1154 1626 1282 1658 lioutilite,
1298 1627 1367 1659 quod
1381 1626 1505 1661 Origenis
1520 1627 1668 1653 doctrinam

892 1675 973 1708 sapit,
990 1672 1134 1699 lectoribus
1149 1672 1285 1706 imposuit.
1299 1671 1363 1699 Vide
1377 1677 1478 1699 tomum
1495 1681 1510 1699 χ
1530 1673 1556 1699 in
1577 1673 1674 1699 Matth.

890 1729 962 1748 itum.
981 1719 1008 1751 I,
1023 1719 1131 1746 easdem
1151 1718 1207 1746 fere
1218 1718 1338 1752 reperies
1351 1719 1508 1746 sententias.
1529 1719 1605 1751 Quod
1620 1719 1673 1744 nisi

891 1767 970 1794 dubia
982 1770 1054 1793 esset
1069 1765 1248 1800 Interpretuiii
1263 1765 1339 1797 lidcs,
1364 1765 1521 1799 scriptorem
1549 1763 1671 1791 Latinoru-

889 1821 949 1841 csse
958 1813 1105 1848 iudicarem
1118 1819 1150 1839 cx
1164 1812 1205 1839 his
1215 1811 1304 1838 verbis
1320 1821 1326 1837 :
1343 1820 1352 1836 l
1369 1803 1425 1847 (1³1)
1438 1810 1504 1838 Cum
1514 1818 1589 1844 ager,
1604 1816 1675 1845 quod

891 1861 917 1888 iit
933 1868 966 1888 eo
977 1859 1078 1894 aliquid
1106 1864 1212 1892 agatur,
1228 1858 1270 1885 vel
1292 1858 1353 1884 villa
1379 1866 1393 1884 a
1424 1857 1675 1884 circumvallationc

889 1907 992 1939 limitis,
1009 1907 1059 1933 hoc
1071 1910 1113 1934 est
1126 1905 1274 1932 munitione
1286 1904 1415 1932 custodite
1435 1911 1532 1930 nomen
1560 1910 1674 1935 accepe-

891 1955 936 1986 rit,
966 1960 1084 1988 congruc
1116 1951 1317 1987 dispensatione
1343 1951 1433 1978 carnis
1462 1950 1508 1977 illo
1536 1951 1676 1984 ingressus

891 2000 1022 2027 asseritllr
1035 1999 1175 2029 Dominus.
1191 2007 1244 2032 quo
1256 2006 1304 2033 per
1317 1997 1424 2024 deitatis
1443 2002 1547 2032 portam
1557 1996 1674 2022 circuiu-

892 2046 979 2072 dando
996 2046 1135 2072 attrahens
1151 2045 1184 2072 ad
1202 2044 1388 2072 credulitatem
1415 2042 1578 2074 incredulos,
1593 2047 1620 2069 et
1632 2050 1675 2068 sa-

860 2137 882 2164 D
898 2137 1033 2167 poterant,
1051 2134 1112 2167 quia
1131 2141 1198 2169 quos
1222 2133 1382 2169 delictorum
1404 2132 1509 2158 sarcina
1536 2130 1674 2164 deprimit,

898 2169 930 2194 ad
950 2169 1139 2203 mysteriorum
1157 2169 1281 2196 sublimia
1299 2168 1349 2195 nisi
1367 2170 1471 2200 abiecto
1494 2173 1674 2203 oltereseau~

898 2203 961 2229 dere
976 2200 1086 2230 minime
1104 2203 1202 2230 valent.
1219 2203 1320 2230 Idcirco
1332 2208 1357 2230 et
1375 2203 1422 2228 lilii
1442 2201 1522 2229 Israel
1548 2200 1675 2234 primitus

899 2238 924 2263 iu
943 2242 1059 2264 montem
1088 2239 1234 2265 ascendere
1254 2247 1305 2265 non
1322 2243 1447 2271 poterant
1460 2237 1491 2263 ad
1514 2236 1674 2262 obviandunt

900 2272 963 2304 υθο.
976 2273 1036 2306 quia
1052 2272 1209 2308 [Egyptiaca
1226 2274 1329 2305 gravati
1352 2273 1559 2300 conversatione
1574 2277 1674 2309 proﬂic-

898 2308 1051 2338 diebattlnr,
1067 2307 1112 2334 seu
1127 2309 1199 2334 solus
1209 2309 1323 2343 Moyses,
1339 2315 1408 2340 etc.;
1431 2318 1439 2332 ι
1458 2316 1522 2334 mss.
1533 2307 1674 2332 nostri-tta-

899 2343 960 2369 bettl
979 2353 984 2370 :
1000 2343 1132 2369 «Ducenio
1143 2344 1167 2368 in
1179 2350 1268 2370 monte
1281 2345 1401 2374 ltontino,
1412 2343 1534 2376 discipuli
1546 2345 1676 2368 venerunt

897 2378 930 2404 ad
946 2385 1007 2404 eunt
1026 2379 1094 2404 sicut
1115 2378 1228 2407 alacres,
1245 2380 1313 2404 sicut
1331 2379 1480 2409 domestici,
1497 2378 1566 2404 sicut
1583 2377 1673 2410 proxi-

898 2413 944 2444 titi,
962 2414 1033 2440 sicut
1051 2413 1128 2438 atuit'i
1146 2413 1185 2437 vel
1201 2414 1307 2441 Iratl'es.
1321 2414 1382 2440 Ideo
1394 2414 1430 2440 ait
1451 2419 1477 2440 ct
1497 2413 1625 2439 Domitius
1641 2411 1673 2436 :ttI

897 2456 944 2474 eos
964 2458 969 2474 :
997 2447 1045 2474 Vos
1073 2449 1134 2473 estis
1157 2449 1197 2473 sal
1219 2453 1306 2480 terrm,
1319 2455 1357 2480 et,
1368 2457 1409 2475 vos
1424 2450 1485 2475 estis
1506 2449 1552 2474 lita:
1581 2445 1671 2471 mutuli

898 2482 1004 2518 (Matth.
1020 2491 1046 2514 ν,
1062 2483 1105 2514 15,
1128 2482 1183 2514 Μ).
1211 2482 1285 2509 hunc
1301 2491 1364 2510 vero
1388 2485 1577 2514 (ICSCCIIKICIIIIE.
1590 2489 1621 2507 eo
1643 2482 1676 2506 tie

898 2523 999 2551 ttiottte,
1018 2518 1102 2544 turbae
1121 2522 1220 2543 secuta:
1247 2523 1310 2544 sunt
1335 2526 1407 2550 eum,
1429 2526 1488 2551 quae
1510 2519 1534 2545 iit
1559 2521 1675 2543 tt'tonlettt

898 2556 1044 2580 ascendere
1061 2561 1113 2579 non
1137 2557 1281 2585 potuerunt
1298 2558 1326 2578 tit
1342 2554 1410 2586 pigri
1428 2554 1528 2587 populi,
1547 2557 1574 2578 ut
1591 2551 1676 2585 negli-

897 2594 1000 2621 gentes,
1018 2596 1047 2615 ut
1064 2587 1225 2621 imperfecti.
1241 2587 1278 2613 Ita
1296 2592 1324 2613 et
1339 2587 1385 2613 lilii
1405 2588 1486 2614 Israel
1509 2587 1632 2621 primitus
1649 2587 1675 2611 iii

898 2628 1016 2650 lnoiileitt
1034 2623 1180 2650 ascendere
1200 2629 1252 2648 n0u
1268 2623 1408 2648 valuerunt
1435 2632 1441 2649 :
1463 2626 1495 2648 ad
1510 2622 1673 2648 ohviaudttnt

897 2658 953 2685 Deo
970 2666 1081 2693 pergere
1102 2665 1153 2684 non
1167 2661 1312 2690 potuerunt
1330 2662 1439 2693 propter
1454 2666 1528 2683 suam
1545 2656 1677 2693 irreligio-

897 2691 1003 2720 sitaléitt
1020 2691 1046 2720 et
1061 2693 1237 2726 iiiipictatetn,
1255 2692 1301 2718 Sed
1317 2692 1389 2718 solus
1405 2691 1519 2726 Moyses,
1536 2702 1545 2717 ι
1560 2697 1612 2717 etc.
1630 2691 1677 2717 Sit:

897 2728 1013 2762 denique
1036 2734 1063 2756 et
1083 2729 1152 2757 ha‘c.
1173 2732 1200 2753 et
1222 2727 1282 2754 alite
1308 2726 1440 2760 plora-que
1465 2727 1591 2758 hoinilim,
1610 2733 1678 2759 quas

899 2765 950 2790 sub
963 2764 1088 2797 Origenis
1111 2763 1218 2789 nomine
1239 2762 1365 2789 Merlittus
1382 2762 1477 2791 edidit,
1498 2767 1676 2797 ptzctcrquain

897 2799 968 2832 quod
983 2795 1087 2825 nit-nilis
1100 2798 1198 2831 ubique
1212 2802 1325 2829 scatent,
1350 2805 1381 2823 ac
1401 2796 1504 2823 lacunis
1530 2795 1678 2832 innumeris

899 2830 1016 2864 inhiant,
1036 2830 1265 2867 pliiriina’hahcnt
1290 2833 1390 2858 intexta
1405 2840 1466 2864 qua:
1482 2831 1508 2858 in
1527 2830 1677 2858 manuscri—

897 2869 950 2903 ptis
968 2868 1126 2896 hoiiiiliariis
1141 2868 1219 2895 aliter
1233 2872 1468 2901 repraesentantur.
