1908 3071
239 118 307 147 1279

872 116 900 144 Ρ.
922 115 1078 145 DANIELIS
1097 116 1213 145 llUETll

1793 119 1866 144 i230

241 180 336 206 uitatis
351 177 509 205 miraculum
521 181 580 205 erat
603 181 723 205 acturus.
740 186 749 203 ι
766 176 788 205 A
802 177 895 212 prima:
909 177 1026 205 homilite
1040 180 1061 208 Α
1076 185 1223 214 synonyma
1235 196 1243 210 ,
1272 177 1422 204 antithcses
1432 198 1439 208 ,
1472 173 1633 209 allusioncs,
1661 175 1769 203 colores
1805 181 1867 204 arte

239 225 311 260 ston
325 232 419 260 parum
436 224 571 252 dissentit.

274 271 354 298 Sexta
378 270 488 297 homilia
513 270 617 305 priinze,
635 269 733 302 tertite,
750 274 855 305 quarta:
885 277 917 297 ac
939 269 1024 304 quin-

238 321 282 349 ta,
295 317 340 343 sed
356 316 443 342 tertia:
454 316 625 350 potissimum
640 316 735 344 similis
757 321 807 346 est.
820 316 903 351 stylo,
920 316 1023 351 ﬁguris,

237 361 377 394 clausula;
395 363 465 388 unde
479 359 494 388 a
518 361 615 388 Latino
637 369 745 397 quoque
771 362 881 389 homine
895 362 1024 397 scriptam

237 407 412 434 arbitramur.
438 407 494 443 (18)
507 407 562 435 Nec
578 408 657 435 aliter
685 409 719 436 de
735 409 848 444 septima
861 407 1023 442 judicamus,

241 452 304 480 licet
318 452 436 480 clausula
450 458 552 481 careat.
577 454 633 489 (19)
665 454 816 490 Utramque
846 458 1025 489 representat

237 498 425 526 lectionarinm
445 499 579 534 quoddam
606 500 695 535 Regina
712 500 885 528 Bibliotheca
910 510 916 528 :
937 505 965 527 et
985 507 1025 528 se-

239 545 350 579 ptitnam
370 546 477 580 quidem
496 546 635 574 ltocinitio
654 555 661 573 :
680 556 690 572 ‹
710 546 831 579 Fratres,
848 546 914 574 dicit
927 546 1024 582 aliquis

243 597 276 618 ex
293 591 378 623 vobis,
394 591 443 618 feci
458 596 567 627 peccata
586 593 668 619 multa
681 597 709 619 et
727 601 824 628 magna
841 602 847 619 :
862 597 890 621 et
906 593 968 628 quis
988 601 1022 621 ex

239 637 314 663 vobis
328 642 370 664 est
387 637 432 671 qui
465 646 517 665 non
542 639 656 673 peccet?
671 639 711 666 Tu
743 639 797 673 dic,
828 641 918 668 erravi
942 647 1024 674 super

238 689 333 710 omnes
351 684 486 711 homines.
504 684 610 712 Sullicit
630 685 678 712 tibi
698 686 724 713 in
741 686 876 714 sacrillcio
896 686 946 714 ista
959 694 1024 714 con-

240 729 333 756 fessio.
351 730 398 757 Dic
414 735 441 757 tu
458 731 533 765 prior
563 731 722 766 iniquitates
744 735 815 766 tuas,
839 737 868 759 ut
888 732 1023 768 justil‘tce-

239 774 277 802 ris
291 775 322 800 ³⁹.
341 775 479 810 Cognosce
491 781 526 809 te,
538 778 663 811 quoniam
681 783 807 811 peccator
826 785 857 805 es
872 786 878 803 :
892 778 961 806 habe
977 780 1024 806 tri.

243 821 353 854 stitiam,
373 829 433 848 cum
461 823 628 850 converteris
645 832 651 850 :
666 830 724 850 esto
742 831 774 851 ac
787 825 810 851 si
823 825 983 859 desperatus
994 830 1021 851 et

243 871 374 900 maestus;
390 868 436 894 sed
450 873 477 894 et
488 868 623 903 lacrytnas
635 874 810 904 compunctus
823 870 938 897 ell'unde.
950 871 1024 897 Nun-

237 912 302 946 quid
319 912 420 947 aliquid
437 913 510 941 aliud
528 914 578 941 fuit
605 914 632 941 in
659 915 814 948 meretrice,
833 923 916 950 quam
940 916 1025 952 lacry-

238 964 343 985 marum
355 958 468 985 elTusio?
479 963 507 986 et
517 966 549 986 ex
567 959 618 987 hac
640 960 798 994 profusione
814 961 916 990 invenit
931 964 1024 997 prtesi-

239 1002 323 1035 diutn,
342 1007 369 1029 ct
381 1009 491 1038 accepta
520 1004 618 1031 ﬁducia
634 1005 748 1033 accessit
760 1007 793 1033 ad
811 1007 913 1034 fontem
932 1008 1023 1035 Domi-

238 1055 301 1074 ntnu
313 1046 416 1075 Jcsum.
444 1048 496 1075 Sed
515 1049 657 1077 veniamus
674 1051 706 1078 ad
727 1059 849 1080 causam.
876 1053 944 1086 Quid
960 1061 1024 1089 ergo

237 1094 421 1128 evangelista?
441 1094 475 1122 Et
496 1095 556 1122 inde
577 1097 705 1124 transiens
736 1097 864 1125 Dominus
889 1099 968 1126 Jun:
995 1100 1024 1127 in

237 1144 322 1172 parte:
338 1139 412 1175 Tyri,
427 1144 451 1167 et
465 1139 583 1174 Sidonis,
596 1146 621 1168 ει
638 1149 696 1168 ecce
710 1142 805 1169 mulier
820 1142 970 1170 Chananwa
989 1143 1022 1172 ⁸ο.

238 1184 304 1211 Mira
322 1193 374 1216 res,
388 1193 404 1211 o
419 1185 589 1220 Evangelista
602 1186 609 1213 l
630 1195 640 1212 ι
661 1186 774 1222 Reliqua
791 1194 819 1216 ut
831 1188 858 1216 in
872 1188 951 1216 libris
964 1189 1023 1216 edi-

238 1231 272 1257 tis
287 1236 418 1265 concepta
435 1236 509 1258 sunt.

272 1274 348 1308 Quod
365 1276 399 1303 de
423 1277 545 1311 proxime
560 1278 789 1311 praecedentibus.
806 1279 877 1307 idem
892 1281 1023 1308 sentimus

236 1321 270 1348 de
283 1321 396 1353 Octava,
409 1329 469 1356 quae
484 1323 626 1351 rhetoricis
649 1325 793 1360 pigmentis
815 1333 956 1361 perspersa
972 1331 1023 1354 est.

241 1367 267 1395 ld
280 1369 373 1395 olfecit
398 1368 536 1400 Martinus,
553 1375 580 1396 et
596 1369 722 1406 Origenis
743 1370 843 1406 stylum
867 1374 1023 1406 neutiquam

238 1414 342 1441 referre
357 1421 417 1441 eam
437 1414 578 1442 confessus
593 1420 643 1446 est.
672 1424 757 1451 seque
783 1417 834 1444 hoc
863 1424 918 1444 uno
943 1425 1023 1452 argu-

239 1466 330 1487 mento
349 1460 450 1487 dudum
467 1459 640 1496 Origenianis
657 1462 767 1496 scriptis
780 1462 937 1494 inseruisse,
951 1464 1023 1497 qttod

1075 223 1198 258 quaesiti;
1229 230 1289 257 qua:
1315 222 1404 248 omnia
1436 221 1626 257 Origeniauam
1657 220 1867 255 simplicitatem

1074 275 1130 295 nan
1151 267 1270 302 sapiunt.
1295 267 1436 302 Allrgorite
1448 272 1578 301 prasterea
1596 266 1687 298 nullae,
1706 265 1790 292 nulla:
1806 270 1868 292 tro-

1075 313 1197 349 pologiaa.
1213 313 1315 348 Siquid
1330 313 1486 348 conjectura
1509 313 1595 346 valeo,
1621 313 1791 348 scriptorem
1812 310 1868 339 La-

1077 360 1161 387 tinum
1176 360 1301 387 dixerim.

1110 408 1147 435 Ea
1162 412 1237 436 certe
1247 411 1289 435 est
1305 407 1409 442 primae,
1429 406 1526 437 tertiae,
1543 411 1656 440 quartas,
1671 405 1789 438 quinue,
1802 412 1867 432 sex-

1075 459 1121 488 ta},
1137 455 1270 489 septimm,
1285 459 1389 482 Octava;
1414 458 1442 480 et
1456 452 1568 480 decinue
1587 451 1766 485 congruentia
1793 451 1866 478 inter

1079 508 1109 528 se
1121 505 1148 527 et
1158 498 1387 534 sintilitudo,'(20)
1401 503 1431 526 ut
1446 505 1514 533 pene
1529 497 1664 524 allirmare
1675 497 1764 524 ausim
1783 497 1867 524 unius

1074 553 1133 574 esse
1161 553 1256 573 omnes
1278 550 1305 572 et
1329 545 1449 579 ejusdem
1472 545 1611 577 auctoris;
1631 549 1713 577 atque
1732 543 1804 578 ejus,
1837 548 1867 570 ut

1074 591 1140 623 dixi,
1165 590 1273 617 Latini:
1297 590 1412 618 secunda
1446 589 1557 617 alterius
1595 594 1635 616 est
1674 588 1827 623 Scriptoris
1856 597 1864 615 :

1075 643 1144 663 noua
1170 639 1284 663 consula
1311 640 1353 662 est
1379 634 1477 668 triplici
1501 633 1581 660 trium
1607 633 1774 668 scriptorum
1806 633 1863 660 l'ra-

1074 685 1193 715 gmento.
1219 680 1260 707 Ab
1276 679 1393 713 Origene
1407 684 1497 706 autem
1515 678 1586 704 nulla
1609 679 1717 713 penitus
1740 678 1864 713 profecta

1074 731 1125 757 est.
1138 731 1318 761 praeterquam
1334 725 1407 760 prior
1420 724 1463 751 illa
1481 732 1558 751 nonae
1573 724 1718 758 particula.

1111 775 1154 802 Vl.
1170 774 1282 802 Michael
1297 773 1450 801 Ghislerius
1468 773 1494 800 in
1509 773 1667 800 Praafatione
1686 771 1722 798 ad
1748 779 1816 799 suos
1838 773 1865 798 in

1077 821 1218 848 Jeremiam
1233 819 1462 850 Commentarios.
1477 826 1536 854 cap.
1555 818 1582 850 7,
1599 825 1708 853 paragr.
1724 818 1754 849 4,
1774 824 1866 844 narrat

1077 867 1102 893 in
1122 866 1252 893 Vaticano
1278 867 1394 899 quodam
1419 865 1514 893 codice
1544 864 1638 891 Cra~co
1666 868 1795 898 repertas
1817 864 1865 891 sibi

1076 911 1201 947 Origenis
1217 911 1344 939 homilias
1365 912 1392 937 in
1415 910 1557 938 Jeremiam
1575 911 1689 944 viginti;
1714 917 1866 943 earumque

1075 963 1249 992 postremam,
1272 957 1323 985 etsi
1352 957 1378 984 id
1406 957 1539 984 indicaret
1566 956 1668 989 titulus,
1689 963 1865 991 nequaquam

1076 1009 1166 1032 tamen
1180 1005 1212 1031 ad
1229 1004 1373 1039 Origenem
1388 1003 1563 1037 pertinuisse.
1580 1002 1727 1029 Sultncctit
1741 1006 1866 1036 postmo-

1075 1051 1137 1077 dum
1159 1058 1190 1077 ea
1205 1049 1261 1085 jam
1277 1050 1349 1077 edita
1366 1049 1539 1084 comperiisse
1553 1056 1583 1076 se
1600 1056 1653 1075 non
1669 1046 1804 1082 Origenis
1820 1048 1866 1074 ho-

1076 1095 1190 1126 tuiliam,
1206 1095 1256 1122 sed
1277 1095 1407 1129 insignem
1431 1100 1491 1120 esse
1513 1092 1661 1120 Clementis
1683 1092 1865 1119 Alexandrini

1075 1140 1243 1172 Tractatum,
1259 1139 1336 1174 cujus
1357 1139 1541 1166 tncminerunt
1563 1138 1708 1169 Eusebius,
1734 1137 1866 1172 Hierony-

1074 1195 1134 1214 mus
1166 1191 1191 1214 et
1211 1181 1334 1218 Photius,
1350 1185 1449 1221 quippe
1475 1186 1511 1213 ita
1527 1185 1671 1220 inscriptus
1692 1184 1746 1212 fuit
1762 1192 1771 1211 :
1790 1184 1838 1217 Τίς
1851 1185 1866 1210 ὀ

1074 1232 1241 1267 σωζόμενος
1254 1233 1403 1265 πλούσιος
1411 1241 1422 1262 :

1112 1278 1166 1306 νη.
1179 1278 1286 1306 Scholia
1303 1279 1331 1305 in
1347 1278 1499 1306 Orationem
1518 1277 1695 1310 Dominicam,
1711 1282 1739 1304 et
1751 1276 1863 1304 Cantica

1075 1324 1106 1352 B.
1123 1325 1251 1359 Virginis,
1263 1325 1401 1352 Zacharias
1424 1330 1450 1352 et
1464 1325 1598 1352 Simeonis
1614 1323 1713 1351 Grtecc
1729 1331 1793 1350 cum
1817 1331 1864 1350 Sua

1077 1371 1299 1406 interpretatione
1318 1370 1414 1397 Latina
1431 1370 1521 1404 ledidit
1547 1370 1694 1397 lt‘edericus
1724 1369 1863 1400 Morellns,

1077 1418 1126 1445 sub
1141 1417 1250 1444 nomine
1263 1416 1397 1451 Origenis,
1411 1417 1478 1447 sive.
1491 1420 1520 1442 ut
1531 1416 1587 1450 ipse
1601 1415 1739 1449 apposuit,
1753 1415 1864 1441 alterius

1075 1463 1196 1491 doctoris
1211 1463 1370 1499 συγχρόνου,
1382 1469 1466 1496 eaque
1479 1469 1508 1488 se
1528 1469 1543 1488 e
1556 1461 1642 1487 veteri
1668 1461 1862 1494 manuscripto

238 1513 253 1531 a
263 1505 354 1532 multis
367 1510 478 1540 putetur
489 1513 550 1533 esse
560 1506 726 1539 Adamantii,
738 1512 766 1534 et
782 1507 852 1534 inter
867 1508 925 1543 ejus
941 1516 1022 1544 opera
1037 1518 1059 1548 ε
1075 1509 1168 1537 codice
1181 1516 1213 1536 ex
1228 1509 1301 1535 Italis
1318 1508 1487 1535 bibliothecis
1504 1507 1626 1541 profecto
1643 1507 1790 1541 selegisse,
1816 1514 1863 1533 es—

239 1556 347 1584 reperta
365 1551 411 1579 sit.
438 1551 504 1579 Eam
518 1556 607 1579 autem
625 1552 696 1580 inter
715 1560 797 1588 opera
820 1553 888 1581 falso
906 1555 1023 1590 ascripta

237 1593 402 1631 llierouymo
415 1598 504 1630 posuit
516 1597 651 1626 Victorius
664 1603 737 1626 tomo
750 1606 831 1628 nono.

275 1641 388 1669 llomilia
405 1650 474 1669 nona
490 1644 619 1672 membris
631 1644 718 1672 tribus
733 1645 759 1672 in
774 1653 856 1673 unum
875 1647 1024 1681 compactis

237 1687 354 1714 conﬂata
372 1693 422 1716 est.
436 1688 502 1716 Pars
519 1690 593 1724 prior
604 1691 670 1717 nihil
683 1691 755 1719 aliud
770 1698 811 1720 est
828 1700 908 1726 quam
929 1692 1025 1728 Orige-

239 1732 315 1759 niani
333 1737 466 1761 tractatus
482 1735 611 1762 tricesimi
628 1738 717 1770 quarti
742 1738 767 1764 itt
793 1739 947 1766 Mattlneum
963 1747 1026 1774 por-

242 1778 293 1810 tio;
310 1778 379 1805 unde
395 1779 525 1807 nonnulla
543 1781 668 1809 consulto
683 1789 819 1818 expuncta
843 1789 923 1817 sunt;
951 1785 1025 1818 quod

241 1824 273 1851 iis
289 1825 411 1852 doctrina
427 1826 518 1853 minus
529 1834 594 1854 sana
607 1829 803 1856 contineretur.
828 1830 865 1856 Ea
881 1838 946 1857 vero
963 1838 1025 1865 pars

239 1877 300 1904 quae
312 1871 346 1897 ab
358 1871 399 1898 his
407 1872 513 1899 orditur
525 1874 617 1900 verbis
633 1883 639 1901 :
657 1883 667 1900 ‹
685 1875 705 1901 Α
725 1875 861 1910 plerisque
881 1876 1024 1904 conscien-

241 1914 276 1957 tia
289 1915 421 1950 accipitur
442 1923 624 1951 peccatorutn,
641 1927 651 1944 ι
670 1924 736 1952 etc.,
752 1925 779 1947 et
795 1920 821 1947 iu
846 1921 879 1948 iis
902 1921 1001 1948 desinit
1017 1930 1024 1948 :

243 1970 253 1986 ι
272 1960 340 1988 Miro
352 1962 428 1990 valde
442 1965 521 1990 modo
535 1965 627 1998 paucis
641 1966 731 1993 verbis
745 1973 891 2001 expressus
901 1971 943 1994 est
958 1967 1027 2002 ignis

241 2006 378 2039 gehennae,
393 2017 403 2034 ι
420 2008 559 2048 desumpta
574 2016 660 2038 estex
675 2011 744 2038 libro
760 2011 1026 2039 Commentariorum

243 2052 397 2089 Hieronymi
417 2055 443 2080 in
473 2054 586 2082 laniant.
616 2055 728 2090 Reliqua
750 2057 929 2091 suppeditavit
947 2062 1027 2092 caput

241 2098 284 2128 ΓΙ,
304 2098 364 2126 libri
382 2107 397 2126 v
425 2099 573 2127 Moralium
589 2100 712 2135 Gregorii
728 2101 828 2136 Magni.

277 2145 412 2172 Decimum
437 2146 575 2173 homiliam
603 2156 654 2174 non
680 2156 740 2175 esse
774 2147 898 2183 Origcuis
925 2147 1016 2174 statim

1075 1555 1230 1589 scripsisse,
1241 1554 1413 1581 transtulisse
1424 1553 1554 1580 declarat.
1571 1552 1599 1580 In
1614 1553 1671 1586 ipso
1688 1552 1863 1579 Scholiorum

1077 1600 1155 1628 titulo
1179 1599 1273 1627 Grazco
1301 1607 1397 1627 nomen
1412 1598 1538 1633 Origenis
1554 1598 1713 1632 neutiquam
1727 1597 1863 1629 otIendas,

1075 1646 1122 1673 sed
1136 1645 1199 1672 illud
1216 1646 1347 1672 duntaxat
1365 1653 1371 1670 :
1394 1645 1567 1679 Ἀνωνύμου
1584 1644 1699 1678 σχόλια
1713 1645 1761 1676 εὶς
1771 1644 1864 1678 εὐχὴν

1077 1691 1234 1725 κυριακήν.
1244 1691 1320 1719 Unde
1332 1691 1366 1718 ab
1378 1691 1435 1726 ipso
1445 1691 1659 1717 Morello'nomcu
1666 1690 1796 1724 Origcuis
1803 1698 1862 1722 sup—

1077 1738 1196 1773 positum
1212 1737 1345 1771 suspicor.
1362 1737 1433 1764 Bene
1449 1743 1514 1763 vero
1528 1741 1570 1763 est
1584 1736 1656 1770 quod
1673 1735 1787 1762 Petrum
1799 1735 1861 1762 Lao-

1076 1785 1213 1811 dicensent
1233 1783 1380 1817 legitimum
1398 1787 1536 1809 auctorem
1557 1790 1590 1808 ex
1610 1781 1791 1808 Bibliotheca:
1816 1782 1862 1808 l'a-

1079 1835 1149 1857 trum
1167 1834 1240 1856 tomo
1253 1829 1343 1863 priore
1357 1829 1558 1862 cognoscimus,
1578 1829 1605 1855 in
1622 1836 1677 1862 quo
1687 1829 1793 1855 scholia
1811 1830 1861 1854 lucc

1076 1876 1104 1902 in
1122 1874 1276 1901 Orationem
1290 1874 1455 1900 Dominicam
1482 1874 1578 1901 Latine
1594 1881 1728 1901 conversa
1741 1882 1805 1900 cum
1816 1874 1862 1900 illis

1080 1920 1208 1947 Germani
1224 1919 1388 1954 patriarchae
1409 1919 1641 1953 Constantinopoli
1665 1919 1815 1952 conjuncta
1839 1921 1860 1945 in

1078 1972 1159 1991 unum
1177 1969 1205 1991 et
1222 1958 1349 1999 permista
1365 1964 1550 1999 reperiuntur.
1564 1964 1645 1998 Atqui
1664 1964 1773 1992 Morelli
1785 1968 1860 1992 codex

1077 2010 1186 2037 Scholia
1203 2010 1231 2037 in
1248 2010 1358 2036 Cantica
1373 2011 1460 2037 eidem
1475 2010 1621 2041 tribuebat,
1640 2010 1684 2037 cui
1704 2015 1733 2037 et
1761 2011 1860 2038 Scholia

1077 2057 1106 2083 in
1119 2055 1273 2083 Orationem
1289 2056 1474 2089 Dominicam;
1487 2060 1514 2083 et
1536 2056 1563 2084 id
1589 2058 1758 2090 persuadere
1781 2063 1861 2092 potest

1077 2102 1140 2136 styli
1156 2102 1317 2129 similitudo.

1114 2147 1181 2174 Vlll.
1195 2147 1234 2174 Ad
1253 2147 1333 2174 ﬁnem
1346 2147 1476 2174 librorum
1490 2147 1559 2182 Περὶ
1577 2147 1680 2183 ἀρχῶν
1701 2149 1786 2176 attexi
1800 2149 1861 2176 Solet

241 2196 380 2224 agnoscet,
398 2192 521 2226 quisquis
541 2200 621 2220 nares
643 2193 776 2220 habuerit.
792 2194 902 2220 Alienus
913 2198 956 2220 est
969 2199 1026 2229 sly-
1043 2185 1065 2212 Ῑ)
1082 2192 1196 2225 libellus,
1213 2193 1256 2226 qui
1273 2192 1427 2220 Lomentum
1445 2193 1567 2228 Origenis
1595 2194 1767 2222 inscribitur.
1785 2194 1861 2228 Hujus

242 2236 283 2263 lus
299 2237 333 2263 ab
349 2236 474 2271 Origene.
492 2238 579 2264 aliena
596 2239 728 2270 clausula.
757 2240 846 2266 aliena
870 2239 1026 2271 schemata,

277 2284 299 2300 "
314 2283 365 2311 lsa.
378 2293 454 2317 XLIII,
469 2285 514 2312 26.
553 2286 575 2302 ‘°
592 2287 686 2313 Matth.
704 2294 749 2317 xv,
763 2286 793 2312 2i
804 2306 812 2317 ,
830 2286 876 2313 22.

277 2343 332 2376 (18)
349 2343 404 2370 Nec
426 2344 502 2371 aliter
520 2345 552 2372 de
566 2346 675 2377 septima
695 2345 858 2378 judicnmns,
881 2349 935 2371 etc.
954 2343 1024 2372 Male

242 2378 399 2409 hicjudicat
414 2379 536 2411 lluelins,
555 2386 584 2406 ut
605 2381 630 2406 itt
647 2380 716 2406 infra
735 2380 994 2407 detnonstrabitnus.

277 2413 333 2449 (19)
349 2412 490 2448 Utramque
515 2419 693 2449 repra'sentot,
718 2417 769 2440 etc.
796 2413 905 2440 Sextatn
930 2414 1023 2441 itidem

241 2449 291 2475 sub
307 2448 432 2480 Origenis
460 2451 568 2476 nomine
598 2454 792 2483 repraesentant
817 2454 934 2483 quatuor
957 2456 1024 2476 mss.

243 2491 313 2518 quos
330 2484 446 2511 vidimus
458 2485 576 2513 codices.
594 2484 661 2510 alter
674 2483 850 2510 Marerinrnnt
863 2484 967 2510 ordinis
980 2483 1026 2510 Ci—

242 2519 410 2551 sto-rciensis,
430 2520 497 2546 alter
523 2519 686 2546 catltedralis
710 2519 833 2545 ecrlcsia:
846 2518 1024 2552 Turonensis,

242 2554 333 2588 etdno
349 2554 523 2581 vetustisimi
539 2554 679 2580 Thuaua-i.
712 2554 916 2588 lleprmsenlant
943 2554 1025 2580 etiam

243 2587 428 2615 Homiliarium
439 2590 472 2615 ab
485 2589 651 2616 Alcuinoscu
661 2587 757 2615 Albino
769 2588 865 2615 Flacco
875 2588 1027 2621 collectum,

243 2623 360 2649 Colonitl‘.
375 2624 477 2650 editum
492 2632 562 2650 anno
578 2623 656 2655 1576,
676 2631 736 2657 pag.
754 2623 816 2652 164.
841 2623 953 2649 alterum
972 2622 1028 2650 Ho-

243 2657 389 2684 milutrium
407 2658 518 2685 Basileae
546 2658 680 2691 vulgatum
698 2667 761 2685 ann.
780 2658 857 2688 i595,
878 2657 924 2686 l'ol.
939 2657 984 2690 40,
1003 2662 1030 2685 ct

244 2692 421 2727 Cumbelisins
435 2692 606 2719 Bilrliotltcca'
624 2694 829 2719 conciounloriiz
845 2697 910 2718 tom.
929 2692 950 2723 Ι,
967 2701 1028 2727 pag.

245 2725 306 2753 740.
326 2726 401 2754 Ιίκιια
420 2736 526 2761 quoque
545 2728 596 2754 sub
617 2727 693 2754 Beda:
712 2728 820 2754 nomine
845 2727 955 2754 exhibet
968 2725 1030 2754 ido-

246 2768 325 2787 tnuns
344 2760 436 2788 noster
458 2760 605 2789 Martcnins
620 2762 749 2789 Thesauri
770 2763 897 2788 Anecdot.
919 2766 984 2788 tom.
996 2760 1030 2793 V,

246 2795 377 2826 eol.5i8,
404 2804 457 2823 tltto
487 2797 596 2829 Maioris
626 2796 778 2824 Monasterii
804 2805 886 2830 prope
907 2796 1030 2824 Turones

247 2830 340 2857 codice
357 2830 450 2865 fultus,
468 2832 512 2866 qui
532 2832 608 2859 Bedes
622 2839 720 2859 nomen
733 2832 758 2858 in
775 2832 863 2859 fronte
875 2831 993 2866 praefert.

1083 2239 1333 2274 interpretationem
1352 2238 1516 2274 Hieronymo
1533 2240 1627 2267 tribuit
1649 2240 1741 2268 Guido
1756 2240 1859 2267 Carme-

1112 2344 1168 2378 (20)
1184 2342 1218 2370 Ut
1234 2351 1298 2373 pene
1311 2343 1441 2377 nﬁirmare
1458 2342 1634 2378 nnsim_unins
1654 2349 1711 2378 esse
1724 2350 1822 2373 omnes,
1839 2347 1859 2378 et

1077 2376 1195 2413 ejusdem
1219 2378 1345 2413 auctoris,
1371 2382 1450 2413 atque
1465 2377 1522 2410 ejus
1540 2376 1739 2413 Latini.‘Pette
1764 2377 1859 2413 erravit

1078 2410 1201 2444 liuetius,
1215 2417 1296 2446 atque
1314 2412 1335 2439 si
1352 2410 1430 2446 plane
1444 2419 1525 2438 ausus
1539 2416 1611 2438 esset
1621 2410 1773 2443 afﬁrmare,
1788 2412 1858 2444 plauc

1078 2453 1206 2476 errasset.
1221 2447 1286 2473 Nam
1301 2447 1411 2474 humilia
1424 2454 1483 2480 qua:
1494 2447 1564 2472 inter
1581 2454 1627 2472 eas
1639 2446 1758 2478 septima
1772 2454 1856 2472 nume-

1079 2490 1164 2515 ratur,
1179 2483 1256 2515 cujus
1269 2487 1368 2508 tantatu
1380 2489 1440 2508 cum
1454 2481 1513 2508 aliis
1521 2481 1728 2515 congruentiam
1748 2486 1775 2507 et
1788 2481 1856 2507 sinti-

1080 2519 1219 2545 litudiuem
1234 2525 1294 2544 esse
1310 2518 1358 2546 ait.
1378 2516 1511 2550 ipsissima
1529 2521 1570 2543 est
1587 2515 1707 2546 homilia,
1724 2516 1764 2541 vel
1779 2517 1856 2550 potius

1081 2561 1143 2587 pars
1150 2552 1265 2580 homilite
1273 2553 1305 2578 de
1313 2551 1476 2587 tlhatiatnca,
1486 2558 1566 2584 quam
1577 2550 1748 2587 Mabillonius
1757 2550 1854 2577 ettnulti

1081 2585 1141 2622 post
1154 2596 1214 2615 eum
1228 2587 1373 2613 Laurenio
1383 2585 1539 2622 blot'ariensi
1551 2586 1688 2622 episcopo,
1702 2585 1749 2611 alxi
1758 2587 1853 2622 presby-

1084 2620 1157 2655 iero,
1170 2623 1215 2649 alii
1227 2622 1372 2649 Laurentio
1386 2620 1521 2653 Mellilluo,
1538 2620 1581 2646 alii
1593 2620 1787 2655 Mediolanrnsi
1800 2621 1855 2646 falso

1086 2659 1254 2687 tribuerunt:
1275 2664 1355 2690 quam
1381 2663 1445 2681 vero
1460 2656 1574 2682 domnus
1587 2660 1679 2681 n051er
1694 2654 1854 2681 hlontelalco-

1083 2693 1144 2719 nius
1158 2693 1187 2719 S.
1203 2689 1398 2726 Chrysostomo
1422 2690 1494 2726 jure,
1513 2695 1539 2716 et
1567 2689 1665 2716 merito
1690 2690 1852 2726 adiudicavit.

1084 2727 1160 2754 Hanc
1179 2723 1391 2754 enint'contulit
1419 2725 1541 2752 eruditus
1555 2726 1595 2750 vir
1623 2732 1686 2751 cntn
1712 2723 1807 2751 Graeco
1829 2723 1851 2749 S.

1083 2760 1271 2796 Chrysostonti
1301 2765 1440 2789 contextu.
1472 2765 1499 2786 et
1518 2759 1628 2796 reperit
1652 2765 1739 2792 atque
1757 2759 1853 2796 monuit

1084 2793 1185 2824 meram
1205 2804 1264 2823 eam
1284 2804 1343 2822 esse
1356 2795 1617 2828 interpretationem,
1632 2801 1680 2820 seu
1706 2794 1795 2828 potius
1811 2793 1854 2820 ira-

1084 2836 1220 2865 glnentum
1234 2831 1351 2860 homilw:
1368 2830 1467 2857 Grates:
1482 2831 1514 2857 de
1527 2829 1690 2857 Chananeus.
