1908 3071
31 121 106 150 1'58!

614 118 898 148 ORIGEMANORUM
919 117 1100 147 APPENDIX.

1591 117 1659 145 19.εὲ

32 181 99 213 lita,
131 181 158 208 in
184 180 280 208 haeresi
307 180 544 216 Origenlstarum;
574 179 669 207 tribuit
691 183 718 207 et
737 179 819 206 editio
833 181 854 210 Α
870 186 914 205 ras
936 179 1059 211 relatam,
1076 182 1104 206 et
1117 177 1192 213 operi
1208 185 1258 206 suo
1276 177 1347 212 Περὶ
1363 177 1441 211 ὕλης
1457 177 1599 204 intextam.
1613 176 1657 203 Fi-

29 226 154 259 Merlini,
166 232 193 254 et
204 227 289 254 codex
300 234 385 254 manu
394 231 520 254 exaratus
531 225 704 253 Bibliotheca.
720 225 820 260 Regia.

29 273 89 300 Sed
104 278 200 301 contra
215 274 355 306 Erasmus,
369 283 379 300 ι
396 273 556 300 Lamentqu
582 272 645 305 hoc,
659 272 758 306 inquit,
771 278 821 299 uec

33 321 71 346 ab
88 319 208 355 Origene
224 320 356 354 scriptum
370 324 422 352 est,
443 327 493 346 nec
518 319 552 345 ab
576 318 740 353 Hieronymo
761 325 823 345 ver-

30 373 109 398 sum,
124 366 171 393 sed
190 365 347 400 figmentum
363 370 405 393 est
418 365 531 400 alicujus
555 364 669 395 indocti.
694 364 740 399 qui
762 369 820 391 stu-

28 412 126 438 duerit
139 411 291 445 huiusmodi
303 411 395 438 colore
407 410 553 444 Origenetu
569 409 710 436 infamare.
733 408 820 436 Simili

28 456 152 484 artiﬁcio
167 457 302 484 tinxerant
311 456 451 491 epistolam
464 455 620 491 Hieronymi
634 454 721 487 titulo,
733 455 758 481 iu
767 461 819 488 qua

30 503 198 537 deplorabat
212 503 284 537 quod
294 502 439 537 aliquando
451 510 512 529 cum
530 501 644 536 Origene
658 500 814 528 sensissem

30 549 66 575 Et
86 548 212 576 Gelasius
228 549 253 575 in
270 549 385 576 concilio
402 547 548 575 Romano:
568 555 577 573 ι
603 546 683 574 Liber
704 546 750 581 qui
773 553 820 580 ap-

32 594 155 628 pellatur
170 594 208 621 De
222 594 373 626 paenitentia
391 593 522 628 Origem's,
542 593 723 628 apocryphus.
742 601 751 618 ι
770 591 820 618 Mi-

29 648 94 668 rum
114 640 204 675 itaque
222 641 281 667 sine
302 640 429 667 falsitatis
444 644 505 666 uota
520 647 536 666 a
558 638 688 674 theologis
707 637 817 673 quibus-

29 687 93 713 dam
122 686 220 713 librum
247 686 318 713 hunc
346 692 536 719 nonnunquam
575 684 602 711 in
634 683 818 711 testimonium

29 733 126 764 citari,
142 737 169 760 et
186 733 255 760 inter
268 732 383 767 genuina
405 731 529 766 Origeuis
542 737 625 765 opera
641 737 656 756 a
676 729 819 757 Vincentio

29 779 219 807 Bellovaceusi
239 778 331 813 reponi
346 777 423 810 Spec.
438 777 525 804 δοσιν.
537 776 585 804 lib.
598 783 675 808 xvur,
694 782 754 810 cap.
773 775 817 802 45.

29 825 82 852 llic
106 831 173 851 vero
208 823 320 851 ridenda
343 827 386 850 est
416 821 573 849 heterodoxi
596 821 736 856 cujusdam
766 820 816 847 hu-

30 871 75 905 ius
90 869 181 898 aitatis
197 868 340 902 supinitas,
352 868 398 902 qui
423 866 583 894 Lamentum
605 865 714 901 Origeni
735 865 820 892 ascri-

29 922 123 950 ptum,
139 923 155 943 a
169 915 240 943 libro
253 914 292 942 De
305 913 456 950 paenitentia
471 912 607 940 diversum
622 911 687 947 quid
697 918 757 939 esse
770 918 819 946 pu-

30 963 111 990 tavit.

64 1009 114 1037 rx.
137 1007 277 1043 Dialognm
296 1006 334 1034 De
357 1005 505 1034 orthodoxa
523 1004 586 1039 ﬁde,
603 1004 649 1039 qui
672 1007 700 1032 et
724 1008 819 1030 contra

33 1055 230 1084 Marcionistas
253 1053 363 1081 inscribi
376 1052 454 1084 solet,
467 1051 575 1086 Origeni
591 1050 715 1078 tribuere
725 1050 820 1077 viden-

34 1108 80 1129 tur
94 1101 215 1129 Basilius
245 1105 274 1128 et
292 1099 439 1133 Gregorius
451 1097 649 1125 Nazianzenus.
664 1095 730 1123 Cum
748 1095 819 1122 enim

28 1157 62 1176 ex
80 1148 211 1183 operibus
224 1153 298 1174 mere
328 1144 498 1179 Origeniauis
516 1142 691 1170 Philocaliam
701 1141 821 1169 conflare

30 1202 61 1222 se
79 1193 199 1229 professi
217 1193 283 1224 sint,
301 1191 481 1226 fragmentum
495 1197 510 1218 e
526 1195 602 1224 parte
622 1188 702 1216 tertia
716 1186 818 1222 Dialogi

30 1241 114 1269 istius
126 1241 315 1274 depromplunt
329 1239 355 1266 iu
372 1237 548 1264 Pltilocaliam
563 1235 749 1270 coniecerunt.
767 1234 821 1261 Ita-

30 1295 89 1322 que
104 1286 180 1314 illurn
196 1293 257 1313 esse
269 1284 395 1320 Origenis
409 1283 557 1311 credidisse
571 1282 630 1309 illos
646 1280 820 1317 perspicuum

30 1339 88 1362 est.
104 1333 140 1360 At
157 1331 293 1359 inducitur
304 1331 329 1358 in
347 1338 380 1357 eo
403 1329 513 1364 Dialogo
533 1327 662 1363 Origenes
680 1326 820 1363 probatam

31 1380 58 1406 in
87 1378 210 1406 Ecclesia
236 1377 269 1404 de
295 1376 394 1403 tunicis
414 1375 534 1410 pelliceis
548 1373 654 1406 Adami,
671 1378 699 1401 et
713 1375 746 1401 de
760 1380 820 1400 cor-

31 1433 102 1460 pore
118 1426 236 1452 humano
264 1427 292 1450 et
313 1422 413 1452 anima.
432 1422 519 1456 deque
536 1419 737 1447 resurrectione
759 1426 822 1447 sen-

31 1472 149 1500 tentiam
161 1476 350 1506 propugnans;
364 1475 424 1495 cum
437 1467 488 1494 alia
501 1466 620 1495 sensisse
634 1467 721 1500 ipsum
738 1472 820 1500 supra

31 1517 247 1547 ostenderimus.
275 1514 352 1543 Unde
376 1513 470 1548 opella:
493 1513 572 1547 hujus
597 1512 717 1546 scriptor
733 1511 820 1539 neuti-
834 1529 855 1558 c

30 1571 117 1598 quam
141 1562 215 1590 credi
243 1565 341 1595 potest.
365 1559 499 1587 Praeterea
523 1557 557 1585 ad
581 1557 660 1584 linem
679 1555 821 1590 fragmenti

31 1608 118 1643 hujus
132 1607 204 1642 quod
220 1605 376 1633 Pltilocalia:
393 1605 524 1632 insertum
543 1607 595 1634 est,
608 1601 735 1629 Scholion
752 1601 822 1628 istud

30 1654 151 1689 reperiri
163 1653 232 1680 solet
245 1661 252 1679 :
264 1651 356 1679 Ταῦτα
372 1650 425 1677 ἀπὸ
443 1649 490 1676 τοῦ
505 1647 526 1681 ζ’
541 1648 620 1682 λόγου
630 1647 681 1682 τῆς
692 1646 822 1673 Εὑσεὸίου

30 1700 82 1728 τοῦ
92 1699 236 1735 Παμφίλου
247 1696 452 1732 Εὐαγγελικῆς
459 1693 710 1730 προπαρασκευῆς
720 1701 823 1729 παρεκ-

32 1746 178 1782 ϐέὸληται,
196 1745 322 1781 Μαξίμου
337 1744 365 1770 δέ
380 1744 459 1775 εἰσιν,
470 1742 507 1774 ὥς
522 1749 603 1777 φησιν
616 1742 631 1768 ό
646 1740 727 1772 αὐτὸς
738 1740 823 1767 Εὐσέ-

32 1795 106 1826 6ιος,
118 1794 169 1820 οὐκ
183 1793 291 1827 ἀσήμου
308 1791 337 1817 ὲν
350 1791 407 1822 τοῖς
423 1788 595 1825 Χριστιανοῖς
621 1786 803 1822 συγγραφέως
814 1794 822 1802 ·

31 1839 177 1872 αὒτολεξεὶ
196 1839 224 1865 δὲ
239 1837 352 1874 εὓρηται
367 1836 453 1863 ταῦτα
464 1835 577 1871 κειμενα
594 1834 642 1861 καὶ
658 1835 687 1861 ἐν
699 1833 738 1868 τῷ
758 1833 824 1868 Ὠρι-

30 1887 133 1922 γένους
148 1885 216 1921 πρὸς
232 1882 452 1920 Μαρκιωνιστὰς,
475 1881 522 1908 καὶ
548 1880 644 1911 ἄλλους
668 1878 822 1915 αἱρετικοὺς

31 1933 165 1967 διαλόγῳ,
177 1930 328 1966 Εὑτροπίου
352 1928 518 1961 δικάζοντος.
531 1926 666 1961 Μεγεθίου
683 1926 711 1953 δὲ
721 1924 825 1952 ἀντιλέ-

31 1988 144 2016 γοντος.
159 1988 169 2004 t
188 1977 249 2005 Htec
261 1985 276 2004 e
289 1976 403 2010 septimo
423 1975 492 2002 libro
507 1973 671 2008 Iit-angelica:
694 1979 825 2006 prepara-

32 2026 118 2054 tionis
130 2024 238 2052 Eusebii
254 2022 386 2057 Pamphili
411 2021 569 2056 deprompta
589 2023 663 2046 sunt.
680 2017 751 2045 Stult
776 2024 825 2044 au-

34 2078 91 2100 tem
117 2071 237 2102 Maximi,
266 2074 296 2096 ut
320 2068 359 2095 ait
381 2068 438 2102 ipse
461 2066 604 2097 Eusebius,
626 2071 677 2091 non
699 2062 824 2097 ignobilis

34 2120 112 2146 inter
139 2116 310 2145 Christianos
328 2113 481 2148 scriptoris.
502 2111 625 2139 Totidem
651 2117 716 2137 vero
736 2108 825 2136 verbis

34 2163 143 2198 scripta
158 2169 190 2189 ea
206 2160 381 2188 inveniuntur
391 2158 418 2185 iu
431 2156 558 2192 Origenis
570 2156 700 2183 adversus
711 2153 825 2181 Marcio-

871 225 932 252 dem
952 224 993 251 his
1002 224 1210 258 conciliatquod
1227 229 1319 251 narrat
1332 223 1520 251 Eusebiuslib.
1533 230 1559 250 vt
1575 222 1658 254 Hiu.,

871 279 931 306 cap.
957 272 1003 302 35,
1024 271 1058 299 ab
1074 271 1161 298 relatis
1177 277 1232 298 suae
1256 270 1428 305 presbyteris
1447 276 1528 303 quam
1544 269 1657 302 plu-ima

870 319 904 346 de
918 317 1035 353 Origene
1053 317 1163 353 scriptis
1179 316 1262 344 fuisse
1283 317 1402 349 tradita;
1423 321 1448 344 et
1464 316 1534 350 quod
1554 315 1657 349 Dialogi

871 364 987 399 scriptor
1003 371 1080 399 reges
1098 364 1229 399 quosdam
1244 362 1345 390 Christi
1367 362 1446 389 fidem
1463 361 1613 396 amplexos,
1631 365 1659 388 et

871 410 969 444 templa
993 410 1163 437 ethnicorum
1183 416 1245 436 curn
1270 408 1349 435 idolis
1371 415 1464 435 eversa
1491 413 1658 434 commemo-

871 461 928 489 rat;
956 456 1023 483 nihil
1053 457 1126 483 enim
1164 455 1315 490 hujusmodi
1343 453 1468 489 Origeuis
1494 453 1658 488 temporibus

870 502 1001 537 contigit,
1024 502 1071 529 sed
1095 500 1262 528 Constantini
1291 509 1298 528 :
1325 499 1395 527 unde
1420 499 1529 526 Maximi
1550 503 1656 526 attatem

870 548 957 583 possis
977 548 1114 583 colligere.
1132 547 1191 583 (2|)
1209 546 1316 574 Fefellit
1342 546 1458 573 fortasse
1482 544 1610 572 Basilium
1630 547 1658 572 et

871 593 1031 628 Gregorium
1047 593 1148 628 Dialogi
1164 593 1255 620 titulus
1272 599 1369 619 nomen
1393 590 1546 618 Adamantii
1562 589 1659 624 praefe-

870 646 942 670 rens,
961 638 1033 672 quod
1051 638 1077 664 in
1095 645 1127 665 eo
1154 637 1255 672 primas
1277 641 1366 671 partes
1388 640 1484 663 tractet
1507 634 1656 669 Origenes;

869 683 1094 718 quemadmodum
1125 682 1200 710 Laelii
1217 687 1244 709 et
1260 682 1371 710 Catonis
1386 682 1495 709 nomina
1512 680 1658 715 pralferuut

871 729 972 762 Dialogi
997 730 1030 756 de
1053 729 1191 761 amicitia;
1213 732 1239 755 et
1258 728 1291 756 de
1308 732 1450 755 senectute
1479 734 1531 754 non
1554 727 1624 761 quod
1642 734 1657 753 a

869 774 973 802 Catone
1010 774 1052 802 vel
1078 773 1162 802 Lalio
1186 773 1278 809 seripti
1302 773 1367 805 sint,
1391 773 1438 800 sed
1465 772 1535 807 quod
1564 772 1658 807 primae

870 821 935 856 ipsis
958 825 1049 856 partes
1074 820 1237 848 tribuantur.
1265 819 1415 846 Mirandum
1441 825 1522 852 porro
1539 826 1591 844 uon
1616 822 1659 845 est

871 866 1105 901 interloquentiutu
1128 873 1304 901 personarum
1319 865 1427 892 nomina
1446 872 1534 899 neque
1559 865 1585 892 in
1604 864 1658 892 Eu-

870 914 956 945 sebio.
980 920 1068 948 neque
1089 912 1116 940 in
1141 911 1287 939 Philocalia
1309 918 1490 946 comparere:
1514 919 1575 938 uatn
1594 919 1657 938 cum

871 959 988 991 rubrica,
1008 959 1095 986 aliove
1107 958 1199 986 colore
1218 957 1347 993 ejusmodi
1365 957 1472 985 uomiua
1490 962 1517 985 et
1531 957 1657 985 lemmata

869 1004 988 1032 solerent
1003 1003 1145 1039 distingui,
1159 1011 1174 1030 a
1187 1003 1305 1031 librariis
1319 1010 1505 1038 saepenumero
1516 1003 1658 1031 distinctio

870 1051 928 1079 haec
943 1050 1128 1083 omittebatur,
1138 1050 1180 1077 vel
1198 1057 1247 1085 per
1263 1050 1405 1082 incuriam,
1423 1049 1465 1077 vel
1482 1051 1572 1085 p0tius
1586 1051 1658 1085 quod

870 1105 930 1124 em
947 1097 972 1124 in
990 1097 1159 1124 commodius
1176 1095 1329 1130 rejicieutes
1342 1101 1458 1131 tempus,
1474 1096 1581 1130 penitus
1597 1101 1658 1123 tan-

870 1141 942 1172 dem,
973 1141 1097 1168 obliviosi
1123 1141 1222 1175 quippe
1248 1141 1380 1173 homines,
1405 1141 1656 1176 praetermitterent.

872 1186 1007 1221 Duplicem
1024 1186 1218 1213 lucubrationis
1238 1186 1317 1220 hujus
1334 1185 1582 1220 interpretationem
1603 1185 1656 1213 La-

872 1232 927 1259 tina
948 1231 1113 1259 Genebrardi
1139 1231 1243 1266 profert
1268 1231 1361 1263 editio,
1385 1230 1498 1258 alteram
1523 1231 1655 1259 Joachimi

871 1276 999 1309 Perionii,
1009 1276 1146 1304 Laurentii
1165 1276 1298 1304 llumfridi
1314 1276 1437 1303 alteram.
1449 1275 1509 1303 Alia
1525 1281 1656 1311 praeterea

870 1330 886 1350 a
902 1322 1005 1350 Joanne
1025 1322 1090 1350 Pico
1116 1329 1241 1350 senatore
1260 1321 1403 1349 Parisieusi
1422 1321 1564 1349 lucubrata
1587 1328 1660 1350 anno

871 1367 951 1400 i556,
967 1374 1090 1395 seorsum
1103 1368 1174 1395 edita
1188 1371 1289 1395 exstat.

907 1412 942 1439 Χ.
967 1412 1055 1440 Alium
1080 1420 1148 1444 suo,
1176 1411 1356 1446 Origeuisque
1383 1412 1494 1440 nomine
1517 1411 1658 1447 Dialogum

871 1463 1051 1494 supposuerat
1073 1457 1216 1486 haereticus
1236 1458 1356 1492 quidam,
1379 1465 1487 1485 omnem
1508 1457 1571 1485 licet
1596 1465 1659 1485 cum

872 1511 904 1533 eo
926 1503 1028 1539 Ephesi
1047 1502 1118 1530 forte
1142 1503 1193 1530 sibi
1219 1502 1277 1530 viso
1293 1510 1468 1538 congressum
1484 1510 1518 1530 ac
1536 1503 1659 1539 disputa-

875 1552 974 1579 tionem
1002 1551 1190 1577 detrectasset.
1216 1548 1355 1576 Fictiliatn
1380 1548 1554 1583 scriptionem
1586 1549 1660 1577 misit

874 1597 987 1625 Romam
1004 1595 1038 1623 ad
1056 1602 1121 1623 suos
1140 1595 1297 1629 discipulos,
1319 1595 1474 1630 passimque
1494 1595 1659 1623 dissemina-

876 1644 925 1674 vit,
949 1647 976 1670 ct
998 1641 1159 1672 Antiochiae.
1182 1641 1339 1675 priusquam
1358 1641 1421 1668 illuc
1440 1642 1581 1668 accederet
1597 1639 1660 1668 Ori-

873 1697 967 1726 genes,
982 1688 1017 1716 ob
1034 1688 1128 1715 falsam
1142 1687 1283 1714 victoriam
1300 1686 1392 1714 inanes
1411 1687 1466 1722 egit
1480 1687 1631 1721 triumphos
1649 1695 1658 1714 :

875 1743 935 1762 mox
955 1742 1018 1762 vero
1035 1738 1064 1761 ut
1084 1731 1171 1760 adfuit
1189 1732 1376 1763 Adamantius,
1399 1731 1516 1758 hominis
1533 1731 1659 1758 cotttudit

874 1783 1056 1815 proterviatu,
1080 1785 1106 1806 et
1137 1777 1285 1805 vanitatem
1315 1777 1467 1805 manifestis
1490 1777 1659 1813 argumentis

874 1827 1001 1855 convicit.

910 1873 956 1901 XI.
975 1872 1055 1900 Falso
1070 1877 1177 1907 quoque
1191 1869 1342 1905 pmscrihit
1355 1868 1405 1896 sibi
1421 1875 1519 1896 nomen
1535 1866 1660 1903 Origeuis

873 1920 979 1949 libellus
1001 1919 1124 1955 quidatn,
1145 1917 1190 1952 qui
1214 1915 1433 1951 philosophorum
1454 1919 1543 1942 sectas
1564 1921 1596 1941 ac
1613 1914 1661 1941 do-

875 1972 965 2002 gmata
990 1970 1126 1998 recenset,
1142 1969 1170 1992 et
1189 1962 1343 1999 Ὠριγένους
1359 1959 1573 1996 φιλοσοφούμενα
1593 1959 1663 1988 solet

873 2011 1011 2048 appellari.
1028 2010 1135 2038 Primus
1157 2014 1247 2037 autem
1273 2009 1317 2036 hic
1339 2012 1381 2035 est
1407 2007 1477 2034 liber
1501 2006 1657 2041 grandioris

873 2059 974 2094 operis,
991 2065 1045 2092 quo
1059 2057 1178 2084 hzereses
1191 2062 1285 2083 omnes
1297 2053 1477 2082 confutandas
1493 2057 1587 2079 auctor
1605 2052 1659 2080 sibi

874 2107 1069 2140 proposuerat,
1094 2102 1165 2137 quod
1196 2108 1229 2128 ex
1256 2099 1389 2135 dogmatis
1418 2097 1658 2133 philosophorum,

876 2152 1015 2178 htercseon
1030 2154 1120 2183 pestes
1137 2147 1194 2175 fere
1212 2146 1338 2182 profecta:
1353 2145 1425 2177 sint;
1444 2143 1540 2178 hisque
1550 2142 1660 2170 convel-

34 2188 139 2240 nistas,
153 2207 276 2240 aliosque
291 2204 434 2232 lueretieos
446 2188 566 2236 Dialogo,
580 2206 676 2236 agente
686 2200 823 2235 Eutropio,
840 2208 864 2238 ι)
877 2197 965 2224 lendis
984 2195 1057 2222 utilis
1083 2195 1119 2222 sit
1143 2193 1249 2221 illorum
1275 2191 1438 2219 eonfutatio.
1456 2190 1579 2217 Larvatae
1598 2188 1661 2215 huic

34 2255 203 2284 defendente
212 2252 357 2286 Megethio.
373 2259 383 2277 ι
396 2249 502 2277 Revera
515 2247 646 2275 Eusebius
660 2247 730 2274 libro
739 2254 774 2273 vu
788 2245 825 2273 De

33 2297 332 2335 prmparat.evangelic.
343 2296 524 2331 fragmentum
537 2294 562 2321 id
572 2294 763 2325 exbibet,etex
771 2292 825 2319 Ma-

36 2348 105 2375 ximi
125 2346 195 2373 libro
217 2344 286 2378 Περὶ
303 2343 381 2377 ὕλης
399 2349 460 2370 sese
474 2345 626 2368 mutuatum
650 2346 711 2367 esse
730 2338 824 2366 tradit.

34 2394 116 2422 Utris
124 2396 217 2419 autem
228 2391 289 2426 plus
301 2390 450 2417 habeamus
465 2387 536 2416 fidei.
543 2386 643 2413 Basilio
650 2385 824 2419 etGregorio,

34 2446 107 2475 opus
119 2438 148 2465 id
158 2436 266 2472 Origeni
276 2433 475 2465 tribuentibus;
487 2440 520 2460 an
531 2431 646 2459 Eusebio
657 2431 727 2458 idem
742 2429 822 2457 Maxi-

35 2494 84 2514 mo
95 2482 260 2519 assignauti,
280 2481 471 2516 ambigendum
487 2486 541 2506 non
558 2481 600 2505 est
613 2486 620 2503 :
634 2484 705 2512 saepe
727 2476 826 2511 quippe

35 2530 208 2560 ostendimus
220 2528 353 2556 nemiuem
362 2526 389 2553 iu
397 2523 599 2560 perscrutaudis
606 2522 732 2558 Origeuis
746 2523 826 2550 rebus

37 2582 147 2606 tantum
162 2575 319 2602 adhibuisse
332 2579 405 2600 etme
420 2576 449 2598 et
460 2569 587 2602 solertiae,
600 2572 728 2603 quantam
747 2567 826 2594 adhi—

36 2624 99 2652 buit
108 2621 251 2649 Eusebius.
260 2619 322 2646 Veri
332 2624 423 2645 autent
441 2617 530 2644 simile
540 2621 582 2644 est
593 2614 714 2642 habitam
732 2620 825 2640 revera

38 2670 128 2696 fuisse
144 2666 253 2702 Origeni
272 2673 331 2693 cutn
349 2663 492 2698 Megethio,
511 2662 613 2693 Marco,
636 2660 752 2694 aliisque
769 2659 825 2686 ha:-

38 2715 135 2743 reticis
151 2712 379 2741 concertationem
391 2718 398 2742 ;
410 2714 438 2736 at
450 2716 466 2736 a
478 2708 596 2735 Maximo
604 2707 701 2734 deinde
713 2706 739 2732 in
755 2705 828 2733 litte-

78 2794 136 2834 (21)
157 2792 261 2834 efellit
275 2791 388 2834 {pyri-titus
402 2783 828 2834 Bajritiuntmethtllregﬁig‘r:

39 2819 353 2866 Ιυδῖἱίιιι-ζιιέέςιοίνίὁο
365 2823 553 2866 quae-diximus
564 2819 826 2866 degl‘nocceADialp-go,

41 2854 277 2898 tein.‘l,7Przefat.,
294 2869 353 2897 pag.
369 2854 412 2893 i2,
430 2858 471 2892 15,
484 2857 548 2884 etin
564 2855 748 2883 admonitione
765 2854 828 2881 huic

877 2242 1018 2278 scriptioni
1042 2247 1186 2276 personam
1210 2239 1357 2266 detrahunt
1385 2236 1426 2264 vel
1453 2235 1534 2263 verba
1567 2235 1661 2262 isthmc

877 2297 937 2325 quae
952 2292 1061 2316 exstant
1072 2287 1098 2314 in
1114 2285 1245 2322 prommio
1260 2293 1267 2311 :
1280 2284 1372 2312 Ταῦτα
1381 2283 1409 2310 δὲ
1424 2283 1516 2318 ἕτερος
1528 2282 1578 2308 οὐκ
1587 2280 1663 2325 ὲλιγς

876 2321 928 2369 έει,
945 2334 962 2370 ἦ
977 2333 1007 2360 τὸ
1020 2334 1049 2360 ὲν
1073 2330 1221 2366 Ἐκκλησία
1234 2329 1385 2365 παραδοθὲν
1399 2329 1475 2363 ἅγιον
1495 2327 1618 2363 Πνεῦμα,
1631 2321 1663 2353 οὗ

876 2381 1055 2417 τυγχάνοντες
1080 2377 1211 2413 πρότερον
1223 2377 1249 2402 οι
1276 2375 1419 2402 ἀπόστολοι
1442 2374 1586 2410 μετέδοσαν
1606 2373 1662 2403 τοῖς

876 2427 964 2465 ὀρθῶς
979 2422 1201 2453 πεπιστευκόσιν·
1210 2417 1247 2448 ὧν
1261 2422 1340 2456 ἡμεῖς
1347 2420 1462 2455 διάδοχοι
1473 2419 1662 2454 τυγχάνοντες,

877 2476 928 2511 τῆς
951 2482 982 2501 τε
1006 2472 1091 2507 αὐτῆς
1106 2471 1217 2506 χάριτος
1239 2468 1407 2503 μετέχοντες,
1422 2466 1614 2503 ἀρχιερατειας
1634 2472 1664 2491 τε

876 2521 923 2548 καὶ
932 2517 1114 2549 διδασκαλίας,
1129 2516 1176 2542 καὶ
1189 2514 1302 2550 φρουροὶ
1315 2514 1364 2548 τῆς
1381 2513 1542 2549 Ἐκκλησιας
1560 2512 1664 2549 λελογι-

879 2568 982 2603 σμένοι,
991 2566 1040 2592 οὐκ
1047 2559 1361 2599 ὀφθαλμῷνυστάξομεν.
1368 2558 1432 2586 Haec
1442 2564 1528 2586 autem
1536 2567 1587 2586 non
1598 2558 1665 2585 alim

879 2616 1012 2648 conrguet,
1022 2618 1102 2646 quam
1116 2608 1230 2635 traditus
1243 2606 1270 2634 in
1283 2605 1401 2632 Ecclesia
1415 2604 1532 2639 Spiritus
1541 2609 1664 2631 sanctus:

879 2665 954 2694 quem
972 2664 1031 2683 cum
1047 2654 1170 2690 primitur
1184 2651 1342 2685 acrepiuent
1362 2648 1485 2683 apostoli,
1502 2648 1535 2674 iit
1549 2655 1666 2674 commu-

881 2705 1003 2732 nicatunt
1023 2701 1069 2737 qui
1089 2704 1157 2728 recte
1180 2698 1213 2726 de
1227 2697 1280 2725 Deo
1300 2695 1443 2723 sentiebant
1460 2701 1469 2720 :
1485 2700 1596 2728 quorum
1619 2700 1666 2719 nos

880 2781 958 2821 operi
987 2778 1098 2816 praefixa
1124 2784 1185 2813 pag.
1215 2775 1287 2808 800,
1313 2773 1363 2802 801
1393 2777 1421 2800 et
1458 2770 1511 2799 ΒΩ
1545 2769 1666 2805 ejusdem

882 2823 958 2846 101111.
