1908 3071
266 123 333 152 1⁴³83

265 192 324 210 cum
341 191 503 210 successores
514 183 607 214 timus,
626 187 650 209 et
663 183 778 217 ejusdem
790 183 883 218 gratia-
897 184 1047 218 participes,

265 237 362 256 nemon
377 229 552 263 episcopatus,
566 233 591 255 et
607 229 764 262 magisterii,
783 234 806 255 et
824 230 942 255 custodes
960 229 1048 256 Eccle-

264 275 310 301 site
325 274 448 308 reputati,
463 282 513 300 non
525 274 607 301 oculis
622 282 668 309 per
680 275 828 301 socordiam
837 275 1046 302 dormitabimus.

265 320 344 354 Atqui
366 327 415 347 nec
435 320 563 347 Ecclesia:
584 325 676 348 custos
700 321 842 356 Origenes.
869 329 918 348 nec
942 321 1048 355 episco-

265 373 314 398 pus
332 366 392 392 fuit.
419 366 566 400 Episcopus
587 371 675 393 autem
699 367 748 393 fuit
770 366 945 401 Epiphanius,
967 370 994 393 et
1018 366 1050 393 li-

264 411 341 438 brum
362 413 471 446 scripsit
486 414 519 439 de
542 413 691 440 hzeresibus
704 421 711 440 :
725 413 796 439 unde
811 421 863 439 non
884 413 970 439 inanis
983 420 1048 440 con-

262 458 367 492 jectura
385 459 500 486 sumitur
521 459 572 486 hoc
594 465 662 493 opus
688 459 719 486 ad
747 459 833 494 ipsum
848 466 910 486 esse
930 458 1050 486 referen-

265 502 338 529 dum.

260 556 263 569 δ
301 548 356 575 χιι.
369 548 499 575 Libellum
519 548 557 575 De
569 548 752 584 singularitate
763 548 919 575 clericorum
937 547 1047 583 Origeni

265 593 363 620 addicit
378 598 453 621 vetus
470 595 553 621 codex
572 593 660 629 Regia:
675 594 853 621 Bibliotheca.
869 593 1003 621 Addiennt
1022 597 1050 620 et

265 639 412 666 Landulfus
430 648 444 666 a
462 640 592 666 Columna
619 640 645 666 in
674 639 811 667 Breviario
826 639 971 672 historiali,
996 639 1048 666 La—

265 685 373 712 ziardus
387 684 561 717 leestinus,
581 686 735 713 Antoninus
760 690 787 713 et
809 685 965 713 Vincentius
993 686 1050 713 Bel-

266 731 427 761 lovaeencis,
445 738 512 765 quos
529 735 651 757 recenset
670 730 819 762 Pamelius;
839 735 866 758 et
881 731 980 765 quibus
993 731 1050 764 ipse

265 775 391 808 succinit,
405 783 464 801 cum
488 775 514 802 in
531 775 691 802 Prasfatione
710 775 742 802 ad
758 775 865 802 tertium
879 780 979 802 tomum
996 775 1048 811 Cy-

266 820 365 854 priani,
381 824 436 846 tum
450 819 476 846 in
492 825 650 854 argumento
664 819 724 846 libri
736 820 804 854 ejus,
818 825 845 846 et
857 819 883 846 in
895 820 1050 847 adnotatio-

266 866 347 893 nibus
359 866 391 892 ad
409 870 489 900 caput
501 866 618 900 primum
634 866 694 893 libri
710 865 871 893 Tertulliani
897 865 936 892 De
959 866 1051 893 exhor-

265 911 362 938 tatione
376 911 515 938 castitatis.
539 911 592 938 Sed
608 912 738 938 reclamat
759 911 902 944 Baronius,
913 912 984 946 quod
999 912 1049 938 hoc

265 963 348 990 opere
370 955 528 983 feminarum
550 957 756 984 contubernium
773 957 879 984 clericis
904 957 1050 984 interdico-

267 1007 327 1034 tur;
345 1009 405 1030 cum
419 1003 490 1029 inter
504 1002 628 1029 mulieres
642 1007 668 1029 et
684 1002 786 1037 puellas
800 1002 930 1037 Origenes
942 1002 1052 1030 assidue

266 1048 302 1075 sit
319 1053 504 1075 conversatus.
527 1047 608 1074 Addit
631 1047 656 1074 id
674 1047 755 1075 fuisse
771 1055 860 1075 causa;
871 1056 920 1076 cur
933 1049 1050 1082 scriptus

267 1094 301 1121 ab
316 1093 476 1120 Adamantio
493 1093 542 1120 iste
560 1093 627 1120 liber
640 1094 761 1121 creditus
785 1093 830 1126 sit,
849 1093 921 1128 quod
939 1098 1049 1129 sponta-

267 1146 344 1166 neam
371 1140 565 1166 castrationem
591 1147 642 1167 non
664 1140 872 1175 improbaverit;
897 1147 978 1175 atque
1000 1142 1050 1167 hoc

267 1185 337 1212 idem
361 1191 550 1220 argumentum
578 1187 718 1220 usurpavit
743 1187 878 1214 Pamelius
899 1197 906 1214 :
925 1197 934 1213 α
957 1187 1048 1222 Atqui,

266 1231 353 1266 inquit
370 1231 511 1264 Baronius,
527 1232 675 1259 debuerunt
696 1232 722 1259 hi
738 1233 894 1260 meminisse
915 1233 1001 1267 aliqua
1016 1241 1049 1261 ex

267 1282 344 1312 parte
366 1277 501 1303 laudatum
521 1284 629 1312 quoque
655 1285 670 1304 a
697 1277 810 1305 Domino
833 1278 950 1305 villicum
976 1279 1047 1306 illmn

267 1322 427 1356 iniquitatis,
440 1329 500 1348 cum
515 1321 613 1356 alioqui
629 1322 698 1349 idem
713 1329 807 1350 auctor
819 1323 851 1350 de
874 1324 915 1350 his
931 1324 975 1357 qui
992 1324 1049 1351 hare

266 1371 474 1400 perpetrarent,
501 1366 554 1394 alio
587 1365 788 1394 Commentario
812 1375 842 1395 se
870 1372 1048 1395 tractaturum

266 1410 407 1443 spondeat.
427 1419 436 1435 ι
461 1409 557 1437 Utilius
575 1411 758 1445 respondisset
771 1411 912 1443 Baronius,
930 1413 952 1440 si
964 1413 1049 1440 dixis-

266 1460 308 1482 set
322 1456 487 1483 exsectionis
498 1464 552 1483 sua:
562 1456 706 1491 Origenem
719 1458 887 1492 paenituisse,
897 1463 924 1485 et
938 1466 951 1485 a
968 1459 1049 1486 simili

268 1500 390 1528 facinore
406 1501 522 1535 reliquos
540 1502 719 1529 absterruisse
742 1503 770 1529 in
791 1503 1000 1531 Commentariis
1015 1504 1048 1531 ad

269 1546 441 1581 Evangelium
470 1546 598 1574 Matlhaai.
626 1547 702 1581 Quod
722 1556 786 1584 ergo
811 1549 837 1576 in
864 1555 1049 1585 argumentum

269 1597 408 1619 traxerunt
426 1594 557 1626 nonnulli,
574 1600 603 1621 ut
623 1594 719 1621 librum
742 1595 778 1621 De
799 1596 984 1630 singularitate
999 1597 1050 1624 ele-

268 1636 383 1663 ricorum
403 1638 510 1672 Origeni
533 1639 710 1672 ascriberent,
727 1640 798 1674 quod
814 1648 908 1674 nempe
928 1641 1050 1668 volunta-

269 1683 336 1710 riam
363 1683 520 1718 genitalium
553 1685 762 1719 atnpntationem
790 1694 843 1714 non
871 1689 1050 1722 damnaverit,

268 1726 383 1762 idipsum
405 1728 503 1755 indicio
520 1729 584 1755 mihi
601 1733 643 1756 est
656 1729 755 1756 librutn
771 1737 822 1757 non
833 1738 894 1758 esse
907 1731 1047 1767 Origenis;

266 1775 366 1808 quippe
379 1781 460 1809 quem
471 1776 549 1803 annis
560 1777 756 1811 provectiorem
770 1777 899 1805 facinoris
912 1779 938 1806 in
951 1779 1048 1814 juven-

268 1821 333 1846 tntis
349 1821 439 1848 calore
450 1822 559 1849 admissi
574 1823 740 1857 paenituerit.
755 1823 870 1856 Baronio
881 1833 913 1852 ex
926 1825 1050 1860 Origenis

269 1864 372 1892 familia
389 1866 472 1893 fetum
489 1867 560 1895 hunc
583 1869 726 1903 depcllenti
750 1870 911 1906 astipulatur
924 1872 1049 1900 codicum

267 1911 412 1945 dissensio,
432 1920 546 1947 quorum
566 1914 614 1941 alii
635 1914 812 1950 Hieronymo,
829 1916 978 1952 Augustino
993 1918 1049 1951 alii,

268 1957 390 1992 plerique
412 1957 546 1993 Cypriauo
570 1961 716 1996 assignant.
744 1961 873 1990 Erasmus
896 1963 930 1990 ad
950 1964 1049 1992 calcent

268 2002 328 2030 libri
352 2004 493 2038 Augustini
510 2005 546 2032 De
574 2006 639 2032 bono
665 2007 803 2034 uiduitatis
818 2014 827 2033 :
840 2017 850 2033 ι
870 2008 1048 2043 Sequebatur,

267 2049 367 2084 inquit,
383 2050 433 2078 hoc
449 2051 508 2078 loco
521 2051 626 2079 libellus
638 2052 674 2078 De
688 2053 871 2088 singularitate
886 2054 1049 2088 clericorum,

267 2097 314 2130 qui
328 2097 408 2124 toties
419 2101 446 2123 et
456 2096 626 2132 Hieronymi,
639 2103 666 2124 et
677 2098 802 2134 Cypriani
819 2100 925 2127 nomine
935 2108 1050 2129 excusus

267 2146 318 2173 est,
335 2149 396 2169 cum
412 2143 518 2178 phrasis
535 2151 584 2170 nec
599 2143 800 2179 Hieronymum,
811 2153 860 2172 nec
874 2147 1048 2181 Cyprianum,

268 2195 318 2214 nec
337 2188 516 2223 Augustinqu
543 2189 665 2216 referat:
691 2190 804 2224 proinde
825 2200 878 2218 non
900 2198 942 2220 est
965 2193 1048 2220 visum

266 2239 300 2259 co
327 2241 444 2266 pratsens
469 2235 593 2262 volutnen
621 2244 744 2264 onerare.
770 2247 779 2264 ι
810 2237 987 2267 Bcllarminus
1010 2240 1049 2268 De

266 2278 355 2311 script.
383 2279 528 2308 ecclesiast.
555 2281 580 2307 in
608 2281 763 2316 Cypriano,
799 2291 885 2318 neque
911 2284 1046 2320 Origenis.

267 2331 353 2356 neque
367 2323 505 2358 Cypriani,
525 2327 572 2353 sed
597 2327 686 2354 Latini
711 2333 799 2356 tamen
826 2331 966 2365 scriptoris
986 2338 1048 2360 esse

267 2373 369 2396 censet.
385 2369 519 2398 Pamclius
536 2377 638 2405 autem,
650 2378 677 2400 et
689 2379 750 2408 post
764 2381 825 2402 eum
842 2375 952 2404 Rivetus
963 2377 997 2410 ⁸³,
1013 2386 1046 2405 ex

265 2412 432 2442 hellenismis
446 2416 608 2450 quibusdam
629 2420 757 2453 suspicati
775 2426 839 2448 sunt
857 2430 872 2449 e
885 2422 980 2450 Graeco
992 2423 1044 2450 La-

267 2459 323 2487 tine
337 2467 397 2488 esse
409 2468 583 2491 conversum.
604 2463 719 2499 Suttjicit
738 2466 871 2494 Pamelius
888 2475 1000 2497 censere
1016 2478 1046 2498 se

264 2512 424 2533 conversum
452 2508 503 2535 hoc
521 2516 588 2543 opus
607 2509 662 2544 jam
681 2511 741 2539 inde
764 2512 798 2539 ab
811 2518 889 2540 aetate
907 2514 1046 2549 Cypriani,

265 2552 300 2578 ob
318 2552 456 2580 schemata
479 2558 507 2581 et
527 2554 641 2589 phrases
661 2555 720 2590 ejus
732 2558 831 2586 relatis.
848 2559 948 2587 Contra
959 2559 1045 2588 Baro-

301 2677 445 2717 ξηραὶ-οη.
470 2689 515 2710 an.
538 2682 601 2714 233.
627 2691 685 2717 cap.
710 2685 755 2717 43.
781 2686 826 2715 44.

263 2711 414 2749 “Philipp.
433 2723 462 2748 ιι,
476 2717 503 2745 6.
542 2718 564 2733 ⁸⁸
585 2711 895 2750 Ρωεεένὶηίέιάτέείιεειη

654 122 682 148 P.
705 122 860 149 DANIELIS
879 122 992 149 llUETll
1015 121 1301 150 ORIGENIANORUM
1324 119 1503 148 APPENDIX.

872 2688 894 2704 "
916 2688 1004 2728 liivet.
1027 2689 1119 2718 Critic.
1150 2701 1220 2721 ερον.
1238 2694 1284 2723 lib.
1302 2702 1333 2728 ll,

1807 116 1876 143 ΗΜ

1064 186 1085 212 Α
1101 183 1160 210 nius
1176 186 1312 209 auctorem
1334 188 1394 208 esse
1406 180 1572 215 Cypriarnun
1590 177 1692 205 levibus
1713 183 1779 204 sane
1795 176 1880 203 ratio-

1100 228 1179 255 nibus
1192 227 1333 255 contendit
1346 235 1354 253 :
1370 233 1459 260 neque
1470 232 1531 255 eum
1543 226 1634 250 movet
1647 222 1708 257 styli
1725 220 1879 253 disparitas,

1099 273 1169 308 quod
1189 280 1242 300 non
1256 273 1378 300 eumdem
1394 278 1502 305 semper
1519 269 1580 301 styli
1596 273 1714 296 tenorem
1728 266 1881 302 Cyprianus

1099 319 1259 346 servaverit.

1134 364 1161 390 In
1177 370 1230 390 tam
1245 364 1374 395 obscura,
1390 368 1517 398 tanquam
1537 367 1711 390 controversa
1730 361 1882 396 quaestione

1099 414 1201 436 certum
1224 409 1324 443 aliquid
1348 414 1468 436 statuere
1487 408 1594 436 diliicile
1618 414 1668 436 est.
1683 407 1812 442 Cypriani
1828 403 1878 432 non

1099 462 1158 482 esse
1180 455 1252 482 istud
1267 463 1334 489 opus
1345 455 1464 482 clamant
1484 455 1606 482 barbarae
1627 454 1667 480 hae
1681 460 1772 483 voces,
1789 452 1876 486 cujus-

1100 502 1170 528 modi
1196 502 1280 528 nullas
1308 502 1333 528 in
1357 509 1423 535 puro
1449 508 1480 528 ac
1509 505 1580 527 terso
1603 498 1728 535 Cypriani
1755 504 1880 525 sermone

1099 546 1265 573 nanciscaris
1293 555 1299 572 ε
1330 555 1339 572 ι
1368 545 1645 577 Constitutionarios,
1677 544 1877 579 repulsorium,

1099 590 1280 624 vulgaritatis,
1309 589 1486 622 ﬂuxurarum,
1517 589 1694 624 probrositas,
1724 587 1879 623 participia,

1099 635 1223 667 adunati,
1247 635 1387 666 vanificat,
1407 639 1568 669 egestosatn,
1592 635 1760 666 intimemus,
1786 641 1881 668 procu-

1101 682 1199 713 rativa,
1215 681 1364 714 absentari,
1374 681 1561 716 conjugalitas,
1578 680 1736 715 parentalis,
1749 689 1759 704 ι
1774 680 1880 714 aliaque

1099 726 1225 761 plurima.
1244 726 1309 759 Quis
1330 732 1510 754 monstrorum
1527 726 1656 762 ejusmodi
1673 730 1814 760 parentem
1829 726 1879 759 Cy-

1100 773 1224 808 prianum
1238 767 1329 800 dicat?
1344 773 1524 801 Arianismnm
1538 778 1668 808 prmterea
1681 773 1737 800 haec
1748 772 1858 806 sapiunt
1871 781 1878 797 :

1099 818 1130 846 Si
1152 818 1272 846 Christus
1286 828 1438 855 comparare
1459 821 1568 855 “ipsum
1587 827 1668 846 ausus
1692 825 1730 845 est
1752 818 1818 850 Deo,
1837 819 1879 851 qui

1099 865 1136 891 ait
1152 872 1161 891 :
1176 864 1257 891 Pater
1277 865 1362 899 maior
1374 874 1414 892 me
1437 871 1473 892 est
1497 872 1506 891 .'
1525 871 1569 892 aut
1583 866 1607 892 si
1619 865 1729 898 apostoli
1744 872 1880 899 eoa-quare

1099 912 1248 946 semetipsos
1272 912 1331 938 ausi
1357 917 1417 938 sunt
1441 911 1545 938 Christo
1569 911 1602 938 ⁵⁸.
1623 910 1758 945 Bapinam
1787 917 1880 943 nempe

1099 956 1257 989 arbitratur,
1271 957 1407 984 Christum
1424 964 1484 984 esse
1495 956 1623 991 aequalem
1640 957 1693 983 Deo
1703 956 1742 988 ⁸“;
1763 960 1880 983 tantum-

1099 1010 1152 1036 qne
1183 1002 1346 1030 discriminis
1373 1003 1514 1030 Christum
1543 1003 1613 1030 inter
1637 1007 1665 1029 et
1693 1002 1780 1029 Deum
1809 1009 1881 1031 esse.

1099 1053 1228 1082 quantum
1242 1048 1377 1082 apostolos
1399 1048 1470 1076 inter
1488 1054 1515 1076 et
1527 1048 1673 1075 Christum.
1689 1047 1880 1083 Primigeniant

1099 1099 1126 1121 et
1144 1095 1260 1122 nativam
1285 1095 1500 1122 lucubrationem
1527 1096 1613 1131 stylus
1639 1096 1705 1127 olet,
1724 1103 1780 1122 non
1803 1095 1881 1122 inter-

1100 1142 1292 1175 pretationem,
1312 1149 1371 1176 quae
1390 1143 1502 1169 astricta
1518 1142 1575 1169 fere
1589 1147 1629 1169 est
1644 1147 1672 1169 et
1693 1146 1833 1169 contorta.
1848 1141 1880 1168 ΕΑ

1099 1195 1163 1215 vero
1177 1193 1220 1215 est
1233 1188 1378 1222 scriptoris
1392 1188 1543 1221 barbaries,
1566 1193 1592 1214 ut
1607 1188 1778 1215 hellenismis
1798 1188 1879 1215 locum

1099 1233 1207 1261 dedisse
1221 1234 1333 1261 minime
1346 1234 1471 1262 mirabile
1491 1234 1536 1266 sit,
1551 1234 1596 1268 qui
1616 1238 1656 1261 tot
1673 1234 1844 1269 stribligines
1854 1242 1880 1261 ac

1099 1278 1248 1306 dictionum
1273 1283 1397 1314 portenta
1423 1279 1544 1306 admisit.
1574 1280 1667 1314 Spirat
1686 1284 1781 1306 tamen
1799 1279 1880 1306 felici:

1097 1324 1298 1359 juvenescentis
1319 1324 1446 1352 Ecclesia:
1460 1330 1589 1359 tempora,
1615 1325 1683 1352 adeo
1702 1331 1731 1352 ut
1760 1326 1784 1352 si
1798 1326 1882 1352 minus

1101 1371 1174 1398 illum
1191 1371 1345 1406 Hieronymi
1370 1376 1398 1398 et
1419 1371 1560 1406 Augustini
1578 1379 1634 1399 aevo
1659 1372 1830 1406 superiorem
1846 1372 1880 1398 di-

1100 1424 1204 1448 camus,
1216 1419 1287 1452 quod
1299 1419 1466 1453 probabilius
1476 1426 1537 1447 esse
1551 1424 1627 1455 puto,
1642 1427 1695 1447 non
1712 1419 1801 1446 multo
1813 1425 1881 1446 certe

1101 1462 1254 1490 inferiorem
1269 1464 1351 1491 liceat
1369 1465 1505 1492 arbitrari.

1135 1508 1279 1544 cheritur
1292 1511 1399 1542 quidem
1415 1511 1486 1538 inter
1500 1510 1568 1538 falso
1587 1511 1703 1545 ascripta
1718 1511 1881 1547 Hieronymo

1100 1562 1180 1589 opera
1203 1555 1323 1590 Epistola
1338 1557 1371 1582 ad
1385 1556 1518 1584 Oceanum
1532 1557 1566 1585 de
1580 1558 1632 1584 vita
1647 1556 1824 1590 clericorum,
1839 1558 1881 1584 sed

1100 1601 1222 1635 Sulpicio
1255 1602 1356 1630 Severo
1392 1603 1539 1636 recentior,
1570 1604 1669 1638 quippe
1702 1612 1765 1638 qua;
1799 1606 1881 1632 sancti

1099 1647 1206 1675 Martini
1232 1647 1320 1675 Vitam
1348 1649 1382 1676 ab
1408 1657 1441 1676 eo
1467 1650 1596 1684 scriptam
1627 1650 1729 1677 laudet.
1759 1650 1880 1685 Ejusdem

1100 1693 1156 1720 fere
1183 1701 1214 1720 ea
1243 1699 1286 1721 est
1311 1695 1461 1729 argumenti
1486 1703 1518 1722 ac
1539 1696 1623 1723 altera
1651 1697 1708 1724 haec
1736 1704 1799 1732 quae
1822 1697 1881 1725 Ori-

1099 1739 1158 1774 geni
1192 1739 1345 1774 afﬁngitur,
1381 1746 1410 1768 ut
1440 1741 1462 1768 si
1494 1741 1661 1775 quis-illam
1697 1751 1731 1770 ex
1759 1745 1812 1771 hac
1837 1752 1882 1771 ex-

1100 1791 1220 1818 pressam
1237 1785 1320 1818 dicat,
1332 1785 1468 1820 conjector
1483 1794 1535 1814 non
1554 1787 1660 1822 ineptus
1680 1790 1768 1816 videri
1787 1791 1877 1824 possit.

1136 1828 1204 1857 Xlll.
1233 1829 1320 1859 Josias
1333 1832 1480 1866 Simlerus,
1506 1838 1533 1860 et
1564 1833 1703 1862 Conradus
1728 1835 1834 1862 Frisius
1855 1837 1879 1863 in

1102 1873 1221 1909 Epitome
1247 1876 1416 1906 Bibliothecw
1435 1879 1602 1908 Gesneriante
1625 1887 1739 1909 narrant
1760 1882 1878 1918 Origenis

1100 1922 1196 1950 librum
1219 1924 1257 1951 De
1274 1926 1419 1952 astrolabia
1443 1927 1469 1954 in
1491 1927 1618 1954 Vaticana
1643 1929 1808 1956 bibliotheca
1826 1937 1878 1956 ser-

1100 1970 1169 1996 vari.
1199 1970 1358 2006 Argumenti
1387 1973 1466 2007 hujus
1495 1975 1671 2009 scriptionem
1705 1976 1739 2003 ab
1767 1975 1876 2011 Origene

1099 2015 1198 2042 exiisse
1213 2023 1303 2048 nemo,
1316 2017 1387 2050 quod
1401 2018 1497 2051 sciam,
1512 2018 1612 2046 litteris
1623 2020 1755 2054 prodidit.
1768 2019 1808 2047 Ne
1818 2021 1876 2054 quid

1101 2065 1188 2087 tamen
1205 2061 1401 2089 inconsiderate
1423 2064 1606 2097 decernerem,
1625 2066 1718 2092 curavi
1736 2065 1877 2094 Vaticanus

1099 2107 1260 2141 perlustrari
1282 2110 1392 2143 forulos,
1417 2111 1519 2139 indices
1540 2113 1625 2140 evolvi
1649 2123 1656 2140 :
1677 2113 1781 2141 nullum
1805 2115 1876 2149 plane

1100 2152 1150 2179 hoc
1165 2153 1243 2181 titulo
1263 2154 1359 2182 librum
1381 2156 1436 2183 illic
1455 2158 1566 2192 reperiri
1590 2159 1721 2193 perlatum
1736 2165 1781 2187 est
1793 2161 1826 2186 ad
1841 2169 1876 2186 tne

1065 2202 1086 2230 ι)
1101 2200 1135 2223 ab
1150 2198 1254 2231 amicis,
1270 2201 1368 2234 quibus
1389 2201 1414 2228 id
1435 2203 1533 2237 negotii
1549 2203 1685 2231 dederam.
1703 2205 1777 2232 inter
1792 2206 1876 2240 spuria

1097 2244 1199 2279 itaque,
1212 2251 1240 2273 et
1256 2246 1324 2274 falso
1339 2247 1424 2275 aﬂicta
1441 2249 1551 2285 Origeni
1566 2257 1646 2285 opera
1665 2251 1737 2278 istud
1754 2254 1876 2279 amarule-

1065 855 1085 883 B

1063 1527 1084 1557 C

1099 2294 1152 2318 tur.
1175 2291 1246 2318 Idem
1269 2298 1361 2327 aperte
1379 2294 1494 2322 deﬁnire
1520 2303 1572 2323 non
1586 2297 1671 2324 ausim
1694 2298 1727 2324 de
1746 2298 1875 2325 Breviario

1098 2335 1231 2371 Origenis,
1253 2339 1323 2372 quod
1342 2340 1368 2366 in
1384 2339 1530 2368 Caesenatis
1553 2342 1723 2370 bibliotheca
1739 2343 1873 2378 Catalogo.

1098 2381 1132 2408 ab
1155 2381 1317 2418 Hieronymo
1340 2392 1500 2413 conversum
1520 2387 1613 2415 haberi
1634 2389 1732 2416 scribit
1757 2389 1874 2417 Passeri-

1099 2435 1149 2455 nus
1163 2427 1203 2461 ⁸⁵;
1221 2435 1307 2462 neque
1326 2431 1358 2457 de
1374 2431 1512 2463 Sermone.
1531 2433 1575 2467 qui
1589 2432 1628 2460 De
1644 2435 1774 2462 catechesi
1788 2436 1875 2462 inseri.

1099 2478 1160 2508 plus
1169 2480 1221 2505 cst,
1235 2479 1262 2502 et
1278 2475 1304 2503 in
1323 2475 1555 2513 lleidelbergensis
1572 2479 1744 2507 bibliotheca:
1753 2480 1872 2512 Catalogo

1098 2519 1132 2546 ab
1156 2520 1248 2547 eodem
1275 2527 1431 2550 recensetur
1448 2533 1454 2550 :
1473 2525 1596 2559 quamvis
1623 2526 1682 2553 hac
1708 2527 1775 2554 mihi
1803 2527 1872 2554 valde

1099 2570 1221 2599 suspecta
1236 2566 1300 2594 sint.

1349 2703 1408 2731 Cap.
1428 2697 1461 2725 13
1475 2702 1501 2724 et
1524 2697 1567 2725 15.
1620 2699 1737 2733 ⁸³40³11.
1764 2708 1816 2733 att,
1830 2699 1866 2728 i5.
