1908 3071
67 136 140 163 1283

460 131 672 160 EXCERPTUM
692 131 737 158 EX
757 131 789 159 G.
811 130 909 158 BULLI
931 130 1004 157 DEF.
1024 129 1113 156 FIDEI
1134 129 1293 157 ΝΙΟᾹΞΝᾹ-Ῑ.

74 211 1467 226 W

660 266 1090 352 EXCEBPTUM

540 493 918 551 GEORGII
953 491 1220 548 Βπιιι

726 600 858 630 PRESB.
883 598 961 628 ANG
967 598 1040 629 LlC.

425 689 808 737 DEFENSIONE
847 687 1011 731 FIDEI
1051 686 1335 732 NICJENIE.

625 787 701 822 (Cap.
717 785 763 819 IX,
778 784 817 811 De
832 782 895 810 Filii
910 781 949 815 τῷ
963 782 1135 818 ὁμοουσίῳ.)

69 939 197 975 Origenis
213 937 362 965 doctrinam
378 935 411 975 de
518 933 565 960 Dei
585 940 653 972 _vem
674 930 823 975 divinitate
839 927 1144 975 qmninomcnatltnoticam‘
1159 931 1183 967 et
1211 926 1329 967 Νίεαήαῖ
1359 926 1421 961 Μαί
1448 926 1525 975 PM"!!!
1539 934 1688 975 frit-801mg"

105 961 201 1010 isis-se,
217 974 345 1010 pra'cipue
356 979 388 998 ea:
399 961 549 1010 indubitata
566 967 636 1010 eius,
656 972 680 993 et
708 964 1005 1010 maxinte‘incorruplto,
1025 967 1101 998 atque
1118 963 1150 988 ab
1171 962 1227 996 ipso
1236 963 1294 995 jam
1312 970 1371 988 sene
1385 961 1690 996 accuratioridiligcntia

274 998 357 1042 apere
370 1010 464 1034 contra
475 998 594 1036 Celsum,
612 1002 668 1036 [use
681 1007 706 1028 et
721 1000 862 1027 luculenter
879 998 1035 1025 ostenditur.

104 1167 119 1203 ξ
136 1167 156 1194 1.
183 1166 259 1193 Dictu
288 1165 385 1192 mirum
400 1167 453 1195 est,
481 1169 561 1197 quam
586 1167 666 1194 super
695 1157 774 1192 hujus
801 1156 851 1183 viri
868 1159 890 1186 Α
904 1154 1020 1182 versiam
1036 1154 1166 1181 Arianam
1186 1153 1306 1188 scripsit,
1324 1161 1385 1180 cum
1401 1153 1476 1188 prius
1493 1152 1575 1179 fuerit
1597 1151 1689 1188 Orige-

64 1212 289 1248 πολυθρυλλὴτου
311 1212 446 1242 doctrina,
474 1209 500 1236 in
528 1212 618 1242 partes
635 1207 744 1237 iverint,
774 1209 854 1238 atque

65 1259 206 1286 acerrime
226 1258 295 1284 inter
318 1265 348 1285 se
370 1255 507 1291 digladiari
535 1254 636 1281 iuerint
661 1251 775 1286 theologi
801 1257 854 1286 qua

66 1307 190 1334 veteres,
208 1310 259 1337 qua
283 1302 457 1329 recentiores.
486 1299 522 1327 Ut
538 1299 571 1326 de
596 1298 731 1325 veteribus
756 1295 853 1326 solum.

68 1356 176 1376 memor
196 1348 310 1375 instituti
330 1348 394 1379 mei,
415 1354 506 1382 agam;
538 1353 569 1372 ex
593 1345 626 1371 iis
643 1344 686 1371 alii
711 1343 853 1377 Origeuem

69 1393 106 1420 ad
121 1393 220 1420 cmlum
237 1400 323 1426 usque
340 1392 464 1418 laudibus
489 1389 635 1422 extoiluul;
653 1388 697 1414 alii
716 1388 800 1422 ipsum
827 1391 856 1413 ut

67 1440 220 1474 pessimum
245 1437 471 1468 hmrcsiarcham,
500 1437 620 1469 adeoque
641 1435 759 1460 omnium
788 1439 856 1466 pene

72 1486 228 1516 haeresium‘,
251 1484 398 1519 prmsertim
417 1490 477 1518 qum
497 1481 623 1509 Ecclesia:
643 1480 721 1506 iidem
746 1479 779 1506 de
804 1476 853 1504 SS.

70 1531 205 1558 'l‘rinitate
219 1535 354 1565 spectant.
379 1529 481 1556 fontem
508 1533 536 1555 et
568 1525 763 1560 scaturriginem
789 1523 855 1550 diris

71 1578 215 1603 devovent.
244 1575 296 1602 Sed
325 1574 481 1602 Catliolieos
501 1573 571 1607 quod
598 1572 695 1598 attinet
721 1570 855 1600 doctores,

73 1621 120 1656 qui
137 1621 261 1655 Origenis
275 1625 354 1647 artato
369 1620 514 1646 vicinior-es
529 1618 605 1645 fuere
618 1637 626 1649 ,
643 1617 728 1650 major
741 1621 767 1643 et
780 1616 857 1650 longe

73 1667 162 1701 potior
176 1667 227 1694 fuit
242 1674 368 1694 numerus
379 1673 486 1697 eorum,
506 1664 551 1699 qui
568 1664 616 1698 ipsi
631 1662 766 1697 astipulati
781 1665 854 1688 sunt.

72 1712 226 1739 Alexander
248 1710 511 1745 Ilierosolymitanus
531 1728 538 1740 ,
567 1707 740 1734 'l'beoctistus
767 1706 857 1734 Cresa-

74 1758 183 1790 riensis,
199 1757 342 1793 Dionysius
368 1755 567 1783 Alexandrinus
583 1753 756 1781 Firmilianus
769 1753 858 1780 Caesa-

74 1805 185 1835 riensis.
199 1802 346 1839 Gregorius
359 1803 592 1836 Tltaumaturgus.
615 1806 642 1827 et
659 1800 856 1830 Athenodorus.

73 1849 200 1884 Origenis
215 1850 357 1882 coaetanei,
375 1849 461 1883 ipsum
477 1848 502 1874 in
516 1848 632 1874 maximo
644 1846 731 1881 pretio
751 1851 858 1879 semper

74 1897 249 1924 habuerunt:
267 1900 294 1923 et
325 1901 379 1923 tota
407 1893 561 1924 Palaestina,
586 1892 696 1923 Arabia,
719 1891 857 1918 Phoenicia

73 1947 102 1970 et
124 1942 225 1969 Achaia
250 1949 359 1969 causam
383 1939 508 1975 Origenis
536 1939 664 1965 adversus
695 1937 857 1964 Demetrium

73 1986 285 2013 Alexandrinum
300 1989 513 2020 propugnarunt.
529 1983 655 2010 Eamdcm
665 1981 761 2009 deinde
780 1981 857 2008 tutati

74 2036 139 2060 sunt
167 2031 324 2066 Pamphilus
355 2035 457 2065 martyr
483 2034 510 2057 et
538 2029 666 2056 Eusebius
685 2026 859 2054 Caesariensis

73 2085 123 2113 per
133 2077 288 2112 Apologiam
304 2085 349 2104 ses
363 2077 447 2102 libras
465 2075 644 2109 complexam,
671 2080 782 2107 quorum
799 2072 859 2098 uni-

72 2132 123 2152 cus
149 2127 280 2158 superest.
300 2123 373 2149 AliOs
399 2129 508 2156 quoque
537 2120 625 2154 magni
649 2119 765 2146 nominis
786 2119 859 2145 viros

73 2171 230 2206 complures
250 2170 360 2197 Eusebii
377 2168 544 2202 temporibus
563 2166 707 2202 Apologias
725 2173 774 2200 pro
793 2164 856 2192 0ri--

72 2225 143 2252 gene
155 2217 295 2252 scripsisse
312 2216 393 2243 tradit
406 2214 517 2242 Pbotius
530 2214 589 2241 cod.
607 2220 700 2240 cxvut.
716 2212 858 2246 Origenem

72 2270 158 2299 porro
173 2268 300 2295 tanquam
323 2261 463 2288 catholica:
487 2260 547 2286 lidei
573 2260 703 2285 adversus
721 2257 858 2288 haeresim.

72 2318 136 2345 quae
151 2315 243 2344 postea
260 2309 360 2336 Ariaua
381 2308 454 2335 dicta
472 2306 534 2338 fuit,
548 2313 686 2334 strenuum
704 2310 859 2339 propugna-

73 2360 163 2382 torem
191 2354 310 2381 laudavit
335 2360 448 2388 inagnus
474 2350 640 2378 Athanasius
670 2349 696 2376 in
724 2349 792 2375 libro
822 2347 860 2374 De

72 2400 187 2428 decretis
209 2399 326 2427 Nioa’naz
340 2398 444 2434 synodi.
469 2396 516 2424 llis
531 2395 715 2423 accensendus
735 2394 860 2429 Didymus

72 2446 274 2475 Alexandrinus
289 2445 348 2479 (vir
377 2443 502 2474 celebris,
520 2449 574 2476 quo
592 2441 721 2474 magistro
737 2446 767 2466 se
779 2446 856 2465 usum

74 2491 177 2526 saepius
199 2490 378 2525 Hieronymus
404 2487 558 2524 gloriatur),
589 2486 634 2520 qui
665 2491 714 2518 pro
745 2483 896 2533 Origenec

74 2537 280 2574 Apologeticutn
294 2537 388 2568 edidit.
404 2540 432 2563 et
448 2534 524 2562 Titus
538 2533 696 2560 Bostrorum
708 2532 861 2565 episcopus,

74 2592 103 2613 et
115 2585 306 2620 Gregoriorum
325 2582 414 2610 nobile
436 2589 496 2616 par,
517 2579 702 2607 Nazianzenus
720 2581 749 2603 et
765 2575 863 2610 Nysse-

76 2641 139 2665 nus,
154 2637 180 2659 et
193 2631 313 2659 Joannes
328 2628 599 2662 Hierosolymitanus.
616 2623 734 2652 assiduis
749 2630 809 2649 eam
824 2621 858 2648 ob

77 2686 135 2706 rem
162 2676 303 2712 Epiphauii
338 2680 366 2703 et
391 2673 545 2709 llierouymi
570 2670 677 2706 probris
709 2668 861 2696 lacessitus.

75 2724 229 2752 Methodius
241 2729 365 2758 quoque.
388 2720 433 2755 qui
455 2720 500 2746 d.u
523 2722 586 2745 ante
606 2722 726 2744 exortam
755 2719 863 2741 contro-
888 2734 893 2740 .

114 2782 170 2815 [22)
189 2780 225 2809 Ut
240 2781 318 2815 facile
329 2778 466 2814 conjicias,
478 2781 586 2815 quanto
606 2774 701 2815 majori
723 2777 791 2815 post_
799 2778 858 2815 ejus

77 2810 178 2846 obitum
201 2810 382 2850 conﬁdentia;
398 2819 450 2841 etc.
478 2810 542 2850 Vide
553 2810 753 2850 inﬂationem
785 2812 857 2850 ιριιιιξ

78 2840 423 2886 BBEGB'piiBi’i‘Lrsuxhni,
440 2855 499 2883 pag.
512 2846 540 2879 2,
553 2846 569 2873 3
581 2850 610 2873 et
625 2845 653 2878 4,
670 2844 713 2872 ubi
724 2844 781 2870 lia-c
793 2840 859 2869 Bulii

904 1201 947 1228 nis
982 1200 1153 1227 adversarius
1181 1199 1399 1232 inl‘ensissimus;
1439 1207 1516 1226 suum
1547 1199 1690 1233 aliquando

904 1245 994 1272 odium
1007 1245 1140 1280 deposuit,
1158 1253 1189 1271 ac
1208 1245 1316 1272 tandem
1342 1245 1412 1272 inter
1434 1245 1492 1280 ejus
1512 1245 1689 1272 admiratores

904 1299 1000 1318 nomen
1012 1299 1088 1318 suum
1103 1291 1223 1326 proﬁteri
1239 1299 1291 1317 non
1306 1291 1424 1317 erubuit.
1441 1291 1560 1325 Denique
1575 1290 1690 1318 Ruﬁnus

905 1338 930 1372 (ει
942 1337 1071 1364 Cassiano
1087 1337 1133 1364 lib.
1164 1344 1200 1363 vu
1220 1336 1257 1363 De
1283 1337 1413 1363 insaniat.
1433 1337 1528 1368 dictus,
1561 1337 1690 1371 quidquid

905 1385 938 1411 de
957 1384 1013 1418 ipso
1035 1383 1164 1418 judicavit
1179 1383 1289 1417 sequior
1303 1388 1380 1415 aetas,
1407 1391 1417 1407 ι
1430 1382 1590 1410 Christiana:
1603 1383 1690 1416 philo-

905 1429 1007 1464 sophia:
1033 1429 1091 1460 vir,
1119 1429 1189 1456 haud
1213 1429 1411 1456 contemnenda
1445 1428 1690 1458 ecclesiasticarum

905 1474 1045 1502 doctorum
1057 1475 1162 1510 portio;
1188 1484 1197 1500 ›
1220 1474 1296 1509 cujus
1307 1475 1513 1502 sanctimoniam
1538 1475 1594 1507 ipse
1609 1475 1690 1502 etiam

906 1519 1090 1555 Hieronymus
1108 1520 1250 1555 aliquando
1263 1520 1376 1547 suunnis
1396 1519 1522 1548 laudibus
1538 1521 1644 1552 extulit,
1659 1525 1689 1547 ut

906 1574 938 1593 ex
952 1566 1064 1601 epistola
1089 1565 1147 1598 ejus
1164 1566 1267 1601 quinta,
1293 1566 1326 1592 ad
1347 1565 1528 1598 Florentium,
1554 1566 1690 1600 constat),

907 1613 1032 1648 Origenis
1061 1613 1210 1640 acerrimus
1239 1612 1441 1646 hyperaspistes
1467 1611 1530 1643 fuit;
1567 1617 1596 1638 ut
1625 1612 1690 1638 nihil

907 1659 994 1686 dicam
1010 1658 1044 1685 de
1060 1658 1210 1685 innumeris
1224 1665 1272 1691 per
1286 1656 1432 1691 (Egyptum
1449 1657 1578 1690 dispersis
1597 1664 1691 1683 mona-

907 1704 977 1736 chis,
993 1704 1038 1738 qui
1053 1703 1168 1730 niaxima
1185 1702 1308 1736 Origenis
1324 1703 1357 1728 de
1370 1709 1451 1729 causa
1468 1709 1528 1728 cum
1541 1701 1690 1736 Theophilo

908 1749 1088 1777 Alexandrino
1106 1749 1252 1776 certamina
1273 1748 1402 1774 inierunt.

946 1794 1004 1830 §ll.
1023 1794 1050 1821 In
1071 1794 1123 1821 hoc
1150 1798 1224 1820 tanto
1256 1798 1391 1820 tantorum
1421 1793 1540 1819 virorum
1564 1793 1688 1820 dissensu

872 1836 1051 1874 Boittandum
1062 1844 1132 1871 erat,
1152 1844 1180 1866 ut
1206 1847 1239 1866 ex
1266 1838 1388 1870 inlinitis,
1411 1845 1470 1872 quae
1494 1838 1688 1866 Chalcenterus

908 1887 953 1914 ille
966 1885 1144 1916 elucubravit.
1169 1885 1278 1918 scriptis
1293 1884 1370 1919 plura
1394 1885 1428 1910 ad
1447 1891 1496 1910 nos
1518 1885 1690 1912 devertissent

909 1932 1012 1966 integra
1030 1937 1058 1959 et.
1074 1931 1191 1963 illibata;
1207 1930 1279 1957 umle
1301 1930 1368 1964 ipsi,
1392 1929 1479 1956 neutri
1494 1930 1562 1963 parti
1579 1930 1688 1961 addicti,

908 1979 941 2006 de
965 1978 1023 2013 ejus
1046 1977 1167 2004 doctrina
1199 1976 1298 2002 certius
1320 1974 1469 2008 dijudicare
1498 1975 1689 2009 potuissemus.

907 2027 956 2052 Ast
980 2023 1067 2059 (proh
1088 2021 1204 2056 dolor!)
1233 2029 1266 2049 ex
1296 2021 1373 2047 libris
1401 2019 1524 2054 Origenis
1550 2021 1690 2054 quosdam,

908 2070 971 2095 dum
984 2069 1006 2095 is
1017 2068 1104 2095 adhuc
1115 2068 1229 2097 viveret,
1248 2074 1262 2092 a
1275 2065 1450 2092 maleieriatis
1465 2065 1619 2092 hominibus
1632 2073 1692 2093 cor-

910 2118 1002 2147 ruptos
1032 2117 1112 2147 atque
1137 2110 1330 2145 iuterpolatos;
1367 2114 1394 2137 et
1428 2110 1526 2144 scripta
1564 2111 1692 2136 nonnulla

909 2160 994 2187 aliena
1015 2165 1125 2194 prorsus
1137 2165 1168 2184 ac
1183 2157 1275 2191 spuria
1298 2156 1348 2183 sub
1369 2156 1427 2188 ejus
1442 2157 1550 2182 nomine
1570 2156 1692 2183 celebra-

909 2205 1011 2233 tissimo
1022 2203 1093 2231 edita
1111 2203 1195 2230 fuisse
1217 2203 1273 2238 ipse
1291 2206 1459 2236 conquestus
1475 2206 1517 2228 est
1531 2201 1556 2227 in
1573 2201 1692 2235 Epistula

910 2252 943 2278 ad
964 2250 1094 2286 quosdam
1119 2248 1311 2276 Alexandriam
1336 2248 1449 2282 scripta.
1477 2245 1533 2281 (22)
1558 2246 1591 2273 Ut
1611 2246 1692 2273 facile

910 2297 1049 2331 coniicias,
1067 2299 1171 2330 quanto
1184 2295 1277 2327 majori
1289 2293 1416 2329 postcjus
1427 2293 1530 2320 obitum
1552 2293 1692 2320 conliden-

911 2344 947 2370 tia
973 2342 1016 2370 isti
1038 2342 1208 2369 tenebriones
1231 2341 1256 2367 id
1280 2348 1366 2373 genus
1386 2339 1504 2367 facinora
1523 2345 1694 2373 perpetrave-

912 2389 981 2420 rint,
996 2391 1068 2414 certe
1084 2386 1306 2420 Origeniauoruin
1329 2392 1440 2419 operum
1455 2392 1518 2419 pars
1541 2384 1619 2418 longe
1636 2392 1694 2410 Ina-

911 2433 981 2460 xima
1002 2426 1071 2467 jam'
1086 2431 1192 2465 penitus
1217 2430 1416 2457 interciderunt
1438 2439 1444 2457 :
1468 2437 1580 2464 qumque
1613 2430 1692 2457 hodie

912 2482 1065 2513 supersunt,
1097 2483 1140 2507 ea,
1167 2476 1282 2510 demptis
1310 2482 1401 2502 contra
1423 2475 1527 2502 Celsum
1557 2475 1643 2507 libris,
1668 2480 1695 2502 et

913 2523 1046 2557 excerptis
1061 2521 1234 2557 quibusdam,
1252 2528 1312 2555 qua:
1326 2519 1475 2547 Philoculia
1491 2528 1629 2552 vocantur.
1645 2520 1694 2547 La-

913 2570 966 2597 tine
980 2573 1082 2595 tantum
1096 2567 1270 2598 exstiteruntl
1286 2566 1377 2600 idque,
1395 2570 1424 2591 ut
1438 2573 1472 2592 cx
1495 2568 1576 2592 certis
1591 2566 1695 2593 iudiciis

911 2619 1028 2646 constat,
1041 2613 1153 2640 multum
1166 2613 1200 2639 ab
1214 2611 1406 2646 interpretibus
1427 2611 1589 2646 interpolata
1616 2617 1695 2646 atque

912 2662 1073 2689 immutata:
1091 2658 1177 2685 donec
1194 2665 1279 2692 nuper
1293 2655 1461 2683 clarissimus
1479 2656 1571 2683 Daniel
1584 2657 1695 2685 iluetius

912 2705 1063 2744 ὲξηγητικά
1075 2703 1198 2740 Origeuis
1213 2710 1265 2730 non
1280 2709 1363 2736 pauca
1381 2709 1414 2728 ex
1435 2709 1500 2728 mss.
1526 2701 1620 2729 Graece
1636 2703 1695 2730 edi-

912 2770 938 2792 et
953 2763 1038 2791 Huetii
1051 2761 1184 2790 sententia
1207 2759 1240 2786 dc
1264 2757 1460 2786 adulteratione
1482 2757 1612 2784 librorum
1633 2758 1693 2785 Ori.

912 2801 987 2836 genis
1007 2804 1066 2835 post
1076 2798 1133 2832 ejus
1157 2796 1259 2824 obitum
1284 2795 1317 2822 ab
1347 2792 1480 2820 bmreticis
1509 2792 1579 2820 facta
1601 2793 1693 2820 contu-

914 2841 993 2863 tatur.
