1908 3071
251 127 320 156 {9.87

959 122 1171 153 EXCEBPTUM

1790 124 1846 152 iisti

251 187 298 214 dit.
313 186 383 220 Quin
401 193 434 214 eo
453 185 561 213 nomine
580 185 612 212 de
636 185 809 221 φιλαρχαιοις
830 185 955 213 omnibus
968 193 1038 220 prat-
1052 188 1074 216 Α
1089 185 1189 219 quique
1202 183 1270 210 adeo
1283 175 1397 218 genuina
1415 182 1474 216 eius
1492 182 1595 217 scripta
1615 190 1631 209 a
1651 182 1747 217 spuriis
1764 185 1847 218 optime

250 233 322 260 clare
340 233 451 260 meritus
467 232 502 259 sit
515 231 556 258 vir
575 232 758 264 doctissimus,
776 240 855 260 nemo
867 233 917 260 nisi
931 232 1037 260 invidus

250 279 416 306 dillitebitnr.
439 277 510 304 ldem
537 283 627 305 tamen
648 277 763 305 Huetins
780 278 923 313 profitetur
940 277 1035 312 Orige-

251 324 321 350 nirm.
341 323 386 350 lib.
403 330 445 353 ιιι,
463 330 522 357 cap.
538 323 564 354 l,
584 330 659 349 num.
677 323 704 355 '5,
721 323 772 350 sibi
796 330 857 350 esse
880 323 1035 356 verisimile,

253 379 261 394 ι
273 369 410 403 Quotquot
425 368 509 395 libros
523 367 649 402 Origeuis
660 369 693 396 ad
709 376 756 396 nos
781 368 888 396 fortuna
904 369 1017 396 transmi
1028 384 1034 390 η

249 416 294 446 sit,
310 415 421 442 violatos
441 423 512 444 esse.
539 420 566 442 at
590 422 637 442 eos
653 416 834 450 potissimum,
861 416 908 450 qui
939 420 1037 450 praeter

251 461 415 488 notariorum
430 461 576 496 σφάλματα
598 467 626 489 et
656 462 843 490 haereticorum
864 462 1037 490 adnlteratio-

251 516 309 540 nes,
325 508 502 542 interpretum
518 508 600 535 etiam
614 507 839 536 hallucinationes
853 513 880 536 et
895 508 1035 542 perfidiam

250 559 401 582 senserunt.
418 564 428 580 ι
460 555 611 589 Excipere,
638 555 663 582 ni
690 555 780 587 fallor,
804 555 934 582 debuerat
954 555 1036 582 libros

249 606 342 628 contra
371 600 494 631 Celsum;
514 601 613 635 quippe
640 609 709 636 quos
735 606 834 635 praeter
864 601 1034 628 librariorum

250 647 408 682 σφάλματα,
420 654 434 672 a
446 646 544 680 quibus
561 646 624 672 nulli
642 651 761 672 veterum
782 646 842 673 libri
858 654 968 680 prorsus
987 646 1036 672 im-

251 697 347 717 munes
361 695 434 722 sunt,
452 689 533 716 aliain
555 690 724 717 violationein
750 691 896 718 notabilem
921 691 1036 719 subiisse

250 743 341 767 nemo,
360 736 432 770 quod
448 736 542 767 sciam,
562 735 694 762 hactenus
709 737 862 770 suspicatus
878 736 970 764 fuerit.

285 780 355 816 §lll.
371 781 501 808 Caeterum
523 781 545 808 si
565 781 653 807 omnia
671 780 795 816 Origenis
816 782 926 816 scripta,
951 789 1037 817 eaque

250 835 318 860 pura
329 831 355 854 et
367 827 534 861 incorrupta.
562 826 642 853 hodie
663 830 821 858 exstarent;
847 827 919 854 haud
944 828 1034 854 omnia

250 877 339 899 tamen
354 879 424 898 vera:
435 879 466 898 ac
480 872 602 906 genuime
625 871 683 904 ejus
705 871 848 898 sententise
868 871 1036 899 declaranda:

249 917 350 952 pariter
364 917 537 944 inservirent.
553 917 809 944 Scilicetvuriorum
825 917 943 945 auctoris
957 917 1038 944 πολυ-

248 963 354 998 γράφου
380 970 493 997 operunt
519 963 626 989 diversa
653 963 723 989 foret
742 963 819 990 ratio.
833 963 889 998 (25)
902 963 968 990 Nam
986 963 1036 991 alia

249 1009 282 1035 ad
310 1008 410 1035 amicos
442 1013 548 1035 secreto
567 1008 688 1042 scripsit,
709 1015 770 1043 quae
791 1008 877 1036 lucem
902 1016 1036 1042 nunquam

251 1054 343 1081 visura
359 1054 498 1090 speravit;
517 1054 543 1080 in
563 1054 663 1088 quibus
684 1054 768 1081 libere
785 1061 817 1081 ac
837 1061 905 1088 pene
920 1055 1037 1088 sceptiee

249 1099 388 1131 disseruit,
409 1107 441 1126 ac
458 1100 617 1134 plerumque
639 1107 692 1125 non
711 1104 765 1126 tam
786 1107 862 1126 suam
884 1105 986 1126 certam
1005 1107 1038 1127 ac

249 1146 386 1174 deﬂuitam
407 1147 570 1173 sententiam
581 1165 589 1176 ,
606 1152 686 1179 quant
704 1145 747 1172 vel
763 1145 876 1172 aliorum
890 1145 1037 1172 ratiocina-

250 1193 348 1225 tiones.
361 1193 404 1220 vel
426 1200 490 1220 suos
512 1193 644 1228 quosdam
667 1191 809 1227 scrupulos
822 1199 854 1219 ac
868 1192 1038 1219 dubitation-

248 1239 335 1271 culas.
349 1238 382 1266 ad
398 1238 542 1266 clariorem
554 1238 680 1265 veritatis
703 1237 924 1269 elucidationem.
940 1245 1038 1273 propo-

249 1284 314 1311 suit.
345 1283 402 1310 Alia
425 1283 483 1318 ipse
506 1283 532 1311 in
556 1283 692 1319 publicum
720 1283 829 1316 emisit,
861 1284 919 1311 sive
942 1289 1036 1311 contra

248 1329 381 1361 inﬁdeles,
393 1330 449 1357 sive
459 1329 588 1357 adversus
620 1329 770 1362 haereticos,
797 1337 844 1357 seu
869 1330 986 1365 denique
1005 1331 1038 1357 ad

249 1375 440 1402 instruendam
463 1375 568 1409 plebem
588 1376 789 1407 Christianam;
809 1376 835 1402 in
853 1376 951 1410 quibus
964 1396 972 1408 ,
996 1376 1038 1403 via

249 1420 312 1448 trita
327 1427 360 1447 ac
372 1424 429 1446 tuta
444 1419 583 1450 incedens.
603 1426 739 1454 receptam
755 1419 782 1446 in
801 1420 921 1447 Ecclesia
944 1420 1038 1447 catho-

249 1465 328 1493 licam
351 1465 499 1492 doctrinam
511 1465 658 1491 studiosius
671 1465 791 1492 tradidit.
809 1465 907 1492 Deinde
916 1465 966 1492 alia
979 1473 1038 1500 pro-

248 1514 376 1545 peranter
389 1510 533 1542 dictitarit.
552 1511 603 1537 alia
619 1510 784 1545 diligentiori
805 1519 870 1538 cura
892 1511 1032 1539 elucubra-
1048 1531 1070 1558 ε

248 1555 297 1582 vit.
314 1555 435 1590 Denique
447 1554 499 1582 alia
517 1554 558 1591 (ut
571 1555 662 1583 Iluelii
676 1555 766 1583 verbis
781 1557 853 1590 utar)
869 1563 952 1583 senex
964 1556 1036 1583 Ada-

249 1602 377 1634 mantius,
392 1602 500 1637 ingenio
514 1609 561 1637 per
575 1607 683 1630 aetatem
703 1602 788 1638 magis
804 1602 928 1635 subacto,
946 1602 1036 1630 elima-

248 1647 306 1681 vit;
320 1647 371 1675 alia
388 1648 518 1676 eﬂ'erenle
534 1656 594 1676 sese
609 1649 635 1676 in
652 1648 803 1684 iuventutis
823 1653 889 1676 aestu
913 1648 1036 1676 fecundi-

250 1698 306 1721 tate
321 1694 452 1729 profudit.
470 1694 507 1722 De
522 1695 621 1730 quibus
633 1695 763 1730 prazclare
774 1695 842 1722 dixit
857 1695 1037 1731 Hieronymus

248 1739 276 1767 in
284 1739 398 1774 Prologo
410 1739 443 1767 ad
460 1739 678 1768 Commentarios
689 1741 717 1768 in
734 1740 844 1774 Lucam,
857 1740 999 1776 Origenem
1009 1741 1035 1768 in

247 1784 410 1820 quibusdam
421 1785 596 1813 Tractatihus
614 1795 623 1812 ‹
636 1786 714 1821 quasi
726 1794 837 1821 puerum
854 1787 915 1814 talis
929 1786 1035 1819 ludere;

248 1830 302 1857 alia
316 1838 376 1858 esse
391 1830 479 1858 virilia
504 1831 563 1865 ejus
587 1836 614 1858 et
641 1832 790 1859 senectutis
806 1833 887 1860 seria.
900 1842 909 1859 ι
939 1832 1036 1868 Negari

248 1880 339 1902 autern
368 1882 420 1902 non
449 1881 546 1909 potest,
578 1875 643 1910 quin
669 1875 796 1911 Origcuis
819 1876 977 1911 suffragium
1000 1877 1033 1904 de

248 1921 382 1947 catholica
409 1921 533 1948 doctrina
561 1922 615 1956 peti
648 1922 746 1950 debent
770 1929 802 1949 ex
837 1922 872 1950 iis
902 1923 1037 1958 praecipue

249 1966 444 2000 scriptis,qu:e
461 1966 579 2001 publicis
600 1967 693 1994 usibus
713 1967 771 2002 ipse
795 1967 957 2001 destinavit;
977 1976 1037 2003 qua:

248 2011 366 2046 cogitate
395 2017 422 2039 et
452 2017 556 2040 attente
592 2013 814 2048 exaravit:qu:e
843 2014 958 2049 denique
980 2014 1035 2049 jam

249 2064 342 2089 senex,
362 2063 390 2085 et
402 2059 481 2092 longo
505 2067 594 2086 rerqu
610 2067 661 2086 usu
684 2064 712 2087 et
734 2061 898 2095 experientia
926 2060 1037 2089 eductus

249 2104 410 2138 composuit.
423 2104 581 2138 Huiusmodi
596 2110 669 2138 sunt,
682 2106 802 2133 omnium
813 2113 959 2140 consensu,
975 2107 1036 2135 libri

248 2154 311 2177 octo
329 2154 421 2176 contra
437 2149 543 2177 Celsum
563 2149 734 2184 Epicureum.
749 2151 854 2187 Quippe
869 2152 894 2179 in
907 2152 949 2180 his
963 2160 1038 2180 com-

1088 234 1190 258 norunt
1200 229 1365 262 discernere,
1386 229 1451 256 mihi
1472 229 1687 264 suppeditarunt.
1717 229 1752 256 Ex
1767 231 1847 264 quibus

1086 276 1213 304 omnibus
1228 282 1307 309 spero
1322 275 1388 308 fore,
1404 280 1434 302 ut
1448 274 1532 302 lector
1542 274 1668 301 cordatus
1677 274 1747 301 clare
1758 276 1847 304 tandem

1087 322 1244 358 perspiciat,
1265 329 1346 356 quam
1370 322 1533 356 impotenter
1555 321 1581 348 in
1607 320 1749 356 Origencm
1766 323 1847 350 debac-

1086 369 1181 396 chatus
1194 369 1228 395 sit
1245 368 1381 399 Petavius,
1397 367 1461 394 dum
1477 367 1513 394 ita
1535 366 1568 394 de
1587 366 1666 393 Patre
1681 366 1738 401 (vel
1750 367 1847 396 inimicis

1084 414 1236 449 judicibns)
1252 413 1423 440 sanctissimo
1446 417 1528 446 atque
1548 412 1730 439 eruditissimo
1749 413 1849 442 scribere

1087 467 1138 486 non
1160 465 1203 487 est
1227 459 1352 486 veritus:
1373 467 1382 484 ί
1399 459 1435 485 De
1457 457 1584 493 Origene,
1598 468 1608 483 ι
1633 459 1721 494 inquit
1742 457 1848 486 Petavius

1089 505 1124 532 De
1135 504 1230 531 Trinit.
1247 504 1292 533 lib.
1311 511 1329 536 I,
1347 512 1406 538 cap.
1431 503 1475 537 l2,
1496 511 1571 530 num.
1592 503 1620 536 9,
1647 513 1657 529 ι
1673 508 1782 535 constat,
1800 513 1848 532 eum

1087 551 1121 578 de
1138 551 1207 578 Filio
1220 558 1252 578 ac
1270 551 1371 584 Spiritu
1396 555 1491 577 sancto
1515 550 1597 585 impie
1618 550 1782 585 absurdeque
1797 559 1846 578 seu-

1086 597 1164 625 sisse.
1175 607 1184 623 l
1202 597 1234 624 Et
1250 597 1329 631 paulo
1341 601 1401 631 post
1413 604 1487 624 num.
1501 597 1534 623 lt)
1549 605 1556 623 :
1578 606 1587 622 ι
1602 597 1731 632 Origenes
1748 601 1774 623 ut
1788 602 1849 624 elate

1090 644 1183 670 Arium
1211 642 1369 674 antecessit,
1398 642 1439 669 sic
1465 643 1602 677 impietate
1625 650 1690 677 par;
1715 642 1767 669 imo
1790 643 1849 677 impii

1089 688 1224 723 dogmatis
1242 694 1335 714 auctor
1353 687 1389 714 illi
1407 687 1467 714 fuit.
1479 696 1488 713 ι
1507 687 1538 714 Et
1549 688 1648 722 passim
1664 687 1728 714 alibi
1740 687 1849 722 ejusmodi

1087 734 1208 761 convicia
1235 734 1261 760 iu
1290 733 1433 768 Origenem
1448 733 1523 768 jacit.
1555 733 1682 760 Fortasse
1709 733 1849 760 existimavit

1086 779 1201 810 Jesuita.
1216 787 1245 807 se
1263 779 1391 813 religione
1403 787 1450 806 sua
1466 780 1500 806 ad
1516 779 1540 806 id
1552 779 1713 806 obstrictum
1728 778 1817 811 fuisse,
1828 783 1849 805 ut

1088 826 1124 853 ita
1136 825 1289 853 venerando
1305 824 1377 852 Patri
1395 825 1586 857 malediceret;
1601 825 1674 858 quod
1689 823 1789 852 scilicet
1802 823 1850 852 Ori-

1088 880 1168 908 genes
1183 877 1210 899 et
1225 871 1382 907 Origenistte
1394 878 1455 899 cum
1469 871 1637 906 dogmatibus
1655 871 1713 897 suis
1721 870 1850 897 damnatiet

1088 917 1321 946 anathematismis
1331 917 1451 945 confossi
1478 916 1578 944 fuerint
1592 916 1650 952 (24)
1673 916 1700 943 in
1720 916 1806 951 quinta
1817 924 1852 952 sy-

1089 965 1169 992 nodo.
1186 963 1286 994 Yerum
1307 971 1360 990 non
1380 963 1489 990 defuere
1510 963 1561 989 viri
1584 963 1705 989 illustres
1722 970 1738 989 e
1752 962 1851 990 Romana

1089 1010 1207 1038 Ecclesia
1246 1009 1393 1045 (Joannem
1424 1009 1516 1036 Picum
1534 1008 1749 1035 Mirandulauum
1790 1007 1846 1039 dico,

1087 1056 1216 1084 Jacohum
1258 1055 1399 1083 Merlinum
1434 1054 1647 1082 Victuroiensem
1666 1074 1675 1087 ,
1710 1054 1852 1082 Desiderium

1088 1101 1229 1129 Erasmum
1245 1101 1456 1128 Roterodamuui
1466 1120 1475 1132 ,
1495 1100 1600 1127 Sixtum
1616 1099 1775 1132 Senensetn,
1789 1099 1852 1126 Clau-

1088 1148 1161 1175 dium
1175 1147 1361 1182 Espenczeulu,
1379 1146 1531 1174 Gilbertum
1557 1145 1762 1173 Genehrardum
1778 1150 1803 1173 et
1817 1145 1852 1172 Pe-

1089 1199 1158 1222 trum
1173 1194 1323 1221 llalloxium
1334 1193 1355 1228 ),
1371 1193 1416 1227 qui
1433 1192 1500 1219 nihil
1514 1192 1565 1219 sibi
1584 1197 1738 1219 metuentes
1754 1199 1769 1218 a
1783 1190 1852 1224 quinti

1089 1239 1197 1266 concilii
1213 1237 1456 1269 anathematismis,
1485 1237 1630 1272 Origenem
1651 1245 1706 1264 non
1721 1237 1794 1263 modo
1808 1237 1853 1264 sitve

1090 1286 1188 1320 probro
1203 1285 1351 1316 nominare,
1368 1285 1452 1311 sedet
1462 1283 1549 1318 palam
1565 1288 1714 1318 aperteque
1731 1282 1853 1311 defendere

1090 1332 1148 1359 ausi
1163 1335 1236 1358 sunt.
1255 1330 1387 1357 Nimirum
1412 1335 1485 1357 recte
1507 1329 1664 1364 judicarunt
1683 1329 1749 1362 isti,
1770 1329 1801 1356 ab
1820 1328 1853 1355 illa

1089 1379 1191 1414 synodo
1218 1384 1271 1404 non
1287 1381 1341 1403 tam
1353 1377 1438 1410 ipsum
1455 1375 1609 1410 Origenem,
1625 1381 1673 1402 aut
1688 1375 1798 1410 genuina
1809 1373 1853 1402 Ori-

1089 1424 1166 1460 genis
1188 1423 1297 1458 placita,
1321 1430 1402 1457 quam
1417 1421 1647 1457 perniciosissima
1671 1422 1718 1448 illa
1737 1422 1852 1456 dogmata,

1089 1470 1123 1497 de
1145 1469 1278 1496 'l'rinitate
1308 1467 1471 1503 ἑτερουσίῳ,
1498 1467 1531 1494 de
1556 1467 1728 1502 pbantastica
1755 1466 1854 1501 corporis

1091 1516 1288 1544 resurrertione
1310 1523 1371 1550 qua:
1388 1515 1414 1541 in
1430 1514 1590 1541 adulteratis
1612 1513 1741 1548 Origcnis
1765 1513 1854 1547 scriptis

1086 1563 1303 1592 continerentur,
1341 1567 1435 1595 quaeve
1463 1557 1584 1586 nonnulli
1615 1557 1796 1592 Origeuistaa,
1818 1556 1854 1590 qui

1086 1613 1256 1638 vocarentur,
1277 1607 1364 1642 magni
1380 1605 1452 1633 illius
1472 1605 1589 1632 nominis
1611 1603 1761 1639 patrocinio
1780 1602 1855 1630 defeo~

1086 1654 1200 1686 derent,
1224 1653 1396 1680 anathemate
1416 1651 1593 1678 c0ndemuata
1613 1650 1709 1677 fuisse.
1736 1648 1854 1677 Damnavit

1087 1700 1194 1735 quidem
1209 1698 1328 1734 synodus
1345 1705 1396 1725 una
1411 1705 1473 1724 cum
1487 1697 1546 1725 istis
1569 1701 1597 1724 et
1616 1696 1753 1731 paradoxa
1774 1695 1812 1722 illa
1830 1695 1855 1722 de

1086 1744 1299 1781 przeeasistentia
1327 1743 1490 1775 animarum,
1518 1742 1553 1769 de
1577 1742 1661 1769 astris
1683 1747 1712 1769 et
1735 1741 1855 1768 elementis

1087 1792 1224 1822 animatis,
1241 1795 1308 1822 etc.,
1331 1797 1390 1824 quae
1407 1796 1472 1816 vere
1489 1788 1613 1823 Origenis
1639 1788 1719 1815 fuere
1732 1796 1739 1814 :
1752 1787 1794 1814 sed
1815 1786 1854 1813 ista

1087 1836 1225 1864 damnavit
1240 1840 1345 1863 tantum
1357 1839 1388 1862 ut
1404 1835 1468 1862 falsa
1490 1839 1517 1862 et
1534 1834 1702 1869 perabsurda
1712 1854 1721 1866 ,
1745 1841 1792 1860 non
1806 1837 1852 1859 tan-

1087 1889 1167 1917 quam
1192 1881 1338 1913 hzeretica;
1364 1880 1416 1907 nisi
1442 1880 1591 1908 accesserit
1619 1879 1762 1914 praefracta
1786 1877 1852 1905 animi

1086 1927 1244 1959 obstinatio,
1260 1931 1288 1954 et
1298 1926 1439 1954 catholicae
1452 1926 1594 1954 sententiae
1614 1931 1783 1958 contemptus
1797 1933 1804 1951 :
1817 1923 1851 1958 qui

1087 1979 1116 2001 ut
1131 1973 1165 2001 ab
1179 1973 1236 2008 ipso
1252 1972 1368 2008 Origene
1381 1972 1474 2007 procul
1495 1971 1590 2004 abluit,
1610 1972 1647 1998 ita
1667 1973 1694 1998 in
1715 1969 1853 2006 Origeuistis

1087 2019 1223 2054 plerisque
1234 2018 1346 2045 nimium
1361 2025 1390 2045 se
1403 2017 1531 2063 prodidit.
1549 2016 1602 2045 Sed
1626 2017 1736 2044 tandem
1761 2016 1791 2044 ad
1808 2022 1851 2043 rem

1087 2067 1172 2101 ipsam
1187 2065 1358 2092 accedamus.

1123 2110 1136 2146 ς
1155 2110 1198 2138 ιν.
1212 2111 1240 2138 In
1252 2109 1327 2137 libris
1348 2114 1438 2136 contra
1451 2108 1555 2136 Celsum
1572 2108 1653 2136 toties
1667 2107 1792 2142 Origenes
1803 2113 1851 2133 vere

1088 2155 1217 2188 divinam,
1242 2155 1292 2182 hoc
1304 2158 1357 2187 est,
1373 2154 1533 2186 iucreatam,
1557 2153 1704 2184 inﬁnitam,
1723 2154 1850 2186 incompre-

249 2203 359 2223 munem
375 2195 593 2224 Christianorum
607 2197 772 2229 doctrinam,
792 2198 921 2226 adversus
937 2199 1037 2226 instru-
1051 2197 1074 2226 D
1089 2200 1259 2232 hensibilem,
1271 2199 1467 2227 immutabilem
1479 2199 1558 2227 Verbi
1571 2204 1598 2226 et
1612 2199 1738 2228 Filii.Dei
1750 2203 1850 2226 naturam

249 2241 399 2269 ctissimum
414 2241 554 2277 religionis
575 2247 674 2270 nostra}
693 2244 797 2271 hostem
813 2249 961 2279 propugnat
977 2254 984 2272 :
1004 2245 1030 2272 hi

250 2295 358 2315 summo
376 2290 496 2316 auctoris
509 2289 609 2321 studio,
631 2290 749 2317 tuaxinta
770 2291 933 2325 eruditione,
957 2292 1037 2326 idque

250 2334 285 2360 ab
298 2333 356 2368 ipso
372 2334 427 2369 jam
445 2335 622 2370 sexagenario
636 2335 731 2371 majori
748 2336 799 2372 (ut
808 2336 907 2365 diserte
922 2342 1037 2365 testatur

249 2379 382 2407 Eusebius
398 2381 468 2407 Hist.
488 2381 632 2408 ecrlesiau.
656 2382 704 2409 lih.
725 2389 762 2414 Vt,
783 2390 842 2418 cap.
860 2383 919 2418 36)
944 2384 1037 2412 elucu-

250 2425 321 2453 brati
336 2425 422 2454 fuere.
436 2425 531 2461 itaque
546 2434 579 2454 ex
595 2428 637 2454 his
645 2428 782 2463 praecipue
791 2429 866 2456 libris
879 2430 1034 2457 testimonia

251 2479 310 2500 mea
323 2474 470 2507 proferam,
495 2472 594 2507 quibus
619 2474 788 2502 Catholicum
821 2475 904 2502 fuisse
930 2476 956 2503 in
985 2477 1036 2504 hoc

250 2519 363 2546 articulo
375 2518 519 2554 Origeoem
534 2519 675 2547 ostendam
692 2530 699 2548 :
714 2521 844 2555 subjectis
853 2525 957 2548 tantum
970 2521 1036 2550 locis

249 2565 420 2598 quibusdam,
444 2572 504 2600 qua!
526 2572 559 2592 ex
576 2565 637 2593 aliis
658 2566 741 2600 ipsius
768 2566 879 2600 scriptis
907 2567 1034 2595 catholici

249 2610 385 2643 doctores,
394 2610 441 2646 qui
452 2611 578 2647 Origenis
586 2612 752 2646 temporibus
762 2613 940 2648 proximiores
951 2613 1036 2647 fuere,

271 2700 341 2741 _(2_5_)
357 2700 427 2727 Nam
443 2701 497 2728 alia
510 2703 548 2741 _ad
562 2703 660 2741 amicos
671 2709 774 2741 secreto
787 2703 904 2741 scripsit,
927 2709 982 2741 etc.
999 2704 1038 2732 De

251 2733 294 2771 his
312 2733 491 2771 Hieronymus
510 2737 536 2764 itt
557 2739 669 2770 epistola
682 2738 727 2771 65,
743 2739 775 2765 ad
789 2733 993 2766 Parinna'ehium
1011 2745 1039 2767 et

250 2769 547 2814 9t:e!ait_tt|rt,li§statttr,
576 2769 730 2814 Origepenf
755 2774 780 2800 in
813 2774 925 2814 epistola
956 2782 1037 2814 quam

252 2805 403 2845 scripsitad
416 2805 576 2837 Fabianum,
588 2805 776 2845 pce'uitentiam
795 2805 894 2843 egisse,
912 2805 1039 2836 cur'talia

252 2842 401 2873 scripserit,
425 2844 452 2868 ct
476 2842 777 2872 causautltemeritatis
810 2842 837 2871 in
864 2845 1039 2872 Ambrosium

1087 2247 1217 2279 declarat,
1233 2250 1272 2278 ut,
1289 2246 1314 2274 si
1328 2247 1418 2273 omnia
1435 2246 1487 2273 huc
1501 2246 1654 2280 spectantia
1669 2245 1764 2272 vellem
1784 2243 1851 2271 addu-

1086 2301 1159 2326 cere,
1175 2293 1233 2327 ejus
1252 2292 1438 2328 Syutagmatis
1458 2299 1521 2326 pars
1543 2299 1639 2327 magna
1658 2292 1724 2319 mihi
1743 2289 1850 2318 transcri-

1087 2340 1173 2367 benda
1190 2338 1269 2367 foret.
1286 2338 1378 2374 Itaque
1395 2346 1429 2366 ex
1442 2345 1475 2365 eo
1492 2345 1574 2373 opere
1595 2337 1656 2365 loca
1679 2343 1778 2365 tantum
1795 2335 1850 2363 sele-

1086 2385 1173 2412 ctiora
1192 2385 1315 2419 quaedam
1344 2383 1524 2418 proferemus.
1554 2383 1582 2410 In
1608 2384 1678 2411 libro
1701 2391 1708 2409 ι
1732 2383 1763 2410 de
1784 2380 1850 2414 Magis

1086 2439 1119 2458 ex
1134 2431 1245 2458 Oriente
1267 2430 1294 2457 in
1316 2429 1436 2457 Judaeum
1457 2428 1645 2461 venientibus,
1671 2428 1705 2457 ad
1731 2426 1848 2455 visendum

1085 2476 1199 2511 Regem,
1214 2483 1294 2511 quem
1312 2475 1389 2503 stella
1408 2475 1516 2502 insolita
1545 2475 1685 2507 indicavit,
1701 2480 1794 2508 agens,
1817 2472 1847 2497 sic

1086 2522 1204 2556 loquitur
1219 2528 1293 2548 num.
1311 2521 1356 2551 60,
1369 2528 1431 2556 pag.
1441 2521 1494 2547 375
1511 2529 1520 2548 ι
1537 2520 1670 2556 Φέροντες
1685 2520 1735 2555 μὲν
1749 2518 1820 2554 δῶρα,
1834 2516 1846 2542 ἃ

1086 2567 1136 2602 (ἶν’
1168 2566 1254 2598 οὕτως
1283 2565 1424 2601 ὀνομάσω)
1455 2565 1574 2600 συνθέτῳ
1600 2565 1654 2591 τινὶ
1681 2565 1714 2591 ὲκ
1735 2562 1795 2589 Θεοῦ
1813 2561 1847 2588 καὶ

1084 2612 1230 2649 ἀνθρώπου
1256 2611 1354 2647 θνητοῦ
1376 2612 1578 2647 προσήνεγκαν,
1596 2610 1716 2646 σύμὼλα
1737 2610 1791 2645 μὲν,
1819 2606 1847 2636 ὼς

1085 2703 1224 2735 retulisse,
1239 2703 1310 2736 quod
1321 2708 1427 2730 secreto
1440 2702 1513 2730 edita
1525 2703 1552 2730 in
1570 2701 1705 2738 publicum
1715 2697 1842 2736 protulerit.

1085 2739 1221 2768 GEORGIUS
1237 2738 1352 2766 BULLus.

1122 2774 1178 2809 (‘24)
1193 2773 1224 2799 In
1236 2774 1327 2805 quinta
1339 2773 1452 2809 synodo.
1471 2772 1523 2800 Seu
1537 2772 1626 2807 potius
1644 2772 1669 2799 in
1685 2772 1750 2809 alia_
1762 2766 1842 2809 ςιιξξξιξιξ

1086 2801 1320 2843 Coiislantiiiopoli
1338 2801 1440 2841 habita,
1453 2801 1546 2842 quinta
1566 2808 1609 2834 illa
1627 2805 1762 2843 anteriori.
1774 2801 1780 2804 ’
1793 2801 1842 2828 Villi5

1090 2843 1188 2872 Valesii
1217 2841 1299 2872 Notas
1328 2843 1361 2872 ad
1386 2843 1616 2879 Evagriummag.
1643 2843 1703 2870 ill.
1737 2841 1772 2868 lo.
