1908 3071
120 113 198 140 1289

622 114 669 137 ut
694 109 725 137 ϐ.
745 109 846 137 BULLI
867 108 941 137 DEF.
962 107 1050 136 FlDEl
1070 108 1233 137 NlCtENtE.

1661 110 1727 134 12910

113 169 228 206 βασιλεῖ
241 170 286 197 τὸν
297 169 405 205 χρυσὸν,
420 170 458 202 ὡς
469 169 498 196 δὲ
510 169 695 204 τεθνηξομένῳ
707 169 755 204 τὴν
767 169 897 205 σμύρναν,

952 175 1021 200 rum,
1033 169 1110 195 dictis
1129 168 1275 202 Scriptura:
1296 168 1364 195 locis
1387 168 1571 200 abutendum;
1593 174 1728 202 quamque

116 217 161 248 ὡς
180 216 210 243 δὲ
229 215 289 251 Θεῷ
299 215 344 242 τὸν
355 215 511 242 λιϐανωτόν·
529 215 547 242 i.
562 221 588 242 e.
605 223 614 242 :
630 224 640 240 ι
655 214 782 242 Ferentes
792 216 861 242 dona
874 215 899 241 ei

117 261 169 295 qui
186 261 394 295 componebatur
409 260 505 295 (utsic
519 260 628 294 loquar)
641 267 674 287 ex
690 260 743 287 Deo
754 265 782 287 et
792 259 901 286 homine

119 307 243 338 mortali,
255 306 375 342 symbola
388 306 556 339 obtulerunt;
571 313 664 333 aurum
680 310 808 340 tanquam
833 306 899 339 regi,

114 357 152 379 ut
165 352 295 379 morituro
312 353 462 387 myrrham,
475 355 504 378 ut
515 351 569 378 Deo
582 351 654 378 thus.
673 359 683 376 ι
699 350 747 377 Ubi
762 350 787 377 in
801 350 900 377 Christi

114 404 236 432 persona
260 396 381 432 agnoscit
402 401 430 424 et
449 396 583 423 hominem
606 395 746 422 mortalem
766 399 793 422 et
818 395 900 422 Deum

116 443 323 475 immortaiem,
348 442 391 470 cui
414 442 500 469 Itonos
529 442 635 469 divinus
659 441 747 468 thuris
767 441 901 468 oblatione

114 488 187 515 olim
200 488 322 515 exhiberi
349 487 455 519 solitus,
478 487 617 515 debeatur.
639 486 687 514 Cui
709 485 832 521 geminus
858 490 901 513 est

122 533 210 566 locus,
227 533 272 567 qui
289 532 315 559 in
329 532 425 560 eodem
446 532 528 564 libro,
539 530 660 566 pauculis
671 531 819 566 interiectis
830 531 901 566 pagi-

120 578 175 611 nis,
191 578 310 605 occurrit
325 587 332 605 :
349 577 393 604 ubi
408 576 487 604 Celso
500 576 609 604 ludeute
620 577 645 604 in
662 577 817 611 sanguinem
837 575 900 603 Iesu

119 623 262 660 profusum
282 624 309 650 in
322 630 418 655 cruce,
437 629 470 649 ac
485 622 600 654 dicente,
630 629 704 649 «non
726 621 808 649 fuisse
827 622 899 650 illum

114 678 265 703 cruorem,
295 669 383 704 qualis
417 669 487 697 divis
519 669 587 697 solet
618 677 678 696 esse
708 669 835 701 beatis;r
863 669 899 696 ita

116 715 402 751 respondetOrigcncs
419 723 492 742 num.
508 715 552 748 66,
566 722 626 750 pag.
643 715 706 748 380,
720 715 769 743 581
785 715 900 751 ιἫμεῖς

115 762 149 789 δὲ
168 762 241 798 αὐτῷ
260 762 430 793 πιστεύοντες
456 761 553 796 Ἰησοῦ,
569 762 631 797 περὶ
652 761 700 797 μὲν
713 761 763 796 τῆς
778 762 807 788 ὲν
826 761 900 796 αὐτῷ

116 809 258 843 Θειότητος
270 808 391 842 λέγοντι·
408 807 478 842 Ἐγώ
488 808 546 842 ειμι
555 807 574 842 ἢ
585 807 664 840 ὁδὸς,
679 807 728 834 καὶ
736 807 754 841 ἠ
764 806 898 841 ἀλήθεια,

951 213 1088 241 sententia:
1100 212 1311 244 Catholicorum.
1332 221 1364 240 ex
1386 219 1468 248 opere
1492 212 1636 240 creationis
1660 213 1728 240 divi-

950 258 1061 284 nitatem
1090 256 1151 284 Filii
1180 257 1378 289 asserenlium,
1406 258 1440 285 ad
1467 258 1596 286 amussim
1629 266 1728 286 conve-

951 302 1125 333 niat,o¢ulati
1138 309 1231 330 omnes
1245 303 1347 330 vident.
1375 302 1474 331 Ibidem
1496 303 1573 331 docet
1596 303 1728 339 Origenes

952 348 998 375 Dei
1011 348 1091 375 Verbi
1108 348 1275 375 divinitatem
1285 356 1333 383 per
1343 350 1557 378 incarnationem
1570 351 1726 385 neutiquam

951 393 1033 421 fuisse
1057 393 1095 420 ita
1126 393 1368 427 circumscriptam,
1384 399 1413 421 ut
1434 402 1566 430 nusquam
1583 395 1626 423 illa
1655 401 1729 423 esset

950 443 1026 466 extra
1041 437 1104 466 Iesu
1123 446 1221 472 corpus
1245 443 1272 465 et
1289 440 1424 472 animam;
1440 442 1486 467 sed
1510 448 1571 468 esse
1593 441 1728 476 fuisseque

951 491 1057 519 semper
1077 483 1211 518 φθάνοντα
1239 485 1388 520 πανταχοῦ,
1406 486 1500 520 ubique
1525 491 1686 520 praesentem.
1700 487 1729 514 Id

951 537 1014 558 vero
1030 537 1064 558 ne
1078 532 1139 564 quis
1155 531 1180 557 in
1202 529 1386 558 Cerinthiame
1413 531 1524 559 haeresis
1550 534 1728 566 patrocinium

951 577 1081 609 traheret,
1096 584 1158 603 mox
1172 576 1320 611 subiungit,
1335 585 1397 612 pag.
1411 576 1480 605 394:
1495 578 1726 614 Ταῦταδὲφαμεν,

948 622 980 648 οὐ
996 621 1155 657 χωρίζοντες
1168 621 1213 649 τόν
1227 621 1291 648 Υὶὸν
1307 621 1353 649 τοῦ
1373 621 1440 649 Θεοῦ
1471 623 1526 650 ἀπὸ
1549 623 1596 650 τοῦ
1630 624 1726 660 Ἰησοῦ·

949 667 978 694 ἓν
991 667 1044 702 γὰρ
1055 667 1170 703 μάλιστα
1186 667 1255 702 μετὰ
1269 667 1318 703 τὴν
1332 668 1485 704 οἰκονομίαν
1501 669 1644 704 γεγένηται
1661 670 1728 705 πρὸς

948 713 994 741 τὸν
1015 712 1100 747 Λόγον
1117 713 1163 739 τοῦ
1182 712 1248 740 Θεοῦ
1260 714 1276 749 ἡ
1288 712 1360 749 ψυχὴ
1372 713 1418 740 καὶ
1429 714 1461 741 τὺ
1474 714 1552 749 σῶμα
1564 714 1611 741 τοῦ
1632 715 1727 750 Ἰησοῦ,

949 758 1039 791 idest,
1056 767 1066 783 ι
1084 757 1147 785 Haec
1164 763 1253 785 autent
1277 766 1330 786 non
1359 766 1391 786 eo
1418 766 1432 786 a
1453 758 1531 787 nobis
1556 752 1626 787 dicta
1654 766 1728 792 sunt.

949 802 1019 838 quod
1035 810 1191 839 separemus
1206 810 1222 831 a
1241 803 1303 832 Iesu
1325 803 1421 832 Filium
1435 804 1501 837 Dei;
1524 813 1629 834 summe
1657 806 1728 833 enim

116 853 170 881 καὶ
188 842 212 887 1’17
219 853 285 888 ζωὴ,
305 854 352 880 καὶ
365 853 392 880 ετ
407 862 433 880 τι
448 853 552 885 τούτοις
575 853 771 889 παραπλήσιον.
787 853 853 889 Περὶ
871 853 897 880 δὲ

952 848 1025 875 unita
1040 848 1117 877 fuere
1130 854 1190 884 post
1205 849 1432 884 dispensationem
1441 851 1530 878 anima
1541 851 1605 879 Iesu
1617 860 1730 887 corpus-

113 900 178 932 τοῦ,
192 901 232 927 ὅτι
249 901 278 926 ὲν
295 899 455 935 ἀνθρωπίνῳ
467 899 572 934 σώματι
594 896 628 934 ἦν
646 898 731 925 ταῦτα
752 898 898 933 φασκόντι*

119 947 151 973 Ν
152 946 189 973 ὗν
198 945 232 972 δὲ
241 944 350 979 ζητεῖτέ
354 954 392 980 με
404 944 574 982 dumeta-ith
581 945 744 978 ἄνθρωπον,
750 945 836 978 ὅστις
843 945 901 980 τὴν

114 991 266 1026 ἀλήθειαν
272 992 344 1027 ὑμῖν
356 991 520 1026 λελάληκα·
529 990 652 1018 σύνθετόν
667 999 693 1017 τι
704 991 798 1026 χρῆμά
810 1000 899 1027 φαμεν

115 1039 201 1066 αὐτὸν
211 1039 360 1074 γεγονέναι·
373 1039 391 1066 i.
403 1046 441 1071 e.,
451 1048 461 1064 ι
472 1038 526 1065 Nos
537 1045 601 1066 vero
614 1039 664 1072 ipsi
675 1037 736 1065 Iesu
747 1038 898 1070 credentes,

119 1086 157 1113 de
172 1086 310 1113 divinitate
328 1085 435 1120 quidem
453 1091 511 1119 quae
532 1084 557 1111 in
577 1091 610 1111 eo
632 1089 690 1111 erat
704 1084 804 1111 dicenti
819 1093 826 1110 :
842 1083 898 1119 Ego

111 1139 176 1158 sum
192 1131 243 1163 ria,
254 1131 348 1158 veritas
358 1137 383 1157 et
398 1131 449 1157 vita
459 1131 492 1162 ⁵⁸,
515 1133 542 1156 et
561 1130 583 1157 si
599 1130 662 1164 quid
673 1135 715 1157 est
730 1129 772 1157 his
791 1130 897 1157 simile:

113 1176 152 1203 de
167 1183 281 1210 corpore
295 1183 360 1203 vero
377 1177 402 1202 in
424 1183 478 1210 quo
492 1181 550 1203 erat
566 1175 684 1202 humano
699 1175 738 1203 sic
756 1175 876 1210 loquenti
889 1185 897 1204 :

116 1221 198 1248 Nunc
214 1229 255 1248 nte
263 1221 381 1255 quaeritis
400 1220 544 1255 interﬁcere
555 1220 695 1253 hominem,
707 1221 751 1255 qui
765 1222 898 1248 veritatem

113 1268 188 1295 vobis
217 1267 318 1294 [acutus
340 1275 397 1294 sum
412 1267 434 1283 "
449 1275 456 1293 :
473 1266 560 1294 aimns
579 1275 639 1294 cum
667 1267 750 1294 fuisse
771 1267 897 1302 quiddam

113 1314 327 1348 composituth
347 1313 408 1339 Mox
431 1313 530 1346 dicitp.
549 1313 596 1339 381
613 1313 751 1340 Christum
767 1313 895 1340 habuisse

112 1358 252 1394 θειότερόν
266 1367 291 1385 τι
309 1360 338 1386 ὲν
355 1358 393 1394 τῷ
412 1357 568 1393 βλεπομένῳ
584 1357 728 1393 ἀνθρώπῳ,
748 1358 817 1394 ὅπερ
836 1356 870 1394 ἦν
883 1359 898 1385 ὁ

117 1405 230 1438 κυρίως
245 1403 309 1435 Υἱὸς
331 1403 411 1435 Θεοῦ,
428 1403 493 1435 Θεὸς
511 1403 606 1437 Λόγος,
625 1402 693 1430 Θεοῦ
707 1402 829 1439 δύναμις,
851 1404 898 1431 καὶ

104 1448 187 1475 ’Θεοῦ
197 1448 285 1483 σοφία·
296 1449 314 1474 i.
323 1456 359 1479 e.,
372 1447 518 1480 «Quiddam
530 1447 645 1474 divinius
653 1447 702 1475 sub
716 1448 831 1474 humana
842 1455 898 1481 spe-

115 1494 163 1522 cie
174 1513 182 1526 ,
204 1494 273 1528 quod
294 1497 353 1520 erat
370 1492 473 1527 proprie
502 1492 547 1518 Dei
568 1491 667 1522 Filius,
685 1492 754 1520 Deus
770 1492 895 1525 Verbum,

116 1540 207 1567 virtus
226 1539 409 1574 sapietttiaque
429 1538 486 1567 Dei.
507 1547 517 1563 ι
542 1537 575 1564 Et
597 1543 657 1572 post
683 1537 894 1572 aliquammulta.

115 1585 254 1613 Christum
267 1584 384 1620 appellat
398 1592 471 1610 num.
483 1583 526 1615 68,
545 1592 572 1618 p.
588 1584 649 1615 585,
663 1584 727 1610 Θεὸν
745 1585 774 1610 ἐν
790 1584 895 1620 ἀνθρω-

117 1630 189 1665 πίνῳ
214 1630 330 1664 φανέντα
360 1629 464 1664 σώματι
495 1629 538 1655 ἐπ’
559 1629 701 1664 εὐεργεσίᾳ
735 1629 780 1655 τοῦ
804 1629 896 1663 γένους

116 1676 206 1711 ήμῶν,
219 1686 228 1702 ι
241 1676 322 1703 Deum
339 1679 511 1710 apparentem
526 1675 552 1701 in
564 1675 681 1702 humano
689 1682 812 1710 corpore,
827 1680 855 1702 ut
869 1676 895 1702 in

117 1725 240 1749 nostrum
252 1728 336 1757 genus
352 1725 494 1749 exerceret
506 1721 720 1748 beneﬁcentiam.
740 1730 750 1747 ι

138 1766 168 1802 '§
182 1767 213 1794 V.
225 1766 253 1794 lu
268 1767 336 1794 libro
347 1766 465 1794 secundo
480 1767 566 1793 citans
581 1765 677 1793 Cenes.
689 1773 707 1798 ι,
722 1765 757 1794 26
775 1775 782 1793 :
797 1765 895 1794 Facia-

115 1821 176 1839 mus
202 1812 329 1839 hominem
357 1812 392 1838 ad
416 1812 557 1846 imaginem
580 1818 603 1838 et
629 1811 824 1839 similitudinem
848 1822 895 1839 no-

114 1863 219 1890 strum;
243 1862 269 1884 ct
292 1857 378 1884 locutu
405 1856 511 1884 Davidis
532 1857 626 1891 psahn.
647 1864 758 1888 cxtvtn,
787 1857 897 1892 5:1,;se

113 1904 196 1936 dixit,
217 1909 242 1930 et
264 1903 334 1938 facta
355 1908 425 1935 sunt,
442 1903 497 1937 ipse
518 1903 647 1929 mandavit
669 1908 692 1929 et
710 1908 798 1930 creata
815 1910 895 1936 sunt;

113 1950 163 1977 Dei
178 1950 261 1977 fuisse
273 1950 369 1976 Filium
381 1957 413 1976 ac
428 1949 601 1982 Sermonem,
620 1950 662 1976 cui
679 1950 714 1976 ita
733 1950 837 1977 locutus
856 1957 897 1977 cst

113 2003 149 2022 ac
162 1996 288 2030 prtecepit
300 1995 369 2022 Deus
381 1994 473 2027 Pater,
487 1996 536 2022 ttae
547 1997 650 2022 ratione
664 1995 767 2030 colligit
782 2003 854 2021 num.
868 1997 894 2026 9.

113 2048 178 2077 pag.
201 2041 252 2069 595
265 2050 271 2067 :
286 2041 316 2068 Et
331 2041 384 2076 γὰρ
397 2040 545 2067 ἐνετείλατο
556 2042 569 2068 ὁ
580 2040 654 2073 Θεὸς,
675 2041 720 2067 καὶ
738 2039 847 2075 ἐκτίσθη
863 2041 897 2067 τὰ

111 2087 356 2125 δημιουργήματα·
371 2090 412 2120 τὶς
424 2088 467 2120 ἂν,
481 2089 550 2115 κατὰ
564 2089 594 2115 τὺ
606 2088 722 2124 ἀρέσκον
736 2087 774 2122 τῷ
789 2095 895 2124 προφη-

113 2135 185 2170 τικῷ
195 2135 341 2170 Πνεύματι,
355 2135 396 2170 εἴη
405 2135 474 2170 ὀτὴν
483 2134 645 2170 τηλικαύτην
656 2134 701 2160 τοῦ
713 2134 816 2175 llatae:
824 2134 897 2161 ἐντο-

951 901 1003 930 que
1010 902 1070 922 cum
1082 894 1170 923 Verbo
1180 895 1238 923 Dei.
1255 905 1265 922 t
1277 896 1375 932 Ecquis
1391 904 1456 925 vero
1469 903 1613 933 utramque
1626 899 1728 927 Christi

949 943 1084 972 naturam,
1098 945 1127 968 et
1151 940 1294 975 utriusque
1310 946 1412 970 naturae
1429 942 1555 971 unionem
1578 943 1727 978 hypostati-

949 992 1008 1015 cam
1031 985 1119 1020 magis
1142 985 1281 1014 Catholica
1302 987 1438 1022 explicare
1459 988 1562 1023 potuit,
1590 997 1670 1024 quam
1695 990 1728 1018 ab

949 1030 1066 1066 Origene
1091 1031 1164 1060 hisce
1178 1032 1204 1059 in
1218 1031 1285 1060 locis
1296 1032 1396 1060 factum
1407 1033 1468 1061 est?
1480 1033 1541 1061 Mox
1553 1035 1651 1062 ibidem
1666 1042 1728 1062 cor-

948 1082 999 1110 pus
1014 1074 1115 1103 Christi
1137 1075 1203 1104 dicit
1227 1084 1301 1103 num.
1319 1076 1364 1110 to,
1391 1077 1437 1104 τὸν
1451 1077 1558 1113 ἀληθῶς
1583 1079 1646 1106 ναὸν
1660 1079 1726 1109 Θεοῦ

947 1120 994 1148 τοῦ
1017 1120 1115 1155 Λόγου,
1130 1121 1177 1149 καὶ
1199 1122 1248 1158 τῆς
1272 1121 1378 1157 σοφίας,
1394 1124 1442 1151 καὶ
1468 1125 1517 1159 τῆς
1542 1124 1685 1160 ἀληθείας,
1701 1126 1728 1153 id

948 1170 1008 1199 est,
1038 1176 1048 1193 ι
1068 1165 1167 1194 Verum
1183 1167 1311 1202 templum
1326 1168 1373 1196 Dei
1390 1168 1481 1202 Verbi,
1497 1171 1620 1200 veritatis
1639 1177 1667 1200 et
1683 1163 1727 1200 sa-

947 1211 1072 1246 pientize;
1096 1221 1106 1238 I
1124 1212 1196 1247 quod
1208 1212 1305 1246 Iudaei,
1325 1213 1460 1249 lapideum
1469 1215 1516 1244 Dei
1529 1217 1656 1252 templum
1667 1218 1726 1253 plus

947 1265 978 1285 sa
982 1258 1015 1286 tis
1028 1264 1197 1292 venerantes,
1216 1265 1447 1295 contempserunt.

983 1303 999 1340 ς
1016 1304 1058 1332 Vl.
1072 1304 1100 1332 In
1115 1305 1184 1333 libro
1196 1307 1276 1334 tertio
1293 1307 1430 1343 obiicienti
1455 1309 1616 1339 Christianis
1637 1312 1726 1347 Celso,

947 1358 1023 1378 num.
1038 1351 1083 1384 M,
1096 1359 1122 1386 p.
1145 1352 1209 1385 I75,
1225 1353 1288 1386 ιιι,
1306 1363 1316 1380 ι
1341 1355 1411 1389 quod
1429 1354 1521 1384 Iesum
1539 1359 1646 1386 mortali
1665 1366 1726 1386 cor-

947 1403 1012 1430 pore
1030 1401 1198 1426 constantem
1212 1399 1323 1428 credant
1336 1408 1396 1429 esse
1422 1402 1516 1435 Deum,
1530 1403 1610 1439 idque
1622 1405 1664 1439 pie
1676 1406 1726 1433 sibi

948 1441 1091 1469 videantur
1107 1442 1213 1477 facere;
1233 1453 1242 1470 ι
1259 1444 1295 1472 ita
1308 1447 1451 1480 respondet
1464 1446 1595 1483 Origenes
1612 1459 1620 1477 :
1634 1450 1727 1477 Ἵστω-

949 1494 997 1513 σαν
1021 1487 1046 1513 οἱ
1068 1487 1260 1522 ἐγκαλοῦντες,
1281 1489 1322 1516 ὅτι
1341 1490 1370 1517 ὃν
1390 1491 1439 1526 μὲν
1459 1493 1603 1528 νομιζομεν
1618 1495 1664 1521 καὶ
1680 1503 1725 1522 πε-

947 1531 1082 1567 πείσμεθα
1092 1533 1210 1569 ἀρχῆθεν
1223 1532 1291 1562 εἶναι
1309 1535 1375 1562 Θεὸν
1392 1537 1438 1563 καὶ
1452 1537 1515 1564 Υἱὸν
1528 1538 1606 1571 Θεοῦ,
1623 1537 1698 1572 οὗτος
1712 1541 1726 1566 ό

945 1578 1088 1613 αὐτολόγος
1103 1580 1160 1606 ἐστὶ
1179 1581 1254 1616 καὶὴ
1274 1581 1420 1616 αὺτοσοφὶα
1439 1582 1485 1609 καὶ
1506 1584 1523 1619 ὴ
1537 1584 1725 1621 αὑτοαλήθεια·

944 1624 975 1651 τὸ
992 1624 1020 1651 δὲ
1033 1624 1127 1660 θνητὸν
1145 1625 1226 1652 αὺτοῦ
1251 1625 1339 1661 σῶμα,
1361 1627 1407 1653 καὶ
1432 1627 1481 1663 τὴν
1506 1629 1678 1666 ἀνθρωπίνην
1697 1632 1726 1658 ὲν

945 1670 1019 1706 αὺτῷ
1042 1671 1140 1706 ψυχὴν,
1170 1673 1202 1707 τῇ
1220 1672 1287 1707 πρὸς
1315 1673 1415 1700 ἐκεῖνον
1442 1674 1472 1700 οὑ
1498 1674 1577 1709 μόνον
1603 1676 1725 1712 κοινωνεῖν

945 1717 1013 1744 ἀλλὰ
1028 1718 1075 1747 καὶ
1089 1717 1183 1744 ἐνώσει
1198 1718 1244 1744 καὶ
1266 1719 1423 1754 ἀνακράσει,
1450 1719 1484 1746 τὰ
1508 1720 1726 1757 μέγιστάιφαμεν

945 1764 1164 1800 προσειληφέναι,
1180 1765 1283 1800 καὶτῆς
1299 1765 1403 1792 ἐκείνου
1417 1765 1553 1801 θειότητος
1566 1775 1725 1802 κεκοινωνη-

946 1811 1013 1837 κότα
1032 1811 1072 1843 εἰς
1093 1811 1158 1837 Θεὸν
1186 1811 1410 1846 μεταϐεϐηκέναι,
1424 1813 1448 1838 id
1461 1817 1512 1845 est,
1534 1821 1545 1838 ι
1563 1812 1656 1841 Sciant
1682 1815 1725 1841 isti

947 1857 1133 1884 criminatores
1153 1856 1223 1885 hunc
1244 1856 1335 1884 Iesum
1350 1877 1358 1890 ,
1379 1865 1458 1892 quem
1482 1858 1516 1885 ab
1539 1858 1614 1886 initio
1642 1860 1725 1887 Deum

947 1901 1047 1938 Deique
1060 1902 1156 1929 Filium
1170 1910 1230 1930 esse
1254 1903 1404 1936 credimus,
1420 1904 1506 1938 ipsum
1521 1911 1581 1931 esse
1595 1904 1724 1937 Verbum,

946 1950 1031 1983 ipsam
1047 1950 1198 1980 veritatem,
1216 1949 1300 1983 ipsam
1315 1949 1495 1984 sapientiam:
1511 1955 1635 1978 ueterum
1654 1959 1725 1978 rnor-

947 1995 1000 2022 tale
1018 1995 1075 2029 ejus
1090 2003 1189 2030 corpus
1210 2000 1237 2022 et
1255 1995 1400 2023 humanam
1423 1995 1449 2022 in
1466 2003 1500 2024 eo
1519 1996 1636 2023 animam
1654 1996 1725 2024 illius

947 2040 1027 2069 Verbi
1044 2049 1096 2069 non
1115 2041 1200 2069 solum
1215 2042 1469 2074 communicatione,
1488 2042 1535 2069 sed
1551 2042 1632 2069 etiam
1647 2042 1725 2069 unio-

946 2095 980 2114 ne
997 2092 1025 2114 et
1039 2089 1223 2122 permistione,
1240 2088 1357 2116 maxima
1371 2095 1485 2123 quat-que
1499 2087 1614 2115 dicimus
1646 2095 1724 2115 acce-

946 2132 1027 2166 pisse,
1040 2138 1067 2160 et
1082 2133 1248 2161 divinitatem
1268 2134 1354 2168 ipsius
1368 2134 1569 2168 participantia,
1594 2135 1620 2161 in
1640 2134 1723 2162 Deum

113 2181 164 2216 λὴν
175 2180 349 2216 ἐκπληρῶσαι
363 2180 495 2215 δυνηθεὶς,
514 2180 530 2215 ἢ
555 2181 569 2206 ὁ
589 2179 632 2215 (ἶν’
648 2179 732 2211 οὕτως
752 2178 894 2214 όνομάσῳ)

948 2178 1072 2206 evasisse.
1085 2188 1094 2204 ι
1124 2177 1206 2214 Cujus
1234 2179 1416 2213 responsionis
1436 2179 1468 2213 (si
1488 2179 1553 2214 quid
1569 2179 1656 2214 video)
1681 2179 1725 2206 hic

114 2226 237 2262 ἔμψυχος
260 2225 337 2260 λόγος
361 2225 408 2252 καὶ
428 2225 540 2260 ἀλήθεια
549 2226 699 2260 τυγχάνων,
718 2225 745 2253 id
767 2230 818 2257 est.
834 2234 844 2251 ι
864 2224 893 2252 Si

114 2273 188 2299 enim
216 2272 352 2299 mandavit
368 2271 454 2302 Deus.
477 2275 504 2298 et
525 2272 640 2299 conditae
659 2276 721 2298 sunt
744 2276 893 2303 creaturas;

83 2316 85 2318 ’
115 2317 178 2353 quis
187 2317 262 2352 juxta
273 2317 433 2345 sententiam
442 2318 589 2351 prophetici
604 2317 720 2352 Spiritus
730 2322 822 2352 posset
836 2324 896 2345 esse

116 2363 183 2390 tanti
205 2364 310 2398 paterni
335 2362 452 2390 mandati
471 2368 624 2394 exsecutor,
642 2371 722 2397 quam
749 2363 802 2396 ille,
817 2368 847 2391 ut
857 2364 895 2391 sic

115 2408 221 2443 loquar,
235 2409 368 2435 animatus
377 2408 436 2442 ejus
446 2414 536 2435 sermo
552 2413 580 2434 et
593 2408 712 2436 veritas?
728 2418 738 2435 ι
755 2408 857 2441 Quibus
868 2409 894 2436 in

117 2454 208 2482 verbis
226 2453 321 2481 Filium
336 2453 382 2481 Dei
395 2461 410 2480 a
431 2452 510 2480 rebus
526 2453 625 2481 creatis
641 2454 765 2481 munibus
784 2455 897 2489 apertis-

102 2534 103 2537 η
116 2500 184 2528 sitne
197 2499 353 2534 distinguit;
368 2499 432 2534 quin
450 2498 558 2526 etclarc
569 2499 648 2526 doeet
658 2506 724 2534 opus
733 2499 878 2527 creationis
887 2519 894 2532 ,

97 2541 154 2574 'tlli
177 2546 220 2573 Dei
242 2545 311 2574 Filio
329 2553 344 2572 a
364 2545 444 2573 Patre
473 2553 521 2573 suo
549 2546 737 2572 demandatum
751 2564 758 2577 ,
792 2549 894 2572 tantum

117 2593 222 2624 luisse",
252 2598 344 2628 utpote
374 2592 472 2619 divinae
500 2591 702 2626 omnipotentiae
735 2591 893 2625 proprium,

116 2645 146 2668 ut
176 2639 268 2675 perlici
302 2638 456 2672 neutiquam
483 2638 601 2673 potuerit
627 2637 677 2665 nisi
704 2638 738 2665 ab
767 2644 816 2668 eo,
848 2637 894 2671 qui

115 2687 151 2714 sit
165 2687 221 2721 ipse
242 2685 290 2712 Dei
310 2683 398 2711 Patris
421 2691 508 2711 sermo
532 2692 564 2712 ac
585 2684 696 2712 veritas.
723 2683 788 2717 Quae
812 2683 895 2710 ratio—

116 2732 218 2759 cinatio
244 2738 323 2765 quam
346 2729 439 2765 procul
459 2730 537 2756 distet
563 2738 576 2756 ιι
600 2734 688 2756 mente
713 2729 895 2756 Ariomauita-

151 2820 262 2847 "10m.
280 2826 335 2850 xrv,
347 2819 373 2846 6.
411 2818 432 2833 "
443 2817 521 2844 Ioan.
536 2825 596 2849 VIII,
610 2818 655 2845 40.

293 2866 427 2896 PntwL.
449 2866 506 2896 Gn.
531 2865 628 2895 XV“.

947 2231 1043 2252 sensus
1065 2225 1223 2252 manifestus
1240 2230 1282 2253 est
1305 2232 1313 2251 :
1336 2225 1377 2252 An
1393 2224 1459 2252 illud
1473 2232 1521 2252 vos
1537 2223 1691 2256 conturbat,
1709 2232 1725 2252 ο

947 2270 1109 2305 philosophi,
1126 2272 1196 2305 quod
1227 2279 1276 2298 nos
1302 2271 1446 2298 Christiani
1471 2270 1606 2298 Christum
1627 2269 1725 2297 Serva-

948 2321 1034 2344 torem
1049 2323 1180 2350 nostrum,
1196 2317 1302 2345 mortali
1315 2324 1428 2351 corpore
1445 2321 1626 2348 constantem,
1641 2315 1724 2343 Deum

948 2361 1081 2390 dicimus?
1105 2362 1176 2393 lmo,
1201 2362 1343 2396 ringamini
1364 2363 1438 2396 licet,
1462 2362 1537 2390 illum
1563 2361 1645 2389 Deum
1665 2369 1725 2389 esse

949 2407 1112 2434 allii-mantus
1142 2407 1327 2440 ipsissimum;
1351 2415 1447 2443 nempe
1473 2408 1559 2443 ipsam
1582 2408 1724 2439 rationem,

945 2454 1030 2489 ipsam
1047 2455 1200 2485 veritatem,
1216 2453 1301 2487 ipsam
1315 2454 1476 2487 sapientiam
1489 2463 1496 2480 :
1508 2454 1572 2488 quin
1583 2458 1611 2480 et
1625 2453 1650 2480 in
1667 2457 1725 2479 tart-

947 2505 1001 2527 tum
1017 2499 1112 2532 Deum,
1129 2504 1158 2526 ut
1171 2506 1225 2527 non
1237 2506 1381 2526 vereamur
1392 2499 1494 2532 dicere,
1508 2499 1567 2535 ejus
1582 2499 1662 2526 etiam
1678 2498 1725 2525 hu-

944 2552 1052 2572 manam
1071 2550 1205 2576 naturam,
1222 2551 1271 2579 per
1295 2544 1422 2571 unionem
1451 2551 1512 2571 cum
1534 2544 1635 2577 divina,
1658 2551 1725 2578 quo-

945 2590 1088 2618 dammodo
1105 2589 1255 2617 deiﬁcatatn
1271 2597 1341 2628 esse.
1365 2588 1486 2616 Notauda
1499 2590 1542 2619 hic
1562 2595 1604 2617 est
1625 2589 1725 2617 loctttio

945 2636 1054 2664 omnino
1083 2635 1237 2667 Platonica,
1268 2634 1420 2668 αὐτολόγος,
1446 2634 1633 2670 αὐτοαλήθεια.
1658 2634 1724 2662 Nam

945 2682 1020 2710 Plato
1030 2681 1195 2716 αὐτοαγαθόν
1211 2681 1288 2714 dixit,
1300 2681 1371 2716 quod
1384 2685 1425 2707 est
1438 2687 1503 2707 vere
1518 2687 1550 2707 ac
1563 2688 1611 2714 per
1634 2688 1662 2708 se
1677 2680 1725 2707 bo-

946 2736 1009 2756 num
1021 2737 1029 2758 ;
1045 2728 1108 2756 illud
1123 2728 1260 2762 epitheton
1273 2726 1421 2754 attribuens
1433 2725 1481 2753 soli
1494 2731 1559 2753 vero
1573 2733 1605 2753 ac
1620 2732 1725 2753 summo

1510 2861 1544 2891 bl
