1908 3071
222 117 286 147 1291

923 117 1134 146 EXCERPTUM

1765 117 1824 144 1292

221 180 286 210 Deo,
309 185 324 205 a
352 186 405 213 quo
422 179 466 206 ille
481 177 527 206 τὸν
541 178 626 212 Λόγον
644 178 750 212 longius
767 177 902 213 sperabat.
927 177 1003 211 Atqui

1059 175 1155 211 κούρου
1172 175 1226 202 θεοὶ
1237 195 1243 208 ,
1257 174 1376 201 σύνθετοι
1391 174 1421 207 ἐξ
1430 173 1537 209 ἀτόμων
1548 173 1734 209 τυγχάνοντες,
1747 175 1825 202 καὶτὸ

219 224 361 258 Origenes,
377 229 504 258 tanquam
519 231 552 250 ex
570 223 724 251 Christiana
756 222 920 250 Platonicam
944 223 1004 256 phi-

223 269 376 305 losophiam
398 270 547 304 corrigens,
562 270 644 296 etiam
661 269 707 295 τὸν
721 269 807 303 Λόγον
827 269 884 295 sive
906 268 1004 295 Filium

221 315 267 341 Dei
282 314 454 349 αὐτοσοφίαν,
470 315 675 350 αὐτοαλήθειαν,
690 323 722 342 ac
744 314 856 349 proinde
870 314 1005 346 αὐτοαγα-

222 361 337 395 Odvjure
355 361 450 389 merito
463 361 514 388 dici
529 368 606 395 posse
622 360 788 395 pronuntiat.
802 359 935 386 Caeterum
951 365 1005 385 non

222 412 276 439 est,
292 407 363 442 quod
377 407 477 434 fratres
494 407 578 433 nostri
589 406 749 436 Lutherani,
762 405 806 440 qui
824 403 916 432 nescio
925 411 1005 438 quam

221 453 347 480 humana:
358 452 385 480 in
402 451 513 479 Christo
531 457 636 479 naturae
651 451 830 486 ubiquitatem
847 449 1004 484 defendunt,

221 506 256 526 ex
269 498 311 526 his
322 498 445 532 Origenis
460 497 549 525 verbis
566 497 711 531 quidquam
734 504 821 524 causm
843 504 899 524 sua:
925 504 1005 524 acce-

220 543 286 571 dere
298 543 474 570 arbitrentur.
489 543 557 570 Nam
569 543 595 570 in
612 543 682 574 loco,
711 550 792 577 quem
812 549 847 570 ex
869 542 939 570 libro
961 549 1005 570 se-

221 589 311 617 cundo
329 589 408 616 modo
421 588 593 622 adduximus,
604 593 699 622 aperte
719 588 798 616 docet
817 587 948 623 Origenes
959 588 1006 615 τὸν

221 634 299 669 λόγον
321 634 358 662 ita
383 641 445 661 cum
463 634 583 662 humana
599 633 701 662 Christi
713 639 810 661 natura
830 634 1006 670 conjunclum

221 687 292 713 esse,
309 685 338 708 ut
352 681 434 708 etiam
447 687 524 707 extra
542 680 604 708 Iesu
618 681 736 708 animam
757 687 908 716 corpusque
935 681 1006 708 exsi—

218 731 293 760 stat;
310 734 341 754 ac
352 726 382 752 τό
398 726 491 761 ubique
501 734 555 754 me
572 726 599 753 in
611 726 695 754 solam
709 726 878 754 divinitatem
897 733 1006 762 compe-

222 778 291 800 tere.
304 772 374 805 Quin
402 776 430 799 et
450 772 476 799 in
491 772 543 800 hoc
561 772 621 807 ipso
643 772 703 800 loco
725 779 787 800 mox
798 776 859 808 post
872 772 953 801 verba
967 772 1006 800 al-

222 819 288 852 lata,
300 818 370 853 quod
385 817 418 844 de
437 817 612 851 permistione
635 817 760 845 humanae
780 817 807 845 in
832 817 940 845 Christo
957 824 1005 845 na-

223 868 291 891 tura:
306 870 366 891 cum
384 862 472 889 divina
486 861 601 894 dixerat,
615 862 652 890 ita
667 862 724 897 ipse
744 861 874 898 Origenes
904 862 1005 890 diserte
1019 853 1042 884 Β

217 909 352 944 explicat,
380 912 410 935 ut
443 907 510 934 nihil
539 907 611 936 aliud
638 915 668 936 se
691 908 808 936 voluisse
836 908 1005 944 profiteatur,

220 963 304 991 quam
329 962 438 983 carnem
455 954 518 983 Jesu
533 954 724 989 glorificatam,
738 955 849 982 mutatis
868 954 1007 989 qualitati-

218 1002 274 1030 ‘bus
290 1002 368 1029 talem
383 1008 444 1029 esse
456 1001 599 1033 redditam,
617 1000 726 1035 qualem
748 1001 861 1028 decebat
884 999 1007 1029 habitare

217 1048 251 1076 ‘in
268 1055 374 1076 summo
391 1048 504 1080 aethere.
518 1047 585 1075 nihil
611 1047 772 1075 retinentem
797 1046 914 1075 carnalis
930 1047 1006 1074 infir-

219 1095 326 1122 mitatis
345 1094 503 1128 congenitse.
514 1092 610 1129 Lege,
626 1093 649 1121 si
666 1097 753 1126 vacat,
773 1100 833 1128 qua:
854 1093 924 1128 apud
946 1092 1008 1121 Ori-

218 1147 319 1175 genem
344 1143 493 1174 sequuntur
515 1147 522 1164 :
542 1145 592 1173 ego
612 1145 628 1166 e
655 1137 814 1166 diverticulo
834 1138 860 1166 in
873 1138 943 1166 viam
965 1145 1007 1166 re-

217 1185 285 1213 deo.

203 1221 206 1231 ¹
257 1230 272 1266 §
285 1230 337 1258 Vll.
350 1231 379 1258 ln
396 1230 467 1258 libro
474 1235 572 1266 quarto
584 1230 722 1258 inducitur
733 1229 831 1258 Celsus
843 1229 1005 1265 Epicureus,

204 1267 205 1273 ‘
222 1276 354 1304 adversus
364 1275 580 1304 Christianorum
594 1276 626 1303 de
640 1276 687 1303 Dei
705 1275 765 1303 Filii
782 1276 808 1303 in
829 1279 917 1304 terras
946 1276 1007 1304 des-

222 1329 305 1350 censu
323 1326 351 1350 et
365 1321 546 1357 ὲνσαρκώσει,
573 1322 727 1349 doctrinam
748 1324 820 1349 hunc
845 1322 872 1349 in
897 1320 1006 1350 modum

218 1369 364 1403 disputans
383 1375 458 1395 num.
476 1367 521 1400 ﬂ,
545 1375 607 1403 pag.
625 1367 688 1402 5l0,
719 1377 729 1393 ι
746 1367 818 1396 Deus
843 1373 884 1396 est
909 1368 1006 1402 bonus,

215 1413 344 1449 Ipulcher,
362 1413 437 1446 felix,
456 1418 485 1441 et
503 1413 684 1448 pulcherrima
714 1415 870 1448 optimaque
891 1414 1004 1450 specie:

222 1460 246 1487 is
272 1459 295 1486 si
321 1459 497 1486 descenderet
520 1459 554 1486 ad
587 1459 721 1493 homines,
742 1465 773 1487 ut
798 1465 917 1488 mutetur
938 1468 1007 1496 opus

216 1509 280 1539 est;
294 1504 441 1531 mutabitur
456 1508 545 1531 autem
560 1511 576 1532 e
590 1505 661 1532 bono
675 1505 701 1532 in
717 1505 828 1538 malum,
846 1513 862 1534 e
891 1506 1005 1542 pulchro

214 1550 250 1578 ιὶιι
266 1555 409 1583 turpem,e
425 1548 503 1576 lelice
517 1550 545 1577 in
561 1549 710 1582 infelicem,
731 1558 764 1578 ex
789 1551 892 1585 optimo
916 1552 942 1578 in
958 1559 1006 1580 ne-

220 1595 394 1633 quissimum.
414 1594 481 1628 Quis
504 1595 544 1623 sic
561 1603 591 1623 se
615 1600 747 1624 mutatum
772 1597 899 1631 cuperet?
926 1597 1005 1626 Certe

214 1640 336 1668 mutatio
361 1641 418 1667 haec
447 1644 475 1667 et
499 1639 706 1668 transformatio
732 1642 805 1669 cadit
824 1643 850 1669 in
866 1642 1004 1671 hominem

216 1685 364 1713 mortalem
385 1693 392 1711 ς
409 1685 555 1713 immortali
571 1693 635 1713 vero
650 1694 757 1722 semper
771 1688 864 1715 eodem
880 1689 961 1717 modo
975 1697 1005 1717 se

215 1731 322 1758 habere
338 1731 475 1758 convenit.
487 1730 559 1766 Ergo
575 1739 712 1766 nunquam
733 1733 804 1760 Deus
818 1734 898 1761 talem
918 1739 1005 1762 muta-

220 1777 323 1804 tionem
336 1776 481 1812 reciperet.
501 1786 511 1803 ι
525 1776 584 1804 Jam
603 1777 626 1805 si
651 1777 783 1814 Origenes
802 1779 871 1807 idem
889 1781 922 1808 de
935 1781 1004 1810 Filio

213 1822 268 1849 vDei
284 1822 423 1855 sensisset,
441 1822 512 1857 quod
530 1827 621 1857 postea
634 1823 725 1858 Arius,
741 1832 822 1860 quam
851 1825 930 1854 facile
957 1834 1005 1862 po-

220 1867 318 1895 tuisset
337 1867 415 1902 hujus
430 1870 581 1903 argumenti
605 1869 693 1904 ipsum
720 1870 924 1900 fundamentum
941 1874 1005 1901 sub-

216 1914 348 1940 vertere“?
363 1921 416 1941 uno
429 1914 535 1942 scilicet
544 1916 627 1942 verbo
642 1916 756 1944 dicendo
781 1925 869 1953 neque
889 1926 934 1952 se,
956 1927 1004 1947 ne-

213 1966 273 1993 que
290 1960 441 1988 catholicos
453 1959 623 1989 Christianos
639 1963 680 1989 sui
707 1965 836 1999 temporis
855 1966 1004 1995 credidisse

212 2004 319 2032 lFilium
346 2005 394 2033 Dei
410 2013 471 2034 esse
496 2014 590 2035 revera
619 2007 702 2035 Deum
727 2009 1002 2046 immutabilem;sed

212 2050 300 2085 plane
311 2052 440 2079 statuisse
453 2057 606 2080 creaturam
622 2053 696 2081 illum
708 2061 778 2087 esse,
792 2063 807 2082 a
830 2056 885 2084 Deo
909 2057 1004 2086 aliene

219 2103 252 2123 ac
265 2103 375 2130 prorsus
387 2098 524 2126 mutabilis
538 2103 652 2127 naturae.
669 2099 722 2128 Sed
751 2100 829 2137 longe
858 2103 947 2136 aliter,
975 2110 1003 2132 et

212 2140 292 2168 salva
307 2142 417 2169 omnino
435 2142 635 2170 Catholicorum
662 2144 815 2180 hypothesi,
831 2147 864 2174 de
879 2147 938 2175 Filii
955 2149 1002 2176 Dei

1055 222 1117 248 ὅσον
1135 220 1180 246 ἐπὶ
1193 221 1226 255 τῇ
1243 219 1369 246 συστάσει
1386 218 1523 251 ἀναλυτοὶ,
1537 218 1768 254 πραγματεύονται
1784 220 1825 252 τὰς

1056 267 1233 301 φθοροποιοὺς
1258 266 1374 301 ἀτόμους
1385 265 1568 292 ἀποσείεσθαι.
1587 265 1667 292 Ἀλλὰ
1689 265 1734 291 καὶ
1753 267 1766 292 ὸ
1780 267 1826 293 τῶν

1055 312 1174 338 Στοῖκῶν
1184 311 1260 343 Θεὸς,
1272 311 1319 338 ἆτε
1338 311 1417 346 σῶμα
1426 312 1577 346 τυγχάνων,
1597 311 1641 337 ὁτὲ
1666 311 1715 346 μὲν
1736 311 1825 347 ἡγεμο-

1055 357 1129 384 νικὸν
1142 357 1198 392 ἔχει
1217 356 1267 392 τὴν
1287 356 1351 392 ὃλην
1368 357 1472 389 οὐσίαν,
1485 357 1547 383 ὅταν
1568 358 1586 392 ἡ
1615 356 1766 392 ἐκπύρωσις

1055 403 1100 430 ὁτὲ
1115 404 1161 429 ἐπὶ
1173 402 1272 439 μέρους
1285 403 1389 437 γίνεται
1410 403 1510 438 αὐτῆς,
1531 403 1595 429 ὃταν
1613 403 1631 438 ἡ
1647 403 1825 439 διακόσμησις·

1054 449 1115 476 οὐδὲ
1123 449 1177 485 γὰρ
1191 449 1347 484 δεδύνηνται
1360 446 1433 478 οὗτοι
1453 440 1592 486 τρανῶσαι
1604 449 1654 484 τὴν
1669 449 1780 485 φυσικὴν
1787 450 1827 477 τοῦ

1055 495 1124 522 Θεοῦ
1134 495 1247 529 ἔννοιαν,
1259 494 1297 527 ὡς
1311 495 1398 532 πάντη
1419 495 1568 531 ἀφθάρτου,
1589 496 1636 522 καὶ
1658 495 1742 523 ἁπλοῦ
1756 517 1764 529 ,
1783 497 1824 523 καὶ

1055 542 1213 575 ἀσυνθέτου,
1233 543 1280 570 καὶ
1301 543 1465 579 ἀδιαιρέτου.
1482 543 1519 570 Th
1542 543 1571 570 δὲ
1596 543 1779 579 καταϐεϐηκὸς
1793 544 1826 576 είς

1055 589 1214 626 ἀνθρώπους
1237 591 1265 617 ὲν
1282 591 1372 627 μορφῇ
1391 590 1457 617 Θεοῦ
1474 590 1591 626 ὑπῆρχε,
1605 590 1652 617 καὶ
1680 589 1724 616 διὰ
1748 589 1827 624 φιλαν-

1055 635 1179 673 θρωπίαν
1201 636 1297 663 ἑαυτὸν
1324 637 1468 668 ἐκένωσεν,
1486 636 1530 662 ἶνα
1548 635 1704 671 χωρηθῆναι
1729 635 1771 662 ὑπ’
1792 636 1827 662 ἀν-

1055 680 1172 717 θρώπων
1189 681 1289 718 δυνηθῇ
1301 689 1309 698 ι
1327 681 1356 708 οὺ
1372 681 1458 717 δήπου
1482 681 1505 708 δ’
1521 680 1551 714 ἑξ
1572 680 1674 715 ἀγαθοῦ
1697 682 1735 713 εἰς
1758 682 1828 708 κακὸν

1055 725 1166 761 γέγονεν
1193 726 1267 762 αὐτῷ
1281 725 1428 762 μεταϐολὴ,
1447 734 1476 755 κ.
1492 734 1519 753 τ.
1534 725 1559 753 λ.
1583 725 1610 753 id
1632 729 1686 757 est,
1709 733 1718 751 ι
1733 725 1769 752 Ad
1782 725 1828 753 hac

1055 771 1123 800 Satis
1149 779 1309 807 responsum
1325 773 1396 806 erit,
1425 776 1455 799 ut
1477 771 1543 799 mihi
1565 770 1685 803 videtur,
1700 770 1724 797 si
1747 770 1828 798 dixem

1055 817 1190 853 quomodo
1206 818 1233 845 ln
1246 817 1350 845 sanctis
1364 817 1516 852 Scripturis
1532 817 1684 851 accipiatur
1697 817 1829 845 demus

1056 863 1104 891 Dei
1119 864 1153 891 ad
1167 864 1292 892 homines
1309 872 1316 891 :
1337 864 1370 891 ad
1387 871 1467 899 quem
1496 862 1569 891 nulla
1590 863 1743 890 mutatione
1771 870 1828 898 opus

1056 913 1108 942 est,
1131 913 1161 936 ut
1184 908 1279 937 Celsus
1299 913 1378 944 putat
1408 916 1459 936 nos
1473 908 1590 943 opinari,
1604 915 1654 936 nec
1677 909 1795 941 versione
1806 908 1828 935 in

1056 955 1156 983 malum
1171 955 1277 988 ebono,
1292 960 1362 983 aute
1374 954 1488 991 pulchro
1501 955 1527 982 in
1542 960 1660 990 turpem,
1673 961 1721 982 aut
1733 962 1748 982 e
1762 954 1828 983 felice

1056 1001 1083 1028 in
1102 1001 1237 1029 infelicem
1249 1021 1258 1034 ,
1279 1006 1326 1029 aut
1343 1009 1376 1029 ex
1402 1001 1504 1036 optimo
1520 1001 1546 1028 in
1564 1002 1770 1036 nequissimum.
1784 1001 1828 1028 lm-

1057 1046 1194 1074 mutabilis
1208 1047 1280 1075 enim
1300 1047 1327 1075 in
1343 1054 1390 1075 sua
1404 1047 1523 1075 essentia
1534 1055 1660 1081 manens,
1677 1048 1828 1076 condescen-

1055 1093 1096 1122 dit
1113 1093 1194 1121 rebus
1204 1092 1329 1120 humanis
1343 1092 1512 1127 providentia
1525 1097 1552 1120 et
1562 1093 1772 1128 dispensatione.
1784 1092 1828 1120 Nos

1056 1143 1130 1166 certe
1155 1145 1171 1165 e
1197 1137 1283 1165 sacris
1315 1138 1414 1165 litteris
1445 1137 1527 1165 Deum
1558 1137 1756 1165 immutabilem
1778 1145 1829 1165 esse

1056 1183 1197 1216 discimus,
1205 1183 1251 1211 ubi
1264 1182 1361 1218 legitur
1380 1190 1390 1210 :
1409 1182 1448 1210 Tu
1461 1188 1548 1210 autem
1562 1184 1618 1218 ipse
1631 1191 1659 1211 es
1668 1183 1709 1217 “;
1721 1188 1764 1211 et:
1778 1181 1829 1210 Νοιι

1055 1231 1179 1258 immutor
1189 1229 1224 1259 δ’.
1250 1229 1359 1264 Epicuri
1381 1236 1446 1257 vero
1458 1229 1495 1257 dii
1511 1237 1544 1257 ex
1562 1230 1662 1258 atomis
1688 1230 1828 1265 compositi,

1055 1281 1083 1304 et
1098 1275 1211 1312 proinde
1229 1275 1424 1304 constitutione
1451 1282 1501 1302 sua
1526 1274 1711 1306 dissolubiles,
1742 1275 1829 1302 habent

1055 1322 1126 1357 quod
1141 1326 1233 1356 agant,
1246 1322 1308 1350 dum
1326 1321 1387 1349 illas
1402 1326 1518 1355 atomos,
1530 1328 1590 1356 quae
1607 1322 1768 1357 corporibus
1777 1328 1828 1348 cor-

1055 1368 1207 1403 ruptionem
1220 1366 1350 1401 eﬂlciunt,
1360 1367 1508 1395 excutiant.
1526 1367 1580 1395 Nec
1591 1374 1673 1395 secus
1687 1366 1827 1395 Stoicorum

1057 1414 1137 1448 Deus,
1158 1418 1248 1449 utpote
1261 1421 1372 1449 corpus,
1393 1414 1530 1442 interdum
1563 1421 1640 1442 mens
1657 1418 1701 1441 est
1722 1421 1778 1449 qua:
1793 1418 1827 1441 to-

1056 1464 1110 1488 tam
1135 1461 1253 1496 possidet
1280 1460 1469 1492 substantiam,
1487 1466 1549 1487 cum
1579 1460 1615 1487 sit
1644 1459 1827 1494 conﬂagratio;

1056 1506 1192 1534 interdum
1207 1513 1271 1534 vero
1284 1514 1316 1534 ex
1329 1510 1405 1542 parte
1418 1505 1502 1541 ipsius
1516 1506 1676 1534 substantiae
1687 1510 1828 1541 generatur,

1055 1560 1116 1580 cum
1133 1552 1170 1580 sit
1185 1552 1277 1580 mundi
1292 1553 1436 1581 ordinatio.
1452 1553 1499 1580 Isti
1525 1553 1597 1580 enim
1623 1559 1680 1580 non
1697 1555 1829 1587 potuerunt

1054 1598 1162 1634 quidem
1186 1599 1259 1626 clare
1286 1599 1333 1627 Dei
1356 1604 1479 1626 naturam
1513 1598 1680 1634 intelligere,
1704 1597 1774 1633 quod
1797 1597 1829 1624 sit

1054 1645 1164 1672 omnino
1183 1645 1408 1680 incorruptibilis,
1433 1645 1558 1680 simplex,
1586 1652 1635 1672 nec
1663 1644 1828 1679 compositus,

1053 1698 1105 1719 nec
1125 1690 1278 1719 divisibilis.
1296 1690 1324 1718 ld
1339 1695 1428 1718 autem
1449 1692 1520 1726 quod
1544 1691 1577 1718 ad
1590 1690 1716 1718 homines
1728 1690 1828 1718 descen-

1053 1737 1105 1769 dit,
1119 1737 1146 1764 in
1164 1736 1249 1771 forma
1266 1737 1313 1764 Dei
1324 1737 1348 1753 '°
1365 1737 1501 1770 substitit,
1528 1741 1556 1764 et
1584 1742 1697 1771 propter
1721 1742 1827 1762 amorem

1053 1782 1163 1810 humani
1175 1782 1283 1817 generis
1298 1782 1416 1817 seipsum
1430 1782 1589 1816 exinanivit,
1611 1787 1641 1809 ut
1666 1787 1757 1817 posset
1771 1788 1825 1809 cou-

1053 1827 1106 1863 cipi
1121 1828 1155 1854 ab
1172 1827 1347 1860 hominibus.
1374 1828 1477 1863 absque
1501 1827 1556 1855 ulla
1582 1832 1673 1855 tamen
1693 1827 1828 1854 mutatione

1053 1880 1086 1900 ex
1096 1873 1167 1900 bono
1182 1874 1208 1900 in
1226 1873 1338 1907 malum,
1359 1882 1369 1899 ι
1385 1878 1438 1901 etc.
1462 1873 1527 1900 Post
1553 1873 1643 1908 aliqua
1662 1873 1752 1901 subdit
1766 1872 1827 1899 Ada-

1053 1920 1171 1947 mantius
1186 1927 1261 1948 num.
1279 1919 1322 1951 l5.
1344 1912 1369 1954 p.
1393 1919 1502 1951 5ll,El
1518 1919 1548 1946 δὲ
1567 1919 1614 1946 καὶ
1639 1918 1721 1954 σῶμα
1745 1917 1826 1952 θνητὸν

1053 1966 1100 1992 καὶ
1110 1965 1199 2001 ψυχὴν
1227 1965 1398 2001 ἀνθρωπίνην
1415 1965 1555 1992 ἀναλαϐὼν
1581 1965 1595 1991 ὁ
1616 1965 1749 1996 ἀθάνατος
1771 1963 1826 1994 Θεὸς

1052 2011 1148 2046 Λόγος,
1163 2012 1236 2039 δοκεῖ
1250 2012 1288 2047 τῷ
1304 2012 1399 2048 Κέλσῳ
1415 2012 1591 2040 ἀλλάττεσθαι
1615 2012 1664 2038 καὶ
1691 2010 1825 2047 μεταπλάτ-

1051 2057 1158 2084 τεσθαι·
1175 2058 1344 2093 μανθανέτω,
1359 2059 1399 2084 ὅτι
1414 2059 1428 2085 ὁ
1443 2058 1528 2093 Λόγος
1541 2060 1573 2094 τῇ
1589 2058 1669 2094 οὐσίᾳ
1686 2058 1769 2093 μένων
1784 2056 1824 2083 Λό-

1052 2113 1109 2139 γος,
1121 2105 1197 2132 οῦδὲν
1211 2106 1259 2140 μὲν
1274 2105 1373 2141 πάσχει
1384 2102 1422 2132 ὧν
1437 2105 1537 2140 πάσχει
1551 2105 1581 2132 τὺ
1595 2105 1676 2140 σῶμα
1688 2105 1705 2140 ἢ
1723 2105 1739 2140 ὴ
1753 2103 1823 2138 ψυχή’

1054 2151 1276 2185 συγκαταϐαίνων
1285 2151 1307 2177 δ’
1318 2151 1374 2178 ἐσθ’
1387 2152 1431 2178 ὅτε
1447 2151 1486 2187 τῷ
1497 2151 1534 2187 μὴ
1546 2150 1688 2186 δυναμένῳ
1700 2149 1778 2176 αὐτοῦ
1785 2148 1824 2179 τὰς

217 2191 316 2214 natura
342 2195 406 2215 vere
428 2188 518 2216 divina
544 2193 572 2216 et
600 2190 834 2222 incommtttabili.
858 2197 1001 2228 respondet

1054 2195 1238 2232 μαρμαρυγὰς
1249 2196 1296 2223 καὶ
1305 2196 1353 2232 τὴν
1372 2196 1550 2232 λαμπρότητα
1563 2196 1612 2231 τῆς
1628 2195 1764 2230 θειότητος
1776 2194 1824 2229 βλί-

211 2232 349 2267 Origenes
373 2234 416 2262 his
433 2235 542 2266 verbis:
569 2237 648 2264 Δοκεῖ
661 2238 692 2273 δή
717 2247 761 2274 μοι
779 2240 847 2275 πρὸς
858 2241 944 2268 ταῦτα
957 2242 1000 2268 λέ-

215 2278 312 2324 γεσθαι
330 2279 364 2305 τὰ
387 2280 492 2313 δέοντα,
522 2282 715 2320 διηγησαμένῳ
742 2286 791 2322 τὴν
807 2287 836 2312 ὲν
856 2289 916 2320 ταῖς
928 2288 998 2324 Γρα-

210 2324 279 2357 ιφαῖς
295 2323 444 2360 λεγομένην
455 2327 605 2355 κατάϐασιν
617 2329 684 2355 Θεοῦ
695 2330 763 2365 πρὸς
779 2331 812 2358 τὰ
825 2323 982 2368 ἀνθρώπινα
990 2343 997 2349 ·

214 2369 254 2400 εις
279 2370 312 2405 ἢν
330 2370 361 2396 οὐ
385 2371 535 2408 μεταϐολῆς
565 2374 638 2410 αὐτῷ
653 2375 707 2407 δεῖ,
726 2376 764 2407 ὡς
795 2377 899 2409 Κέλσος
926 2379 1000 2414 ἡμᾶς

209 2415 299 2442 οἴεται
311 2415 409 2450 λέγειν,
423 2416 484 2443 οὔτε
498 2420 600 2454 τροπῆς
616 2421 665 2456 τῆς
676 2420 706 2454 ἐξ
721 2421 822 2456 ἀγαθοῦ
835 2424 876 2455 είς
903 2425 998 2458 κακὸν,

208 2460 231 2496 -ἣ
245 2462 277 2487 ὲκ
285 2462 367 2488 καλοῦ
384 2463 424 2494 εἰς
440 2464 563 2500 αίσχρδν,
583 2465 644 2500 ἥὲξ
661 2466 831 2502 εὐδαιμονίας
856 2470 895 2501 εἰς
917 2478 999 2497 κακο-

206 2504 364 2540 δαιμονίαν,
383 2507 400 2543 ἢ
432 2509 463 2534 ὲκ
489 2508 534 2535 τοῦ
558 2510 669 2545 ἀρίστου
695 2512 735 2544 εις
752 2512 783 2538 τὸ
805 2514 996 2550 πονηρότατον·

209 2552 302 2586 νμένων
328 2553 382 2589 γὰρ
403 2555 436 2589 τῇ
462 2554 539 2591 οὐσίᾳ
568 2557 711 2592 ἄτρεπτος,
731 2560 939 2593 συγκαταϐαίνει
964 2563 997 2597 τῇ

207 2597 327 2634 ι’προνοίᾳ
339 2600 385 2625 καὶ
402 2601 436 2635 τῇ
447 2601 588 2637 οἰκονομίᾳ
599 2604 656 2634 τοῖς
673 2603 854 2639 ἀνθρωπίνοις
869 2607 1009 2642 πράγμα-,

208 2651 264 2670 Ισιν.
284 2644 378 2679 Ἡμεῖς
396 2645 443 2680 μὲν
454 2644 500 2673 οὖν
511 2647 559 2674 καὶ
574 2648 608 2674 τὰ
626 2648 685 2675 θεῖα
698 2649 852 2685 Γράμματα
865 2652 998 2687 παρίστα-

212 2696 262 2723 μεν
279 2689 412 2725 ἄτρεπτον
436 2691 548 2726 λέγοντα
561 2693 606 2720 τὸν
627 2694 703 2727 Θεὸν,
719 2695 748 2722 ἐν
762 2704 791 2722 τε
808 2697 858 2732 τῷ,
873 2697 916 2724 Σὺ
932 2697 966 2724 δὲ
979 2699 997 2725 ὃ

206 2735 301 2767 αὐτὸς
312 2734 354 2763 εἷ’·
365 2738 412 2764 καὶ
419 2739 447 2765 ὲν
455 2738 503 2774 τῷ,
519 2740 579 2767 οὐκ
592 2740 768 2777 ὴλλοίωμαι·
783 2743 809 2769 οἱ
823 2743 911 2771 δὲγτοῦ
924 2745 998 2771 Ἐπι-

1054 2249 1115 2268 πειν
1132 2261 1139 2273 ,
1172 2241 1253 2268 οἱονεὶ
1277 2241 1344 2276 σὰρξ
1364 2241 1490 2276 γίνεται,
1514 2240 1678 2276 σωματικῶς
1709 2239 1823 2274 λαλούμε-

1054 2296 1109 2319 νος,
1123 2287 1150 2314 id
1169 2292 1229 2320 est,
1248 2297 1257 2313 ι
1275 2287 1351 2321 Quod
1375 2287 1398 2315 si
1428 2287 1544 2315 Verbum
1566 2287 1636 2314 Deus
1666 2285 1822 2315 immortalis.

1053 2334 1116 2368 quia
1127 2341 1228 2368 corpus
1241 2333 1355 2362 mortale
1376 2333 1550 2368 animamque
1563 2334 1711 2364 humanam
1732 2338 1823 2359 assuta-

1052 2380 1147 2415 pserit,
1169 2380 1247 2407 Celso
1271 2380 1373 2408 idcirco
1398 2380 1533 2407 immutari
1565 2379 1719 2406 videatur:
1750 2377 1823 2405 discat

1053 2426 1169 2454 Verbum
1185 2433 1294 2454 manere
1313 2426 1429 2454 Verbum
1445 2433 1494 2453 sua
1519 2424 1683 2457 substantia,
1706 2430 1752 2452 nec
1777 2422 1822 2457 pati

1051 2479 1146 2500 eorum
1160 2473 1320 2508 quidquam,
1336 2480 1396 2507 quae
1415 2479 1513 2506 corpus
1540 2476 1587 2499 aut
1601 2472 1691 2499 anima
1714 2471 1819 2505 patitur;

1052 2519 1270 2547 condescendere
1283 2523 1373 2546 tamen
1389 2518 1522 2546 interdum
1542 2526 1595 2545 non
1608 2517 1758 2545 valentibus
1771 2515 1819 2550 ejus

1051 2564 1201 2592 claritatem
1226 2571 1258 2591 ac
1286 2563 1458 2599 splendorem
1487 2563 1638 2592 divinitatis
1659 2563 1771 2595 obtueri,
1794 2568 1820 2587 ac

1052 2609 1132 2637 veluti
1152 2617 1261 2637 carnem
1277 2609 1388 2640 factum.
1408 2609 1481 2644 loqui
1502 2609 1690 2644 corporaliter.
1706 2618 1717 2635 ι
1738 2607 1818 2635 Dicant

1051 2655 1156 2682 cordati
1180 2662 1273 2682 omnes
1285 2676 1293 2689 ,
1312 2663 1345 2681 an
1362 2655 1419 2682 haec
1433 2660 1496 2682 sunt
1512 2655 1594 2682 verba
1619 2654 1764 2690 scriptoris.
1779 2651 1817 2687 qui

1055 2709 1064 2727 t
1082 2700 1176 2728 Arium
1191 2701 1327 2735 impietate
1334 2700 1481 2735 superavit,
1496 2700 1619 2736 adeoque
1634 2699 1708 2735 impii
1721 2699 1816 2733 dogm-

1052 2745 1086 2774 tis
1097 2750 1192 2775 auctor
1205 2746 1344 2783 illi»fuit.ri
1360 2745 1471 2774 Scilicet
1487 2745 1561 2775 clare
1579 2746 1625 2775 hic
1643 2745 1721 2774 docet
1737 2743 1814 2778 Orige-

243 2839 267 2854 “
283 2838 354 2866 Psai.
371 2847 406 2871 οι.
426 2841 471 2871 28.
507 2842 531 2860 ’δ’
545 2843 660 2872 Malach.
679 2852 721 2878 In,
736 2844 761 2872 6.
801 2845 822 2862 '°
838 2846 955 2877 Philipp.
972 2854 1001 2880 ιι,
1022 2846 1049 2875 6.
