1908 3071
114 155 189 183 ’1293

626 154 671 182 EX
689 156 721 183 G.
742 154 841 183 DULLI
861 156 935 183 DEF.
957 155 1044 183 FlDEl
1064 153 1225 184 NIC/ENIE.

1664 159 1736 187 I‘Z‘Jls

118 221 168 241 nes
179 213 225 241 τὸν
239 213 325 248 Λόγον
338 214 395 242 sive
404 213 502 242 Filium
520 215 566 242 Dei
580 222 640 242 esse
659 216 742 243 Deum
759 217 902 244 immorta-

956 226 998 244 τον
1011 218 1145 253 ὑπεροχὴν
1159 217 1212 244 τῶν
1228 218 1410 253 νομιζομένων
1423 218 1505 252 ἀξίων
1530 221 1737 256 προσκυνεῖσθαι

117 259 182 291 lem,
204 259 356 287 substantia
382 267 430 287 sua
458 260 663 292 immutabilem,
675 267 702 288 et
722 267 856 296 quatenus
872 263 899 289 in

117 304 206 332 forma
222 305 268 333 Dei
288 306 419 338 subsistit,
429 306 504 341 juxta
524 315 585 334 cum
599 307 682 335 Patre
694 314 795 335 natura:
811 309 899 336 omni-

115 358 154 378 no
178 351 402 387 incorruptibilis,
428 353 565 388 simplicis.
595 361 644 381 nec
666 355 831 388 compositae,
849 363 900 382 nec

116 396 272 424 divisibilis.
289 398 433 433 Aliquanto
456 404 516 432 post
531 399 564 426 ad
589 398 668 426 aliam
688 399 757 426 Celsi
770 400 899 433 objectio-

117 449 193 472 nem.
221 443 304 476 priori
337 443 464 475 al'liuem,
493 451 671 478 restionsurns
690 466 697 477 ,
723 445 762 472 sic
785 446 898 476 orditur.

117 494 195 514 num.
210 488 253 520 18,
272 496 332 522 pag.
349 489 498 525 “2:11.05;
514 490 591 516 τοῦτο
607 490 705 525 λέγοιτ’
722 491 754 517 ἆν
765 511 773 524 ,
789 491 826 527 πῆ
852 491 900 527 μὲν

116 532 185 566 περὶ
199 532 248 566 τῆς
263 532 309 559 τοῦ
325 532 397 559 θείου
409 534 493 568 Λόγου
508 533 615 568 φύσεως
634 534 708 567 ὄντος
721 535 787 562 Θεοῦ
797 545 803 550 ·
870 536 901 563 δὲ

117 576 184 611 περὶ
198 577 246 611 τῆς
263 577 349 612 Ἰησοῦ
361 577 459 614 ψυχῆς.
476 579 502 606 id
523 584 573 611 est,
591 589 600 605 ι
620 580 660 607 Μ
680 580 730 608 hoc
743 581 901 615 respunderi

116 628 218 657 potest.
231 624 418 659 distinguendo
442 625 522 652 divini
551 624 631 652 Verbi
659 631 784 653 naturam
801 647 809 659 ,
836 635 896 662 qua:

119 668 192 696 Deus
201 674 251 701 est,
265 669 364 697 etlesu
386 671 513 698 animam.
530 680 539 696 ι
559 670 639 698 Vides
648 671 695 699 hic
720 672 803 706 ipsam
823 673 902 700 Verbi

118 719 245 742 naturam
266 715 360 748 Deum,
379 716 435 743 sive
448 715 565 743 Verbum
592 721 686 744 natura
704 717 786 747 Deum
803 718 902 746 diserte

118 760 185 787 diei.
202 760 249 788 Cui
267 761 363 788 similis
387 760 511 794 Origenis
529 761 605 789 locus
628 763 729 790 citatur
755 763 780 791 in
809 770 902 792 catena

119 805 288 833 Dalthasaris
299 805 420 834 Corderii
437 807 565 842 fuluam,
576 808 608 836 ad
625 816 684 843 cap.
703 817 723 842 I,
737 817 807 837 vers.
820 810 845 843 l,
858 810 902 838 ubi

116 850 204 878 Filius
220 851 264 878 Dei
277 852 310 878 ab
321 851 435 886 Origene
447 853 547 880 dicitur
563 854 578 880 ὁ
591 855 759 890 Δημιουργδς
774 855 821 882 τοῦ
837 865 903 883 παν-

953 262 1027 298 παρὰ
1040 263 1070 289 τὸ
1086 262 1138 289 τῶν
1151 262 1303 298 σπινθήρων
1318 263 1363 290 καὶ
1387 263 1440 290 τῶν
1454 264 1556 300 λύχνων
1570 266 1626 300 φῶς
1635 275 1642 281 ο
1654 266 1738 297 οὕτως

952 307 976 333 οἱ
989 307 1142 341 νοήσαντες,
1165 307 1224 337 πῶς
1238 308 1252 334 ὁ
1269 307 1333 339 Θεὸς
1358 307 1415 342 φῶς
1444 310 1514 335 ἐστι·
1542 310 1738 340 καταλαϐόντες

952 352 992 384 δὲ,
1010 353 1068 385 πῶς
1083 354 1097 380 ὁ
1113 353 1176 385 Υἱὸς
1189 353 1235 380 τοῦ
1248 354 1314 380 Θεοῦ
1331 355 1388 389 φῶς
1403 355 1529 390 ἀληθινόν
1540 356 1623 386 ἐστιν.
1635 355 1649 382 ὃ
1660 355 1734 390 φωτί

954 397 994 430 ζει
1024 399 1112 426 πάντα
1137 399 1279 435 ἄνθρωπον
1304 401 1449 435 ἐρχόμενον
1478 403 1518 433 εἰς
1545 401 1590 427 τὸν
1619 402 1737 436 κόσμον·

955 444 1091 476 ωνιέντες
1109 444 1136 471 δὲ
1153 445 1209 476 καὶ,
1227 445 1285 476 πῶς
1299 442 1374 477 οὖτός
1398 455 1463 481 φησι
1487 446 1530 477 τὸ,
1548 447 1618 482 Ἐγώ
1632 448 1690 481 εἰμι
1706 445 1738 474 rt‘

953 487 1016 521 φῶς
1031 489 1083 515 τοῦ
1097 491 1211 523 κόσμου
1224 490 1286 516 ὀὐκ
1299 490 1331 516 ἂν
1341 490 1456 525 εὖλὸγως
1468 492 1682 527 προσκυνήσαιεν
1694 500 1738 518 τον

954 533 1034 559 οἱονεὶ
1045 533 1146 568 βραχὺν
1163 533 1308 570 σπινθῆρα,
1319 534 1437 570 ὡς’πρὸς
1452 535 1508 569 φῶς
1521 535 1567 562 τὸν
1581 536 1656 568 Θεὸν,
1673 536 1738 572 ἀλη-

955 577 1027 604 ὒινοῦ
1044 578 1141 611 φωτὸς,
1159 579 1187 604 ἐν
1197 578 1274 614 ἡλίῳ,
1292 579 1344 605 καὶ.
1356 578 1465 614 σελήνῃ,
1478 579 1526 606 ’καὶ
1541 580 1661 615 ἄστροις·
1694 580 1738 606 καὶ

953 623 1002 649 οὐκ
1014 623 1188 658 ἀτιμάζοντες
1202 631 1233 658 γε
1249 623 1282 650 τὰ
1298 624 1447 660 τηλικαῦτα
1457 625 1503 651 τοῦ
1515 625 1587 652 θεοῦ
1608 626 1705 661 δημιου
1711 634 1738 661 ρο

954 669 1064 703 γήματα
1089 668 1149 694 οὐδὲ
1182 668 1378 704 Ἀναξαγορίως
1409 667 1516 705 μῦδρων
1541 669 1672 705 διάπυρον
1696 669 1738 696 λέ-

955 722 1048 748 γοντες
1073 712 1144 740 εἶναι
1167 714 1212 740 τὴν
1234 714 1319 749 ἣλιον,
1337 715 1384 742 καὶ
1409 715 1533 751 σελήνην,
1549 715 1596 742 καὶ
1610 716 1738 752 ἀστέρας,

954 759 1065 786 τοιαῦτά
1082 767 1171 795 φαμεν
1185 760 1249 794 περὶ
1266 760 1351 795 ήλίου,
1375 761 1422 786 καὶ
1440 760 1565 796 σελήνης,
1593 761 1640 788 καὶ
1659 761 1739 787 ἀστέ-

958 812 1010 840 ρων
1019 813 1026 819 ·
1038 804 1093 831 ἀλλ’
1106 805 1294 840 αἰσθανόμενοί
1308 813 1339 839 γε
1350 805 1399 841 τῆς
1413 806 1508 841 ἁφάτῳ
1521 807 1643 842 ὑπεροχῇ
1655 808 1740 843 ὑπερ-

956 850 1070 886 εχούσης
1085 850 1221 886 Θειότητος
1242 850 1288 878 τοῦ
1301 850 1379 884 Θεοῦ,
1396 851 1436 878 ἔτι
1449 851 1477 878 δὲ
1495 852 1541 878 καὶ
1554 852 1602 879 τοῦ
1619 854 1740 888 Μονογε-

119 896 178 930 τδς,
193 897 332 932 τυγχάνων
345 897 412 929 Θεῦς
425 898 511 933 Λόγος
524 900 584 926 κατ’
599 900 704 933 οὐσίαν,
724 910 734 926 ι
752 901 797 929 ille
813 909 902 929 rerum

956 898 1015 930 νοῦς
1031 897 1112 925 αὑτοῦ
1126 898 1304 934 ὑπερέχοντος
1317 899 1351 925 τὰ
1363 898 1454 928 λοιπά,
1469 898 1497 926 id
1512 903 1564 932 est,
1581 909 1591 925 ‹
1601 899 1635 926 Et
1646 907 1741 934 quem-

117 941 243 968 omnium
270 941 420 975 Conditor,
447 944 492 977 qui
521 948 564 971 est
585 945 732 972 secundum
761 947 903 973 essentiam

119 987 194 1015 Deus
210 986 337 1016 Verbum.
353 997 363 1014 ι
381 989 449 1022 Quis
461 996 524 1016 vero
540 997 573 1016 ex
590 989 699 1018 Arianis
729 991 837 1024 dixerit,
859 992 905 1019 Fi-

116 1032 186 1059 lium
198 1039 258 1061 esse
273 1034 329 1069 ipsa
341 1042 390 1061 sua
416 1035 533 1063 essentia
563 1043 594 1063 ac
619 1036 770 1064 substantia
799 1038 905 1065 Deum?

118 1078 232 1107 Scilicet
246 1080 298 1108 hoc
327 1081 391 1108 illud
410 1081 497 1116 ipsum
510 1085 562 1114 est,
583 1083 655 1117 quod
672 1083 801 1111 adversus
811 1083 903 1111 Arium

120 1129 276 1153 statuerunt
290 1125 384 1154 Patres
400 1125 511 1160 Niczeni,
541 1135 638 1162 nempe
652 1127 750 1155 Filium
768 1128 815 1156 Dei
845 1136 905 1156 esse

118 1171 178 1198 Dco
193 1171 345 1207 ὀμοούσιον.

158 1218 172 1254 §
194 1217 258 1245 VIII.
275 1218 303 1245 ln
328 1218 396 1247 libro
420 1219 516 1254 quinto
546 1220 679 1248 rationem
708 1220 834 1253 reddens,
856 1229 905 1248 cur

117 1263 268 1292 Christiani
283 1265 379 1292 Filium
395 1265 453 1299 Dei,
469 1273 521 1293 non
542 1265 624 1293 solem
640 1286 648 1298 ,
666 1266 758 1294 lunam
782 1267 905 1295 stellasve

123 1310 281 1338 adoratione
308 1317 504 1345 prosequantur
522 1331 529 1344 ,
554 1312 590 1338 ita
618 1311 729 1339 disserit
759 1321 833 1339 nmn.
860 1312 903 1344 10,

117 1363 149 1391 p.
165 1356 235 1383 584:
248 1357 286 1383 Οὔ
298 1357 386 1383 τοίνυν
403 1355 437 1392 ἦν
449 1357 558 1391 εῠλογον
568 1358 630 1389 τοὺς
640 1358 810 1393 διδαχθέντας
821 1367 905 1393 μεγα-

119 1402 228 1436 λοφυῶς
237 1403 460 1438 ὑπεραναΰαίνειν
470 1403 557 1430 πάντα
572 1403 606 1430 τὰ
621 1403 903 1439 δημιουργήματα,....

120 1449 274 1481 ἀσκοῦντας
287 1449 356 1484 ἔχειν
366 1449 414 1484 τῆν
428 1449 556 1485 λαμπρὰν
565 1449 612 1476 καὶ
626 1450 782 1485 ἀμάραντον
799 1450 904 1485 σοφίαν,

120 1496 139 1530 ἢ
155 1495 201 1521 καὶ
219 1494 393 1529 ἀνειληφότα,
418 1495 502 1530 αὐτὴν
515 1493 597 1521 οὖσαν
623 1495 791 1531 ἀπαύγασμα
819 1496 906 1530 φωτὸς

121 1541 210 1568 ἀῖδίου
222 1549 229 1555 ·
246 1541 450 1576 καταπλαγῆναι
467 1541 496 1567 τὸ
507 1541 633 1577 αἰσθητὸν
650 1541 735 1576 ἡλίου,
753 1542 799 1568 καὶ
828 1541 906 1578 σελή-

120 1596 183 1622 νης,
202 1587 248 1614 καὶ
275 1588 380 1623 ἄστρων
402 1588 460 1622 φῶς
487 1587 532 1614 ἐπὶ
551 1587 692 1619 τοσοῦτον,
717 1587 786 1614 ὥστε
808 1587 852 1614 διὰ
876 1589 906 1614 τὸ

121 1633 249 1669 αἰσθητὸν
274 1633 332 1668 φῶς
356 1633 466 1660 ἐκείνων
491 1633 599 1668 νομίσαι
622 1634 734 1665 ἑαυτοὺς
760 1634 834 1660 κάτω
855 1642 906 1660 που

121 1678 205 1712 εἶναι,
219 1679 329 1714 ἔχοντας
344 1679 500 1714 τηλικοῦτον
517 1679 611 1714 νοητὸν
625 1679 750 1713 γνώσεως
763 1680 820 1714 φῶς
829 1700 836 1711 ,
861 1679 907 1706 καὶ

124 1725 184 1761 φῶς
195 1724 335 1761 ἀληθινὸν,
353 1725 400 1752 καὶ
423 1725 482 1759 φῶς
497 1725 544 1751 τοῦ
561 1725 672 1760 κὸσμου,
702 1726 749 1752 καὶ
776 1726 832 1760 φῶς
854 1725 907 1752 τῶν

124 1772 286 1806 ἀνθρώπων,
300 1772 436 1804 κάκείνοις
451 1772 648 1807 προσκυνῆσαι.
665 1771 692 1797 ιιι
709 1776 749 1798 est
761 1792 768 1803 ,
787 1781 796 1796 ε
818 1771 908 1806 Itaque

126 1826 180 1845 non
196 1818 378 1848 deccbateos.
393 1818 440 1852 qui
467 1816 618 1844 didicerant
644 1824 774 1852 generose
800 1824 906 1844 onmem

121 1866 276 1888 creaturam
296 1861 499 1893 transcendere,
575 1862 824 1896 coutendehantque
847 1866 906 1888 stu-

122 1906 177 1933 diis
190 1905 358 1933 ferventibus
377 1906 409 1933 ad
425 1907 676 1935 immarcescibilem
709 1907 780 1935 illam
799 1907 908 1942 sapien-

123 1951 201 1983 tiam,
218 1951 327 1986 autjam
343 1957 520 1986 perceperant
533 1960 604 1985 eam,
625 1959 696 1985 eam,
715 1955 835 1988 inquam,
847 1961 907 1988 qua:

123 2002 232 2025 aeterna:
247 1997 314 2023 lucis
327 1997 451 2032 splendor
474 2003 534 2031 est;
552 1999 743 2034 obstupescere
767 2000 800 2027 ad
833 2000 907 2032 solis,

123 2043 196 2070 luna
225 2042 415 2077 stellarumque
432 2043 522 2071 lumen
540 2044 677 2075 sensibile,
696 2045 722 2071 in
748 2049 862 2077 tantum,
879 2050 908 2072 ut

124 2093 267 2123 propterea
282 2095 311 2114 se
324 2088 467 2114 inferiores
483 2088 690 2121 existimarent;
710 2097 771 2116 cmn
794 2090 843 2124 ipsi
859 2090 907 2117 ha-

124 2135 208 2161 beant
228 2139 331 2161 tantam
362 2134 448 2160 lucem
479 2134 687 2168 intelligibilem,
701 2134 787 2161 lucem
806 2143 906 2168 veram,

125 2179 213 2207 lucem
230 2180 333 2210 mundi.
347 2179 432 2206 lucem
459 2179 615 2213 hominum;
631 2187 716 2214 eaque
727 2180 880 2207 adorarent.
894 2190 906 2206 ν

953 944 1096 971 admodum
1113 944 1157 971 isti
1173 945 1330 972 adoratores
1341 945 1418 977 solis,
1434 945 1505 972 lunze
1529 945 1738 980 stellarumque,

954 993 982 1016 et
994 989 1171 1017 admiratores
1196 997 1289 1017 eorum
1317 990 1447 1024 luminis,
1473 999 1610 1026 nunquam
1641 992 1740 1019 adora-

955 1039 1015 1062 rent
1031 1035 1174 1062 scintillam
1191 1035 1259 1070 ignis
1270 1041 1315 1063 aut
1327 1036 1463 1064 lucernam
1479 1038 1600 1070 interra,
1619 1038 1741 1065 videntes

954 1079 1203 1115 incomparabiliter
1235 1082 1449 1116 przecellentiora
1466 1103 1474 1115 ,
1507 1089 1620 1118 quorum
1646 1083 1739 1111 lumen

954 1126 1111 1154 adoratione
1129 1128 1239 1162 dignum
1256 1128 1433 1156 existimant:
1463 1128 1498 1155 ita
1520 1129 1566 1163 qui
1584 1129 1741 1163 intelligunt

954 1174 1087 1208 quomodo
1104 1173 1176 1201 Deus
1191 1173 1280 1201 lumen
1302 1174 1348 1208 sit,
1362 1178 1389 1201 et
1414 1174 1549 1208 quomodo
1567 1173 1652 1202 Filius
1678 1175 1738 1209 ejus

953 1219 1000 1246 lux
1015 1226 1078 1246 vera
1091 1219 1138 1252 sit,
1155 1220 1292 1247 illustrans
1313 1227 1420 1248 omnem
1444 1220 1583 1248 hominem
1615 1222 1642 1248 in
1664 1222 1739 1249 hunc

955 1264 1082 1292 mundum
1109 1265 1263 1293 venientem
1279 1265 1314 1298 ",
1340 1270 1367 1292 et
1389 1265 1544 1300 intelligunt
1573 1266 1654 1293 etiam
1674 1265 1739 1293 illud

955 1310 1012 1345 ejus
1024 1311 1134 1342 dictum,
1149 1311 1205 1345 Ego
1221 1319 1277 1338 sum
1291 1311 1336 1338 lux
1351 1313 1443 1338 mundi
1451 1313 1484 1342 θ’,
1500 1312 1633 1339 immerito
1641 1312 1738 1339 adora-

956 1360 1016 1382 rent
1032 1363 1143 1390 parvam
1161 1355 1232 1383 velut
1245 1357 1388 1384 scintillam
1409 1364 1479 1384 verte
1495 1357 1574 1389 lucis,
1588 1358 1612 1385 si
1639 1358 1672 1385 ad
1696 1358 1740 1384 lu-

954 1408 1016 1428 men
1030 1401 1097 1428 illud
1111 1402 1182 1436 quod
1200 1401 1271 1429 Deus
1288 1407 1329 1429 est
1341 1402 1506 1434 conferatur,
1527 1410 1587 1437 quae
1612 1404 1639 1430 in
1671 1403 1740 1435 sole.

956 1446 1019 1474 luna
1030 1451 1059 1474 et
1073 1447 1154 1474 astris
1171 1447 1286 1475 exsistit.
1303 1447 1360 1475 Non
1373 1453 1462 1475 autem
1485 1449 1555 1483 quod
1580 1454 1739 1476 conlenmar

956 1494 1017 1520 'n'us
1031 1496 1084 1519 tam
1098 1494 1206 1528 egregia
1228 1493 1277 1520 Dei
1304 1501 1397 1528 opera.
1411 1498 1457 1521 aut
1479 1494 1548 1522 sicut
1561 1495 1738 1529 Anaxagoras

956 1534 1065 1570 globum
1083 1535 1196 1571 ignitum
1211 1536 1294 1564 solem
1310 1537 1507 1570 existimemus,
1521 1542 1588 1566 utet
1603 1538 1693 1565 lunam
1713 1544 1742 1566 et

957 1585 1031 1608 astra
1048 1585 1164 1614 uetera;
1183 1582 1243 1609 ideo
1259 1582 1316 1610 hate
1335 1583 1368 1610 de
1379 1582 1443 1615 sole.
1463 1583 1526 1610 luna
1539 1588 1566 1610 et
1592 1585 1673 1611 astris
1686 1592 1740 1612 cac-

958 1628 1024 1653 teris
1035 1626 1173 1654 dicimus:
1198 1628 1245 1654 sed
1259 1628 1331 1662 quod
1351 1636 1529 1663 agnoscamus
1552 1629 1598 1656 Dei
1625 1635 1653 1656 et
1680 1630 1741 1658 Filii

956 1671 1014 1704 ejus
1031 1672 1162 1707 unigeniti
1179 1672 1353 1700 inenarrabili
1368 1674 1524 1708 prmtanlia
1541 1675 1742 1709 praecellentem

956 1715 1136 1748 divinitatem,
1151 1724 1211 1751 quae
1223 1722 1321 1744 caetera
1335 1718 1426 1745 omnia
1439 1718 1517 1753 longe
1528 1724 1588 1753 post
1611 1727 1640 1746 se
1664 1720 1740 1747 relin-

957 1761 1024 1796 quit.
1050 1771 1059 1787 ι
1078 1761 1159 1795 Quid,
1178 1770 1281 1797 quaeso,
1297 1764 1330 1790 ad
1345 1763 1536 1791 declarandum
1559 1771 1650 1792 veram
1680 1766 1739 1793 Filii

957 1807 1137 1841 divinitatem,
1149 1809 1191 1836 his
1201 1809 1329 1836 disertius
1345 1809 1396 1836 dici
1415 1810 1519 1844 potuit?
1531 1810 1598 1838 Nan.
1612 1819 1740 1846 expresse

957 1853 1002 1880 hic
1032 1853 1112 1880 tradit
1129 1853 1274 1888 Origenes,
1291 1854 1388 1882 Filium
1408 1863 1468 1882 cum
1484 1855 1563 1882 Patre
1575 1863 1634 1883 esse
1645 1863 1739 1883 verum

959 1899 1023 1927 illud
1048 1899 1150 1933 lumen,
1167 1900 1238 1934 quod
1254 1901 1323 1928 Deus
1339 1906 1378 1928 est
1389 1921 1396 1932 ,
1411 1900 1455 1928 cui
1469 1901 1565 1928 collata
1585 1909 1673 1935 parva;
1699 1901 1743 1928 in-

958 1951 1017 1973 star
1036 1944 1159 1973 scintilla:
1176 1949 1217 1972 est
1232 1945 1289 1980 ipsa
1301 1946 1367 1973 solis
1382 1946 1436 1973 lux.
1451 1946 1500 1980 Qui
1514 1952 1541 1973 et
1554 1946 1622 1974 Filio
1630 1947 1741 1982 perinde

959 1998 991 2018 ac
1009 1990 1082 2017 Patri
1102 1998 1232 2024 expresse
1255 1991 1350 2018 tribuit
1381 1991 1555 2019 inenarrabili
1580 1992 1738 2027 praestantia

957 2036 1155 2072 praecellentem
1173 2036 1340 2064 divinitatem
1357 2056 1365 2069 ,
1397 2044 1457 2071 quae
1489 2033 1626 2065 creattfras
1646 2045 1740 2065 omnes

960 2083 1120 2110 immensum
1144 2088 1264 2118 superat.
1279 2082 1391 2110 Demum
1412 2083 1474 2110 hinc
1489 2083 1584 2109 iterum
1607 2082 1741 2110 concludit

960 2128 1042 2155 Deum
1060 2129 1165 2156 Patrem
1184 2129 1296 2163 ejusque
1308 2128 1475 2162 unigenitum
1503 2127 1611 2158 Filium.
1642 2128 1740 2162 spretis

959 2179 1089 2209 quantum
1107 2175 1139 2202 ad
1153 2175 1336 2202 adorationem
1353 2175 1459 2207 attinet,
1482 2173 1554 2205 sole,
1570 2174 1642 2206 luna,
1659 2179 1740 2200 crete-

127 2225 177 2253 Ilic
190 2231 281 2260 aperte
297 2225 361 2252 dicit
377 2225 508 2260 Origenes
535 2225 702 2259 Sapientiam
729 2226 785 2252 sive
809 2225 904 2253 Filium

962 2221 1055 2255 risque
1067 2220 1127 2248 coeli
1140 2221 1298 2252 luminibus,
1313 2220 1385 2247 solos
1398 2220 1505 2254 (netnpe
1520 2219 1546 2246 in
1563 2220 1664 2246 unitate
1679 2219 1741 2252 Spi-

125 2271 173 2298 Dei
184 2278 243 2298 esse
257 2271 345 2297 lucem
358 2270 431 2296 illam
448 2278 550 2302 veram,
571 2270 658 2297 lucem
675 2270 778 2303 mundi,
801 2275 908 2298 mterna:

125 2315 194 2343 lucis
212 2315 398 2350 splendorem;
411 2321 490 2348 quem
506 2314 672 2346 Christiani,
692 2314 820 2348 neglectis
838 2315 907 2347 sole.

127 2360 202 2391 luna,
217 2361 376 2394 ueterisque
395 2360 455 2387 cceli
472 2360 630 2391 luminibus,
647 2359 706 2387 ideo
723 2360 822 2392 colant,
838 2360 908 2394 quod

127 2406 215 2432 edocti
231 2407 287 2432 sint
305 2407 329 2433 in
346 2406 420 2433 cultu
436 2414 484 2432 suo
496 2413 602 2432 onmem
614 2410 766 2432 creaturam
777 2412 908 2439 generose

129 2450 330 2478 transcendere.
347 2451 421 2478 Unde
437 2449 683 2477 manifestissimum
700 2455 741 2478 est
751 2451 907 2484 neutiquam

127 2505 188 2525 cum
204 2497 267 2524 Ario
282 2498 431 2524 somniasse
445 2497 603 2531 Origenem.
620 2495 716 2522 Filium
732 2496 777 2523 Dei
792 2496 862 2522 inter
876 2495 910 2521 τὰ

127 2544 353 2580 δημιουργήματα
370 2544 427 2571 sive
453 2551 494 2571 res
520 2547 627 2570 creatas
652 2543 814 2569 censendum
839 2549 910 2570 esse.

128 2591 196 2618 nem
212 2591 281 2617 hanc
293 2591 383 2617 adlmc
396 2589 556 2617 luculentins
574 2589 690 2622 explicat
700 2587 778 2622 paulo
793 2593 852 2622 post
870 2587 911 2614 his

128 2637 218 2664 verbis
235 2644 309 2664 num.
323 2636 365 2666 Η,
384 2644 409 2670 p.
428 2636 479 2662 585
497 2645 502 2662 :
516 2635 570 2662 Καὶ
583 2634 676 2670 ὥσπερ
690 2634 724 2667 οἱ,
738 2633 780 2660 διὰ
799 2633 829 2660 τὸ
852 2632 909 2668 φῶς

128 2682 256 2718 αἰσθητὸν
281 2682 328 2709 καὶ
355 2681 477 2717 οὐράνιον
498 2679 577 2712 εἶναι,
600 2680 812 2716 προσκυνοῦντες
822 2679 906 2714 ἥλιον,

108 2719 114 2734 ί
128 2728 176 2754 καὶ
191 2727 313 2763 σελήνην,
329 2727 376 2753 καὶ
389 2726 484 2760 ἄστρα,
500 2726 548 2752 οὐκ
562 2726 594 2752 ἂν
607 2725 822 2761 προσκυνήσαιεν
838 2732 910 2749 σπιν-

128 2773 201 2809 Θῆρα
216 2773 309 2808 πυρὸς,
320 2772 337 2808 ἢ
350 2771 443 2806 λύχνον
459 2771 505 2797 ἐπὶ
519 2773 704 2807 γῆς,ὀρῶντες
719 2772 767 2806 τὴν
782 2771 911 2807 ἀσύγκρι-

167 2873 189 2889 ⁸¹
204 2872 281 2901 Joan.
299 2881 319 2906 ι,
331 2873 356 2900 9.
389 2874 411 2889 η
424 2872 499 2899 Joan.
515 2879 572 2903 \‘III,
589 2871 633 2899 l2.

962 2267 1030 2294 ritus
1042 2267 1142 2299 sancti,
1155 2267 1224 2302 quod
1243 2266 1299 2301 ipse
1313 2266 1442 2300 Origenes
1459 2266 1522 2293 alibi
1539 2266 1670 2301 agnoscit)
1698 2267 1740 2293 di-

962 2313 1025 2339 vino
1039 2313 1109 2340 cultu
1123 2312 1294 2339 honorandos
1308 2320 1377 2339 esse.
1395 2312 1494 2339 Ibidem
1507 2332 1515 2344 ,
1539 2312 1633 2346 paucis
1653 2312 1738 2339 inter-

959 2359 1049 2392 jeetis.
1061 2359 1098 2384 ait
1111 2366 1183 2384 num.
1196 2357 1239 2390 1‘2,
1259 2366 1283 2392 p.
1296 2357 1358 2389 586,
1375 2358 1455 2383 Deum
1476 2357 1581 2384 Patrem
1597 2365 1649 2383 non
1667 2365 1741 2384 τοπι-

961 2403 1017 2434 κῶς
1036 2403 1163 2435 Iocaliter,
1182 2408 1275 2438 utpote
1288 2403 1463 2435 immensum,
1478 2410 1564 2437 neque
1579 2402 1637 2429 loco
1655 2403 1741 2430 inclu-

961 2456 1031 2480 sum.
1047 2448 1094 2475 sed
1111 2448 1296 2484 προνοητικῶς
1310 2457 1355 2482 per
1375 2448 1562 2483 prouidentiam
1574 2448 1738 2475 c0ndescen--

959 2494 1024 2520 dere
1042 2492 1195 2520 hominibus
1209 2501 1258 2527 pro
1275 2501 1323 2520 sua
1340 2493 1477 2521 bonitate:
1495 2492 1592 2519 Filium
1613 2500 1677 2520 vero
1693 2493 1740 2520 Dei

959 2546 1013 2566 non
1037 2538 1123 2566 solum
1141 2542 1204 2565 tunc
1218 2546 1278 2565 cum
1295 2539 1365 2566 inter
1384 2539 1507 2566 homines
1517 2538 1637 2574 degeret,
1650 2539 1697 2565 sed
1712 2543 1740 2565 et

959 2590 1064 2617 semper
1086 2583 1145 2610 suis
1158 2583 1250 2610 adesse
1272 2584 1429 2618 discipulis;
1460 2589 1487 2611 et
1512 2592 1677 2619 quanquam,
1707 2591 1741 2611 ex

961 2629 1064 2656 inllnita
1082 2635 1145 2663 erga
1172 2628 1318 2655 humanum
1337 2637 1420 2663 genus
1448 2631 1590 2663 charitate,
1612 2630 1740 2664 dignatus

964 2680 1006 2702 est
1023 2675 1103 2701 etiam
1122 2674 1240 2704 τοπικῶς
1270 2674 1408 2701 nobiscum
1434 2676 1460 2702 in
1486 2681 1622 2711 assumpta
1647 2680 1742 2703 natura

964 2723 1078 2749 humana
1098 2722 1217 2754 versari;
1235 2726 1324 2748 tamen
1349 2722 1458 2748 omnino
1487 2723 1625 2758 πανταχοῦ
1649 2723 1742 2758 ubique

963 2773 1122 2803 praesentem
1151 2775 1220 2795 esse.
1244 2767 1345 2800 Quibus
1362 2768 1465 2802 positis,
1485 2769 1581 2796 deinde
1593 2777 1656 2805 _pro
1671 2769 1742 2798 cultu
