1908 3071
226 110 294 137 1275

864 109 893 136 Ρ.
916 109 1073 136 DANIELIS
1093 109 1211 137 llllETll

1781 113 1843 139 1376

226 180 284 199 rum
311 172 362 198 iste
381 171 538 205 partiarium
565 179 594 198 sc
617 172 718 207 prodit.
745 171 784 198 Ad
806 173 863 200 hate
892 173 959 199 nihil
983 173 1008 198 in
1024 173 1049 202 Α
1066 172 1162 206 Rciicit
1178 180 1222 199 eos
1241 173 1358 206 set‘iplor
1372 172 1471 207 operis,
1489 173 1533 207 qui
1549 172 1603 200 Duo
1619 173 1766 199 humanam
1784 174 1843 207 ιίκιι-

225 216 354 244 Genesim
372 217 513 251 scripsisse
533 217 618 244 fertur
643 217 773 250 llilarius,
789 219 814 244 in
830 226 909 250 quam
926 226 954 245 se
971 218 1010 244 lu-

225 264 355 290 cuhrasse
372 263 462 297 aliqua
476 268 592 290 testatur
608 264 659 291 iste
668 269 773 291 auctor.
790 264 919 291 Eamdem
935 271 1009 295 vero,

225 314 254 337 ttt
276 314 304 337 et
327 309 427 336 librutn
453 309 525 341 Jobi,
546 310 638 337 multis
664 314 826 344 exposuerat
859 310 1008 343 Origenes;

226 357 296 383 unde
317 356 379 383 data
398 355 514 383 fortasse
529 357 636 384 occasio
651 357 723 383 .libri
742 357 821 384 istius
842 357 903 384 huic
923 357 1010 384 ascri-

225 402 322 436 hendi;
344 411 405 430 cum
426 404 578 437 prmset‘tint
607 403 634 429 in
653 403 797 437 allegorias
819 411 1010 438 nonnunquam

226 454 362 477 excurrat.
377 450 474 485 Arguit
486 450 612 477 Erasmus
627 458 660 477 ex
678 450 772 477 horum
788 450 917 476 librorum
932 449 1010 476 clau-

226 495 286 522 sula
310 503 361 522 non
392 495 505 522 ulterius
526 504 697 530 progressum
725 496 808 523 fuisse
837 497 1009 530 scriptorem,

232 540 296 568 licet
314 541 357 568 vix
371 547 451 576 caput
473 542 531 569 Jobi
555 542 662 569 tertium
684 543 824 577 attigerit:
838 550 853 569 a
869 550 920 578 qua
935 543 1013 577 equi-

226 587 285 614 dem
301 588 436 615 sententia
455 596 507 615 :ton
525 590 631 616 recedo.

261 633 304 662 III.
324 633 503 663 Posteriorem
519 635 750 663 Commentarium
768 637 794 664 in
807 636 858 664 Job
884 644 899 664 e
912 636 1013 664 Biblio-

227 679 311 705 thecre
335 679 426 714 Regia:
450 681 588 708 codicibus
604 681 746 709 Perionius
776 682 870 709 Latina
888 683 1012 710 oratione

226 724 346 752 donavit.
364 725 421 752 Alia
437 734 545 760 quoque
566 727 628 754 alibi
652 729 827 763 reperiuntur
841 729 900 763 ejus
919 736 1014 756 exem-

227 769 321 802 plaria.
350 769 432 797 Multo
457 773 548 799 tlltltlls
574 771 700 807 Origenis
735 773 809 800 illuni
836 781 896 800 esse
927 774 1011 806 dicas,

227 823 307 851 quarti
328 817 434 851 priores
460 819 543 849 libros
567 824 642 847 tres:
659 828 719 846 nam
749 828 837 855 neque
866 825 1011 852 lomorum,

227 871 313 898 neque
337 864 506 892 homiliarum
519 888 527 898 ,
545 873 633 900 neque
658 866 823 893 scholiorum
845 867 944 902 stylmn
964 875 1008 894 sa-

227 912 284 945 pit;
307 918 393 946 neque
408 913 518 940 divertit
540 921 654 948 usquam
677 914 703 940 iu
722 913 876 949 allegorias,
893 919 921 941 et
942 919 1014 941 totus

225 963 267 984 est
288 958 314 984 in
337 959 531 993 perscrutando
546 959 645 986 littera:
661 967 754 991 sensu,
771 965 798 986 ut
815 967 917 987 meram
934 967 1013 994 para-

227 1004 348 1038 phrasim
374 1011 434 1032 esse
457 1005 542 1032 dicas.
569 1005 670 1033 Mosen)
694 1005 753 1033 libri
775 1005 826 1033 Job
853 1007 1013 1041 scriptorem

227 1057 287 1077 esse
315 1050 414 1077 asserit
437 1051 462 1077 in
486 1050 602 1086 Prologo
617 1060 623 1078 :
637 1057 665 1078 at
688 1053 761 1086 prior
788 1052 1012 1080 Commentarius

227 1095 352 1123 eumdem
369 1104 382 1123 a
401 1096 479 1129 Jobo,
497 1097 539 1124 vel
564 1096 623 1124 Johi
647 1098 743 1125 amicis
764 1098 897 1134 Syrorum
923 1099 1012 1133 lingua

230 1141 374 1175 scriptum,
393 1150 408 1169 a
429 1142 521 1178 Moyse
542 1143 568 1170 in
589 1143 749 1171 Hebraicam
767 1144 885 1179 linguam
903 1152 1014 1172 conver-

229 1195 288 1214 sum
311 1188 402 1215 tradit.
424 1188 498 1216 Unde
522 1188 637 1216 elﬁcitur
652 1190 812 1217 alterutrtttn
835 1192 928 1218 saltent
947 1200 1014 1226 opus

229 1233 355 1269 Origenis
369 1242 421 1262 non
433 1241 501 1262 esse.
519 1234 647 1262 Neutrum
670 1243 733 1263 vero
752 1236 811 1270 ejus
825 1244 884 1263 esse
900 1237 1015 1264 el‘lieitur

226 1287 260 1306 ex
282 1287 314 1307 co
337 1281 408 1314 quod
432 1279 528 1307 librum
548 1279 608 1307 Jobi
629 1280 721 1316 Moyse
745 1282 928 1315 antiquiorem
953 1290 1012 1309 esse

229 1326 312 1352 t-radit
331 1325 400 1352 libro
421 1333 445 1352 vt
468 1332 560 1352 contra
576 1325 659 1359 Cela”
673 1335 747 1353 ttutn.
763 1327 809 1359 Η.
824 1332 851 1354 et
862 1328 933 1362 quod
948 1327 1013 1355 Plii-

227 1369 330 1397 Iocalice
353 1370 441 1405 capite
465 1370 492 1402 5,
507 1371 592 1398 libros
614 1372 745 1399 duntaxat
759 1373 879 1407 quinque
891 1373 1011 1409 Moysem

229 1416 372 1451 reliquisse
389 1416 506 1443 aﬁirtnat
530 1417 598 1452 (16).
617 1417 683 1445 Cum
702 1419 827 1453 Origenis
851 1421 1013 1447 sententiam

228 1462 261 1489 de
289 1462 424 1489 sideribus
454 1470 534 1496 supra
563 1463 787 1497 exploraremus,
811 1465 1014 1493 observavimus

1068 227 1123 244 ratu
1138 217 1269 253 alliugunt
1285 228 1291 245 :
1307 227 1366 245 eam
1385 219 1508 246 haeresim
1529 220 1629 246 acriter
1642 219 1717 246 ultus
1733 223 1774 246 est
1785 219 1842 246 Ori-

1071 272 1162 298 genes.
1179 264 1329 297 Quomodo
1344 265 1452 300 angelos
1473 266 1598 292 custodes
1613 265 1734 293 admittit
1747 270 1843 298 auctor,

1067 311 1186 337 admittit
1205 315 1232 338 et
1252 310 1392 345 Origenes.
1413 311 1551 338 Christum
1566 311 1732 346 patriarchis
1744 316 1771 338 et
1789 319 1845 346 pro-

1066 356 1156 390 phetis
1171 356 1277 384 Veteris
1292 357 1459 384 Testamenti
1471 357 1637 391 apparuisse,
1653 362 1735 392 atque
1746 358 1782 384 ita
1794 366 1844 385 tne-

1062 403 1192 430 dia:orem
1211 403 1256 430 Dei
1271 408 1299 430 et
1316 403 1455 430 hominum
1473 403 1524 430 hoc
1544 408 1666 438 tempore
1686 403 1770 431 fuisse
1791 405 1843 439 οιιί-

1064 454 1144 476 natur
1165 454 1275 481 auctor;
1299 450 1427 484 opinatur
1454 455 1482 477 et
1505 449 1646 484 Origenes.
1678 450 1768 477 Astris
1794 451 1843 477 vim

1063 502 1122 522 esse
1136 497 1318 531 σημαντικήν.
1335 504 1386 523 non
1400 496 1612 532 ἀπστελεστικήν
1627 495 1723 523 deﬁnit
1741 499 1842 527 auctOr;

1064 540 1158 567 delinit
1175 545 1202 567 et
1224 540 1366 575 Origenes.
1394 540 1486 568 Facile
1509 541 1600 575 itaque
1625 547 1775 568 consensus
1803 541 1844 568 ille

1064 588 1153 614 lucum
1172 587 1245 614 fecit.

1099 633 1308 668 Snbjuuguutur
1329 634 1354 660 itt
1384 633 1488 661 Graecis
1515 634 1677 668 quihusdam
1705 633 1842 664 codicibusl

1063 688 1090 708 et
1103 681 1129 708 in
1149 681 1237 713 prima
1262 679 1429 708 Genebrardi
1446 681 1564 708 editione
1591 680 1711 707 homiliae
1729 684 1843 713 quatuor,

1065 734 1124 760 qua:
1141 726 1268 760 quoniam
1281 726 1467 761 Chrysostotui
1495 733 1555 752 esse
1581 725 1758 759 deprehensa:
1778 731 1842 757 sunt,

1066 773 1092 799 in
1112 772 1314 800 recentioribus
1336 772 1499 799 editionihus
1512 771 1621 798 fuerunt
1635 770 1829 805 pra-tenuisse

1102 819 1203 846 Praeter
1218 820 1354 853 geminum
1371 818 1445 845 illtun
1462 818 1696 845 Commentariunt
1715 819 1741 845 in
1755 819 1844 846 lihntm

1065 866 1137 899 Johi,
1154 866 1251 893 scribit
1271 865 1434 893 Laurentius
1458 865 1615 893 Hutnl'ridus
1635 866 1660 892 itt
1683 865 1799 899 Epistula
1815 867 1845 892 ad

1066 913 1210 939 Antonium
1233 911 1349 943 Canum,
1365 919 1425 946 quae
1454 911 1618 938 Erasmianae
1644 911 1771 945 Origenis
1795 913 1844 939 edi-

1066 958 1132 985 tioni
1147 958 1257 992 prmlixa
1272 963 1324 990 est,
1340 957 1531 991 llieronyunun
1547 957 1712 984 Frobenium
1726 962 1753 985 et
1775 957 1845 984 Nico-

1066 1005 1137 1032 laum
1151 1005 1335 1039 Episcopium,
1351 1012 1366 1031 a
1380 1006 1478 1039 quibus
1492 1005 1568 1038 prelo
1582 1004 1729 1031 commissa
1743 1010 1782 1032 est
1795 1005 1845 1031 haec

1067 1053 1162 1084 editio,
1181 1052 1416 1078 adnotatiunculas
1440 1051 1569 1084 quasdam
1585 1051 1612 1076 in
1627 1049 1726 1077 Jobum
1744 1052 1767 1077 ei
1783 1051 1845 1077 inse-

1067 1107 1126 1127 rere
1140 1099 1268 1128 noluisse.
1284 1098 1355 1131 quod
1378 1097 1524 1131 perbrevcs
1547 1101 1640 1123 essent
1653 1116 1661 1127 ,
1684 1102 1712 1123 et
1729 1096 1844 1130 Origenis

1065 1145 1173 1180 genium
1190 1151 1222 1170 ac
1237 1143 1336 1176 stylum
1349 1149 1444 1176 parum
1457 1141 1579 1169 redolere
1594 1142 1684 1169 doctis
1694 1142 1844 1176 quibusdam

1067 1190 1231 1216 viderentur.

1101 1235 1145 1261 ιν.
1176 1235 1204 1261 ln
1234 1235 1416 1268 ntanuscripto
1438 1233 1609 1260 Bibliotheca:
1640 1232 1733 1267 Regia:
1764 1232 1845 1259 codice

1067 1289 1165 1309 nomen
1191 1281 1318 1315 Origenis
1346 1280 1456 1314 prtul'ert
1481 1284 1558 1306 vetus
1572 1278 1805 1306 Cutnmcntariutn
1822 1278 1843 1304 in

1067 1327 1242 1363 Evangeliunt
1265 1325 1361 1352 Marci.
1386 1325 1496 1360 Legitur
1526 1333 1633 1358 quoque
1659 1325 1688 1351 iu
1719 1324 1843 1351 Possevini

1066 1374 1200 1408 Apparalu
1212 1372 1234 1388 ⁸⁸
1249 1372 1341 1399 haberi
1363 1372 1388 1398 in
1403 1370 1549 1398 Oxoniensi
1565 1371 1732 1397 Bibliotheca
1751 1370 1845 1404 Corpo-

1067 1422 1104 1447 ris
1118 1420 1233 1451 Cltristi,
1254 1418 1382 1454 Origenis
1399 1426 1467 1453 opus
1487 1419 1595 1452 aliquod
1607 1419 1634 1444 in
1654 1418 1785 1445 Marcum.
1798 1418 1844 1444 Cu-

1063 1467 1181 1500 iusmodi
1207 1466 1241 1493 sit
1266 1466 1336 1492 istud
1363 1472 1430 1500 opus
1449 1465 1574 1498 equidem
1599 1464 1709 1496 ignoro.
1731 1463 1803 1496 Quod
1817 1462 1844 1488 ad

229 1509 346 1535 animata
365 1517 426 1536 esse
443 1511 529 1545 ipsum
545 1511 704 1539 censuisse:
720 1518 813 1538 contra
834 1512 876 1540 ltic
896 1514 1011 1548 scriptor
1025 1521 1047 1551 ο
1067 1511 1179 1546 Regium
1207 1513 1314 1542 attinet,
1343 1510 1479 1537 noanulla:
1499 1510 1525 1536 in
1544 1517 1577 1535 eo
1600 1509 1752 1543 allegoriae,
1772 1508 1844 1535 nndla

229 1554 324 1582 stellas
349 1556 440 1582 animo
461 1564 556 1584 carere
583 1557 686 1585 diserte
711 1563 860 1585 asseverat.
890 1559 1013 1586 Meminit

228 1605 357 1635 praeterea
384 1601 593 1630 Maniclt:corunt
624 1608 651 1630 et
670 1603 781 1631 Luciani
804 1605 944 1640 martyris,
968 1607 1012 1639 qui

227 1648 344 1682 Origene
369 1648 480 1675 fuerunt
499 1650 677 1678 recentiores.
699 1651 805 1677 Alicubi
820 1658 884 1678 vero
900 1652 935 1678 ita
959 1653 1014 1679 dis-

229 1696 295 1723 serit
314 1705 321 1723 :
341 1696 455 1730 tNeque
475 1704 540 1731 ergo
556 1697 699 1732 ὁμοούσιον
714 1697 814 1732 aliqttid
839 1698 897 1731 ejus
913 1703 965 1732 est,
989 1699 1015 1726 id

227 1747 279 1774 est,
297 1741 415 1776 ejusdem
427 1742 569 1774 essentize;
586 1749 647 1768 eum
663 1742 735 1770 enim
748 1744 859 1770 interire
874 1752 925 1771 non
938 1752 1015 1779 pouse

228 1787 346 1814 diximus
362 1795 370 1814 :
387 1795 475 1822 neque
499 1787 637 1823 ὸμούσιον,
654 1787 679 1815 id
702 1793 754 1820 est,
780 1789 859 1817 unitts
872 1791 1013 1822 essentia};

228 1834 380 1868 comparari
401 1834 472 1860 enim
497 1842 550 1860 non
572 1839 681 1868 potest;
701 1843 711 1860 ›
725 1840 753 1862 et
776 1835 830 1862 alio
846 1835 925 1862 loco:
941 1845 950 1861 α
964 1836 1016 1863 lic-

229 1881 284 1908 cita
310 1882 366 1907 haec
396 1884 422 1906 tu
446 1887 506 1906 cum
531 1880 636 1913 judicio
655 1879 725 1914 apud
751 1880 985 1908 llomoousiastas.
1003 1892 1012 1908 ι

229 1926 331 1959 Quibus
348 1925 463 1960 aliisque
486 1925 673 1959 compluribus
693 1926 810 1954 Arianus
834 1935 895 1954 esse
918 1928 1016 1954 intelli.

229 1979 302 2008 [aur
317 1981 323 2000 :
340 1980 413 2005 nam,
432 1977 460 1998 ut
486 1972 524 1998 ait
536 1972 705 2006 Epiphanius
727 1973 791 1999 liter.
803 1981 877 2005 thx,
893 1981 954 2009 cap.
971 1974 1015 2007 70,

231 2026 283 2046 non
302 2024 356 2044 tam
374 2013 514 2045 bituminis
538 2019 650 2045 odorem
670 2017 768 2053 refugit
794 2027 918 2053 serpens,
935 2028 1015 2054 quant

230 2073 322 2093 vocent
349 2065 492 2100 ὁμοουσιου
513 2065 596 2091 Arius
621 2065 808 2092 aversabatur.
836 2065 1016 2098 Quamobrem

229 2112 383 2139 Catltolicos
400 2111 664 2138 llotnoousiastorum
679 2111 787 2138 nomine
801 2111 901 2138 Ariani
924 2113 1018 2139 tradu—

229 2158 339 2185 cebant.
359 2157 395 2184 Ex
425 2157 519 2184 codetn
552 2156 636 2191 igitur
661 2156 824 2183 Arianorum
847 2157 1016 2185 Lucianista-

231 2211 289 2230 rum
306 2209 404 2238 genere
419 2201 512 2233 fuerit,
530 2209 546 2228 e
557 2209 612 2236 quo
626 2201 745 2235 scriptor
771 2209 852 2236 supra
876 2204 1016 2230 memorati

230 2248 321 2282 operis
336 2247 364 2274 in
377 2247 484 2279 Jobum,
499 2247 600 2281 quippe
616 2247 663 2281 qui
676 2246 788 2274 Luciani
801 2248 929 2282 martyris
941 2256 1017 2282 atque

231 2294 394 2321 tnemineril.
432 2294 477 2320 Sic
502 2299 592 2320 autem
617 2294 761 2327 existimo;
790 2294 1015 2328 quemadmodum

230 2340 402 2368 sublevanda:
434 2339 615 2366 Israelitarunt
629 2339 790 2372 calamitati,
805 2340 866 2366 dum
878 2340 1017 2375 [Egyptio-

231 2396 289 2415 rum
315 2387 445 2415 servitute
471 2391 672 2420 premerentur,
699 2386 796 2413 librum
815 2385 865 2413 Job
889 2394 903 2413 a
927 2385 1017 2421 Moyse

230 2434 360 2468 scriptnut
373 2436 516 2458 autumant
529 2431 671 2466 plerique;
685 2432 721 2458 ita
736 2431 879 2466 multiplici
892 2432 926 2458 ab
940 2433 1017 2458 Aria—

232 2479 274 2507 nis
293 2477 497 2506 Commentario
518 2478 643 2504 eumdem
672 2477 757 2505 fuisse
787 2477 962 2510 illustratum,
987 2485 1018 2506 ac

232 2524 367 2558 frequenti
392 2523 508 2550 lectione
532 2523 692 2554 contritum,
716 2523 807 2550 solatii
832 2523 931 2557 gratia,
955 2531 1017 2550 cum

234 2574 268 2600 ah
283 2572 408 2600 Ecclesia
429 2571 560 2598 catholica
589 2571 768 2598 anathematis
783 2575 810 2598 et
832 2571 956 2598 censuris
977 2579 1020 2597 ur-

232 2622 371 2653 gerentur.
401 2617 537 2650 Qumrenti
562 2621 651 2643 autem
683 2616 748 2644 mihi
776 2623 926 2650 ecquonam
939 2623 1018 2651 argu-

232 2669 323 2691 tnento
350 2664 421 2691 liber
441 2664 492 2690 iste
509 2663 620 2697 Origeni
637 2663 807 2696 adjudicatus
820 2667 871 2695 est,
889 2663 1016 2689 nonnulla

231 2710 258 2737 in
278 2718 311 2737 eo
339 2714 518 2737 occurrerunt
543 2709 716 2744 Origenianae
739 2709 871 2736 doctrinae
892 2709 1017 2743 vestigia,

232 2763 291 2790 qua:
303 2758 336 2783 ad
348 2757 399 2783 alia
414 2765 466 2784 non
479 2756 546 2784 satis
559 2760 691 2782 attentum
708 2756 837 2783 lectorem
853 2755 1017 2783 fefellerunt.

269 2802 291 2817 ³⁸
305 2803 440 2829 l‘ossevin.
460 2802 557 2836 Appar.
572 2803 598 2828 itt
614 2801 734 2836 Origene.

1065 1558 1236 1592 Origenianze
1257 1557 1387 1584 doctrinae
1404 1557 1504 1588 allinia,
1520 1563 1581 1590 quae
1602 1555 1627 1581 in
1648 1554 1843 1582 Ohsewationi-

1069 1604 1120 1630 bus
1146 1603 1179 1630 ad
1194 1603 1428 1630 Commentarium
1454 1602 1481 1629 in
1509 1601 1664 1628 Matthwum
1692 1601 1844 1632 notavimus,

1067 1649 1211 1684 Origenem
1234 1649 1362 1676 videntur
1388 1654 1530 1675 auctorem
1557 1648 1693 1675 indicare.
1713 1647 1766 1674 Sed
1785 1647 1844 1674 levia

1067 1697 1133 1728 haec,
1150 1701 1236 1730 prteut
1250 1703 1280 1721 ea
1296 1700 1360 1721 sunt
1373 1702 1431 1730 quae
1443 1695 1613 1721 contrarium
1630 1694 1766 1728 probant;
1780 1700 1844 1720 sum-

1066 1750 1109 1769 ma
1123 1742 1184 1778 styli
1197 1742 1390 1776 discrepantia,
1407 1745 1534 1767 constans
1549 1739 1675 1774 Origenis
1691 1739 1845 1766 consuetudo

1068 1789 1094 1815 in
1110 1787 1332 1818 Commentariis,
1349 1787 1390 1814 vel
1405 1795 1453 1821 per
1472 1791 1570 1818 tomos,
1586 1786 1629 1812 vel
1645 1794 1698 1820 per
1721 1785 1842 1815 Itomilias,

1067 1835 1109 1861 vel
1127 1841 1174 1868 per
1197 1834 1300 1861 scholia
1329 1833 1494 1868 digerendis,
1510 1840 1626 1867 quorum
1643 1833 1678 1859 ad
1695 1832 1793 1859 nullum
1806 1839 1844 1866 ge

1069 1889 1119 1908 nus
1137 1881 1320 1915 expositiones
1340 1880 1397 1907 ista:
1423 1880 1517 1907 referri
1544 1884 1678 1914 possunt;
1708 1887 1767 1906 nam
1789 1885 1843 1912 pro-

1069 1927 1172 1954 lixitate
1197 1926 1299 1953 scholia
1322 1931 1464 1961 superant,
1488 1934 1504 1953 a
1528 1926 1609 1953 tomis
1626 1923 1844 1960 superanturub

1069 1973 1227 2000 homiletico
1254 1980 1319 1999 vero
1352 1979 1453 2006 genere
1481 1972 1589 2007 penitus
1613 1972 1752 1999 ditl'erunt.
1780 1970 1842 1997 Adde

1069 2019 1190 2053 proﬁteri
1205 2018 1373 2052 Scripturetn
1392 2018 1484 2052 operis
1503 2019 1561 2052 ipso
1577 2018 1666 2050 initio,
1684 2019 1841 2044 redacturum

1069 2073 1129 2092 sese
1147 2066 1173 2092 itt
1196 2073 1279 2092 unum
1303 2073 1411 2099 corpus,
1427 2073 1487 2099 quae
1502 2065 1535 2092 ab
1549 2064 1678 2092 Ecclesiae
1701 2064 1841 2092 doctoribus

1069 2111 1186 2146 sparsim
1202 2111 1229 2138 in
1253 2111 1324 2138 lnmc
1349 2110 1550 2145 Evangelistam
1580 2111 1691 2137 fuerant
1711 2110 1839 2138 adnotata;

1071 2165 1131 2184 cum
1147 2157 1225 2184 multi
1242 2158 1267 2183 in
1286 2157 1439 2183 Mattlnetun
1461 2161 1488 2183 et
1500 2156 1645 2189 Joannem,
1661 2157 1738 2191 pauci
1759 2156 1783 2182 in
1797 2154 1839 2180 Lu-

1070 2212 1141 2235 cam.
1163 2204 1230 2232 nulli
1255 2205 1361 2239 penitus
1391 2204 1418 2231 in
1447 2203 1566 2230 Marcum
1592 2203 1625 2230 ad
1651 2210 1730 2230 suum
1751 2207 1842 2234 tempus

1071 2250 1244 2284 scripserint.
1271 2250 1396 2277 Profecto
1420 2258 1472 2276 non
1505 2249 1582 2276 utulti
1612 2254 1676 2275 ante
1710 2247 1840 2281 Origenent

1072 2296 1239 2330 scripserant
1258 2295 1284 2322 in
1304 2295 1458 2322 Matthzeum
1478 2300 1503 2321 et
1525 2293 1671 2325 Joannem;
1700 2298 1777 2326 atque
1796 2291 1841 2317 hac

1071 2343 1224 2378 sequiorem
1238 2342 1410 2376 Origenianis
1430 2341 1594 2375 temporibus
1611 2343 1717 2366 mtatem
1736 2338 1839 2372 sapiunt.

1074 2389 1101 2416 Si
1119 2389 1206 2415 minus
1229 2388 1262 2415 ad
1287 2388 1455 2422 eripiendum
1472 2386 1580 2421 Origeni
1604 2385 1701 2411 librum
1721 2385 1786 2410 hunc
1801 2389 1840 2407 va-

1070 2433 1314 2467 lentcorijectura),
1337 2438 1365 2459 at
1376 2432 1477 2459 valebit
1499 2436 1574 2458 certe
1597 2430 1720 2457 codicum
1736 2433 1839 2455 veterum

1070 2481 1214 2512 dissensio,
1229 2488 1342 2514 quorum
1369 2479 1449 2513 aliqui
1477 2478 1578 2505 Victori
1601 2477 1766 2504 Antiocheno
1789 2479 1839 2500 eum

1072 2527 1210 2559 tribuunt;
1232 2527 1382 2561 cujusmodi
1408 2531 1450 2553 est
1472 2526 1539 2552 libcr
1554 2525 1661 2559 quidam
1686 2522 1839 2550 Bibliotheca

1072 2572 1173 2607 llegite,
1191 2572 1342 2606 cujusmodi
1362 2577 1389 2598 et
1405 2571 1451 2598 ille
1475 2570 1523 2598 luit
1540 2570 1675 2597 Theodori
1688 2567 1784 2596 Peltani
1799 2566 1839 2592 So-

1072 2619 1179 2646 cietatis
1203 2619 1265 2646 .lesu
1293 2618 1421 2653 theologi,
1451 2618 1496 2653 qui
1525 2616 1753 2644 Commentarium
1780 2611 1838 2639 istud

1074 2664 1170 2692 Latine
1189 2673 1203 2692 a
1224 2672 1252 2692 sc
1268 2665 1402 2692 redditutn
1422 2664 1472 2691 sub
1487 2662 1604 2691 Victoris
1619 2661 1724 2689 nomine
1737 2658 1838 2694 publiea-

1072 2711 1123 2737 vil.
1154 2710 1226 2737 Idem
1256 2711 1301 2738 alii
1325 2710 1425 2746 Cyrillo
1447 2709 1630 2737 Alexandrino
1650 2707 1754 2735 codices
1768 2702 1836 2732 ascri’

1075 2755 1158 2788 bunt;
1184 2757 1334 2791 cujusmodi
1353 2757 1436 2785 ctiam
1462 2756 1530 2783 alter
1559 2754 1728 2783 Bibliotheca:
1754 2748 1835 2785 Mla!-

270 2849 324 2885 (ιθ)
344 2849 409 2877 Vidc
427 2856 489 2878 tom.
502 2858 515 2876 v
532 2850 685 2878 Comment.
708 2851 734 2877 in
746 2850 837 2886 Joun.,
854 2859 927 2880 num.
940 2851 966 2884 ‘2,
981 2859 1007 2886 p.
1025 2850 1070 2877 95.
