1908 3071
47 128 112 155 i277

636 130 921 160 ORIGENIANORUM
943 132 1123 160 APPENDIX.

1597 132 1665 160 i278

47 187 98 214 Nec
121 187 208 214 titulis
231 187 317 215 solum
342 187 486 216 diversitas
505 188 585 221 inest,
609 191 655 217 sed
673 190 732 217 libri
747 191 827 217 etiam
845 193 866 220 Α
883 190 947 217 dere
963 190 1042 218 solet.
1066 190 1155 218 Nihilo
1177 190 1261 225 magis
1275 197 1334 218 cum
1353 188 1478 223 Origcnis
1496 189 1665 224 dogmatibus

45 232 196 260 contextui.
215 233 243 260 ltt
260 232 402 260 Codicibus
416 233 540 266 Victoris,
556 234 596 261 vel
610 235 702 270 Cyrilli
721 236 830 262 nomine

45 279 197 313 inscriptis.
226 279 381 314 Origenem,
413 280 570 312 Eusebium,
597 280 829 316 Chrysosloutnm,

45 325 242 359 Apollinarium
279 332 307 354 et
339 327 511 355 Theodorum
543 327 658 358 citatos;
699 327 830 354 Catharos

45 378 110 398 vero
124 372 265 399 haereticos
279 373 436 408 perstrictos
460 374 578 406 reperias
595 381 602 399 :
615 377 694 407 atque
710 373 767 399 haec
782 379 829 398 n0-

44 417 130 449 mina,
146 417 252 453 aliaque
275 419 370 451 multa,
384 426 460 446 erasa
474 418 594 446 offendas
613 419 647 446 ab
667 420 831 453 exemplari-

44 462 97 489 bus
119 470 180 498 quaa
204 471 300 491 nomen
317 464 445 498 Origenis
460 464 486 491 in
503 464 592 492 fronte
607 469 713 499 gerunt.
726 464 791 498 Quae
807 465 830 492 si

45 509 108 542 quis
131 517 195 536 casu
214 511 358 545 contigisse
378 515 462 544 putet,
477 517 571 544 parum
594 511 639 538 ille
659 511 830 538 librariortnn

44 553 188 581 audaciam
205 556 382 590 perspexerit.
400 556 464 583 Mihi
483 563 546 582 vero
566 563 627 582 cum
642 561 717 582 certo
728 561 833 584 constet

43 598 278 626 Commentariun:
295 601 365 628 istud
383 609 435 628 non
454 609 514 629 esse
531 601 667 637 Origcnis,
687 601 832 629 verisinnle

47 643 77 669 fit
100 643 135 671 ab
154 644 186 671 iis
207 643 291 672 fuisse
312 645 515 680 interpolatum,
541 651 568 673 et
591 645 620 672 in
642 645 830 680 Origenianant

46 689 264 717 lucunrationent
288 694 425 724 recusutn,
446 699 501 727 quo
526 692 633 719 facilius
661 691 777 720 lectores
790 686 833 720 vel

44 739 183 768 emptores
198 736 412 763 nancisceretur.

79 777 140 806 lam
164 787 228 807 vero
254 780 290 806 uti
317 781 416 814 potius,
439 780 552 813 Victori,
579 789 613 808 an
642 781 753 817 Cyrillo,
783 781 832 809 tri-

44 825 182 853 buendum
203 826 238 853 sit
258 826 328 853 istud
347 826 579 854 Commentariun]
602 828 763 862 dijudicare.
780 829 830 855 etsi

883 237 1017 271 congruit.
1035 237 1115 264 Docet
1132 236 1261 271 Origenes
1274 235 1383 262 homilia
1407 235 1441 261 14
1457 235 1482 261 in
1500 234 1597 261 Lucam
1611 233 1666 261 Ma-

882 282 950 308 riam
969 283 1070 316 aperlis
1084 284 1152 309 ttteri
1166 281 1437 310 claustrisChristum
1453 280 1537 308 fuisse
1546 281 1666 313 enixam,

882 332 910 354 nt
927 335 1007 363 supra
1025 336 1073 355 suo
1089 328 1148 354 loco
1161 328 1262 355 dictum
1278 331 1319 354 est
1335 336 1341 353 :
1356 327 1490 354 contraria
1510 326 1599 352 omnia
1616 327 1667 353 hac

882 373 995 399 homilia
1017 377 1183 401 statuuntur.
1200 372 1283 399 Plane
1306 372 1396 406 itaque
1411 379 1462 398 non
1477 377 1518 398 est
1530 371 1665 405 Origenis.

882 418 1008 445 Latinum
1037 417 1295 452 scriptorentstylus
1320 418 1418 450 arguit.
1444 416 1588 444 Auctorem
1603 415 1668 442 divi-

884 468 940 494 net,
953 463 976 490 si
1002 464 1062 498 quis
1080 463 1207 491 hariolari
1234 467 1318 489 autat.
1346 462 1490 497 Reperitnr
1506 462 1550 489 illa
1568 462 1594 488 in
1613 461 1663 488 Lc-

882 510 1016 537 ctionario
1029 510 1142 544 quodam
1163 509 1244 536 veteri
1261 509 1428 535 bibliotheca:
1445 508 1541 540 iteagite.

916 555 950 582 At
973 555 1105 582 ntirahilis
1128 560 1171 581 est
1200 562 1292 581 eorum
1322 559 1428 587 stupor,
1449 554 1494 587 qui
1519 553 1665 580 secundam

883 601 1022 628 ltotttiliam
1040 600 1149 635 Origeni
1174 601 1384 634 adjudicarnnt;
1418 607 1477 626 nam
1505 604 1601 633 praeter
1613 604 1668 634 sty-

886 647 940 673 lnttt
957 647 990 673 ab
1000 647 1164 681 Origeniano
1176 647 1256 681 genio
1273 646 1459 678 abltorenlent,
1478 650 1505 672 et
1518 645 1666 672 clausulam

883 693 916 718 alt
942 692 1114 727 Origeuianis
1136 693 1281 724 diversam,
1311 692 1474 718 Manichzeos
1501 695 1528 718 et
1555 690 1670 718 Ariauos

886 738 1013 774 Origenls
1027 739 1191 773 temporibus
1204 739 1371 773 posteriores
1390 738 1549 764 nomittatim
1576 736 1669 770 appel-

883 783 930 812 lat.
956 785 1052 812 Filiutn
1077 784 1146 812 Patri
1174 784 1316 820 ὁμοούσιον
1347 791 1408 811 esse
1434 784 1518 816 dicit;
1552 783 1670 818 Dionysii

885 829 1054 864 Areopagitae
1068 837 1148 864 opera
1170 831 1245 863 citat,
1261 838 1321 856 ctuti
1347 829 1472 864 Origenis
1485 833 1550 856 tetas
1574 830 1623 856 hos
1639 829 1671 855 Ii-

44 876 87 898 est
102 876 201 905 praeter
216 872 382 904 institutum,
399 873 485 900 dicam
508 877 597 900 tanien
625 875 714 901 obiter
729 873 831 901 Victori
849 865 869 892 Β
885 875 948 902 bros
964 875 1080 902 nottdttm
1095 876 1215 903 vidisset.
1235 875 1354 902 llabetur
1372 876 1428 902 lucc
1446 875 1556 902 homilia
1571 876 1597 901 itt
1614 882 1672 901 ma-

46 916 235 949 wrisimilius,
249 925 330 952 quant
349 918 452 953 Cyrillo
480 919 580 946 ascribi
595 928 601 946 :
623 927 673 947 nec
687 919 759 947 enint
773 920 833 947 Ori-

46 969 142 996 genem
159 967 213 989 tam
229 963 326 990 crebro
345 969 440 991 testem
457 971 472 991 a
495 964 595 1000 Cyrillo
616 965 763 998 laudatum,
781 973 831 992 nec

44 1007 234 1043 Chrysostonti
260 1014 414 1044 usurpatam
435 1010 469 1038 ab
483 1017 517 1038 eo
542 1011 729 1039 auctoritatem
757 1011 833 1039 facile

46 1054 207 1088 putaverint.
239 1054 276 1081 De
303 1055 417 1082 Victoris
449 1060 527 1083 aetate
546 1056 722 1091 qttutstioneln
752 1056 833 1083 habet

47 1101 189 1134 Peltanus,
206 1106 233 1127 et
249 1100 356 1128 Juliano
377 1101 558 1136 antiquiorem
583 1109 643 1129 esse
667 1107 753 1136 putat,
773 1102 833 1129 ideo

47 1147 122 1180 quod
137 1147 272 1174 decimum
291 1147 399 1174 tertium
410 1147 493 1174 Marci
509 1153 590 1183 caput
605 1155 742 1183 exponens
769 1147 829 1176 lun-

46 1197 175 1221 damertta
192 1194 281 1228 tetnpli
307 1201 448 1228 superesse
463 1194 552 1227 dicat;
579 1193 615 1222 ea'
636 1202 699 1222 vero
727 1193 835 1222 Juliano

48 1240 201 1274 imperante
218 1239 300 1266 fuisse
325 1239 440 1271 refossa.
458 1238 537 1273 juxta
553 1239 695 1274 Nicephori
712 1241 834 1267 testimo-

47 1284 124 1311 nium
150 1284 266 1319 :capite
296 1291 360 1311 vero
390 1286 512 1319 seuttenti
537 1285 667 1313 Catltaros
695 1286 836 1313 hatreticos

47 1330 184 1364 suggillet,
197 1338 311 1364 quorum
326 1331 437 1359 haeresis
455 1337 518 1358 ante
541 1332 611 1360 hanc
626 1337 732 1360 aetatem
748 1333 836 1360 fuerat

48 1376 86 1403 ab
102 1376 222 1403 Ecclesia
237 1377 387 1411 proﬂigata.

87 1421 119 1450 V.
133 1422 211 1450 Circa
228 1423 363 1454 homilias,
382 1430 442 1457 quin
465 1422 498 1449 In
523 1423 636 1449 diuersos
662 1423 772 1450 inscribi
795 1431 838 1450 so-

50 1469 118 1501 lent,
134 1475 196 1496 ante
208 1470 298 1496 omnia
316 1470 462 1496 notandum
480 1475 522 1496 est
541 1470 625 1496 fuisse
642 1470 712 1504 ipsas
730 1477 744 1496 tt
767 1469 836 1496 Mer-

50 1517 107 1542 lino
122 1522 154 1542 ex
181 1515 263 1542 variis
284 1515 351 1541 locis
376 1515 514 1546 collectas,
530 1521 556 1542 et
572 1524 603 1542 eo
622 1515 767 1542 collocatas
789 1523 836 1542 or-

49 1561 124 1593 dine,
138 1569 192 1596 quo
209 1563 278 1588 inter
300 1569 329 1588 se
347 1562 482 1595 disposita:
498 1568 656 1588 cernuntur.
675 1561 701 1588 Id
725 1562 782 1595 ipse
810 1561 835 1587 in
852 1549 873 1577 (ί

48 1606 169 1633 editione
186 1614 233 1633 sua
253 1606 286 1633 de
302 1607 334 1634 iis
351 1606 480 1640 przei'atns
497 1612 549 1634 est.
567 1606 643 1639 Quod
668 1614 836 1640 prmmoncn-

50 1654 104 1680 dus
126 1653 176 1679 fuit
196 1653 290 1685 lect0r,
307 1662 341 1681 ne.
366 1653 481 1680 tttirctur
508 1654 644 1687 quontodo
673 1653 792 1685 diversa,
810 1658 837 1679 et

49 1707 147 1733 parum
170 1699 220 1726 sibi
240 1707 358 1733 congrua
377 1700 496 1726 membra
512 1699 538 1726 in
553 1707 634 1726 uttutn
655 1707 754 1733 corpus
771 1708 838 1728 cott-

49 1745 189 1773 ﬂttxerinl.
217 1745 341 1781 Singulas
360 1754 430 1773 nunc
456 1753 577 1773 seorsum
595 1753 625 1772 ac
639 1746 775 1780 sigillatim
792 1753 839 1774 ex—

48 1793 196 1820 cutiamus.

89 1838 179 1866 Prima
195 1839 228 1866 ab
247 1839 373 1874 Origenis
384 1838 456 1874 stylo
473 1839 581 1872 penittts
591 1838 678 1864 aliena
694 1844 734 1865 est
749 1847 756 1865 ι
771 1838 837 1865 sitit-

50 1887 113 1920 pch
126 1886 171 1913 ille
188 1890 229 1913 est
239 1891 265 1912 et
283 1885 434 1918 familiaris,
446 1885 562 1911 litterattt
583 1884 701 1911 bretitcr
716 1885 838 1919 exponit,

51 1936 109 1958 tttttt
120 1931 218 1958 transit
230 1932 262 1958 ad
277 1930 422 1966 allegorias
444 1935 470 1957 et
486 1930 671 1964 tropologias;
689 1931 746 1957 haec
757 1931 839 1958 abun-

51 1979 101 2005 dat
111 1978 259 2004 schematis
270 1983 297 2005 et
312 1978 405 2012 tropis,
425 1979 492 2005 ludit
508 1978 534 2004 in
550 1977 649 2009 verbis,
663 1982 690 2003 et
701 1977 779 2004 aliter
793 1979 839 2005 de-

52 2026 137 2059 nique
152 2023 296 2056 clauditur,
311 2032 391 2058 quain
405 2023 532 2051 homilias
546 2030 609 2050 suas
624 2023 755 2057 Origenes
765 2023 840 2050 clau—

89 2114 150 2148 (Π)
167 2113 232 2140 Cum
250 2122 324 2148 ager,
342 2113 414 2148 quod
439 2114 467 2139 in
485 2121 515 2139 eo
538 2113 639 2147 aliquid
667 2118 775 2147 agatur,
792 2117 845 2140 etc.

53 2150 120 2177 Haec
149 2149 245 2180 verba,
274 2155 355 2181 atque
393 2149 589 2182 prteccdentia,
621 2157 630 2173 ι
653 2148 843 2181 Capbarnaum

53 2192 175 2220 namque
190 2185 383 2218 interpretatur
404 2191 465 2218 ugcr
494 2183 541 2220 vel_
559 2183 621 2210 villa
646 2182 843 2220 consolationis.

50 2218 210 2254 Ctttttager,
231 2229 241 2245 ι
256 2224 323 2250 etc.,
344 2227 395 2244 non
414 2223 522 2245 exstant
535 2218 561 2244 itt
579 2218 704 2244 omnibus
720 2218 752 2244 iis
765 2223 845 2254 (ιιιοιέ

52 2259 122 2289 quot
141 2253 193 2280 vidi
212 2254 333 2288 antiquis
360 2254 519 2279 ltontiliariis
542 2261 621 2289 manu
647 2253 777 2289 exs-ratis,
803 2253 846 2279 ubi

54 2288 154 2317 ItOI'IlllI
175 2290 316 2318 verborum
329 2289 388 2316 loco
407 2289 501 2320 legitur
518 2296 524 2313 :
545 2297 554 2312 ι
577 2288 631 2314 Cur
654 2288 688 2314 ibi
706 2289 847 2322 ingressus

53 2325 121 2352 est?
137 2323 251 2358 Propter
269 2325 318 2350 hoc
332 2324 403 2357 quod
418 2329 445 2350 cl
462 2323 573 2358 invenit,
587 2328 613 2349 et
626 2323 717 2358 statim
734 2323 848 2349 manife-

54 2367 130 2386 stunt
143 2357 197 2386 est.
212 2359 326 2386 Accessit
341 2358 374 2384 ad
388 2367 446 2384 eum
469 2357 596 2384 Centurio
611 2357 719 2391 (Matth.
735 2365 793 2388 Vlll,
809 2358 847 2392 5).

55 2396 180 2422 Accessit
209 2402 288 2425 vere;
326 2402 377 2420 nott
414 2394 556 2425 ditnidius,
582 2395 629 2419 sed
653 2398 726 2419 totus
753 2401 760 2418 :
795 2401 846 2420 nott

57 2434 170 2463 aspectu
186 2430 306 2463 corporis
318 2433 431 2459 tantum,
453 2429 499 2455 sed
508 2433 535 2454 et
548 2428 644 2454 anima?
659 2427 825 2462 plenitudine
839 2435 845 2452 :

57 2473 112 2492 non
129 2465 196 2491 facie
213 2469 326 2496 tantum,
340 2465 386 2490 scd
397 2469 422 2490 et
439 2464 611 2490 immaculato
622 2464 713 2489 corde.
732 2473 741 2487 ι
762 2463 808 2489 Sic
821 2469 849 2490 et

57 2499 136 2527 initio
148 2499 265 2526 ΙιοηιίΙὶευ
286 2507 334 2533 pro
347 2499 388 2525 his
401 2499 490 2525 verbis
505 2507 511 2524 :
527 2508 535 2523 ι
545 2497 718 2533 Descendenle
739 2497 803 2524 Jesu
816 2499 848 2524 de

54 2539 153 2564 monte.
162 2540 255 2560 secuta'
262 2532 323 2560 sunt
332 2535 414 2560 turba:
423 2534 511 2560 multa:
520 2532 699 2567 (Matt/evrum
706 2533 725 2567 ).
732 2533 848 2559 Docente

61 2578 126 2596 tero
144 2569 258 2596 Domino
288 2571 313 2596 in
333 2575 437 2599 monte,
453 2568 577 2603 discipuli
596 2573 674 2594 erant
696 2575 756 2594 cttttt
778 2568 847 2602 ipso,

55 2604 159 2639 quibus
171 2605 263 2630 datutn
283 2609 341 2630 erat
360 2605 478 2631 ctelestis
497 2604 628 2630 doctrina:
640 2611 725 2630 nosse
739 2608 843 2630 secreta

57 2649 106 2674 per
120 2647 180 2674 qaa:
204 2639 300 2666 salutis
319 2639 431 2666 scientia
450 2640 594 2666 brulorutn
616 2640 697 2665 corda
720 2639 846 2674 salirent,

60 2673 254 2707 caecorumquc
267 2675 352 2701 oculis
367 2681 414 2707 per
434 2675 577 2700 mundanae
601 2673 788 2700 delectationis
805 2678 848 2700 te-

58 2711 158 2736 nebras
180 2709 360 2744 caligantibus
385 2709 480 2735 lucent.
500 2708 686 2744 patefacerent
708 2709 840 2735 veritatis.

59 2745 137 2772 Unde
157 2750 184 2771 et
211 2743 339 2770 Dutttinus
362 2745 394 2770 atl
419 2751 486 2770 eos:
509 2743 559 2770 Vas
585 2745 657 2775 estin,
687 2745 783 2777 inquit,
804 2743 844 2769 tul

56 2786 148 2811 terrm,
168 2787 211 2805 vos
225 2781 284 2806 estis
309 2783 336 2805 et
350 2778 450 2804 Iuntina
462 2780 551 2804 mundi
564 2778 671 2813 (Matth.
684 2787 709 2810 ν,
731 2778 774 2810 15,
790 2778 845 2813 Η).

58 2815 138 2841 Nunc
150 2821 214 2841 vero
233 2814 413 2841 descendente
428 2820 461 2838 co
475 2814 509 2839 de
524 2818 625 2844 tnontc,
648 2815 731 2840 turba:
747 2819 847 2840 secuta:

57 2854 123 2879 sunt
132 2856 194 2876 eum
208 2857 214 2874 :
226 2849 252 2876 in
266 2853 382 2876 montem
397 2848 500 2875 scilicet
514 2850 660 2876 ascendere
675 2857 846 2884 nequaquam

885 923 1022 957 nnscripto
1052 922 1223 949 Bibliotheca:
1253 921 1343 954 Regia:
1370 921 1462 950 codice
1491 921 1562 948 inter
1587 920 1670 947 multa

886 969 1177 1004 Angustiuiopuscula.
1193 969 1230 995 De
1244 974 1354 996 auctore
1365 973 1468 995 certum
1482 967 1548 994 nihil
1559 967 1672 994 delinire

887 1023 1007 1051 possunt.

920 1059 958 1087 Nc
971 1060 1075 1087 tertiam
1092 1059 1202 1093 quidem
1229 1059 1339 1094 Origetti
1354 1059 1485 1093 deputare
1505 1058 1604 1090 ausim,
1627 1065 1672 1086 re-

885 1111 1021 1141 pugnante
1043 1106 1162 1132 clausula
1181 1110 1206 1132 et
1221 1106 1291 1140 stylo
1314 1114 1321 1131 :
1339 1107 1462 1139 quamvis
1479 1105 1512 1131 ad
1532 1103 1673 1139 Origenia-

886 1159 949 1177 tnnn
977 1158 1101 1184 saporem
1129 1150 1242 1184 propius
1274 1150 1388 1176 accedat
1407 1157 1488 1182 quam
1514 1149 1672 1184 superiores

885 1197 962 1227 dua};
985 1196 1114 1230 pauculas
1134 1196 1206 1223 enim
1237 1196 1367 1230 quasdam
1407 1195 1551 1230 allegorias
1579 1196 1670 1222 habet.

885 1241 982 1268 Primae
999 1246 1088 1267 tamen
1106 1241 1222 1267 similior
1232 1246 1364 1275 estquam
1376 1241 1513 1273 secundm,
1530 1241 1598 1267 adeo
1609 1248 1672 1267 cre-

889 1288 936 1315 bra
956 1293 997 1315 est
1014 1287 1108 1322 ﬁguris
1121 1292 1148 1314 et
1163 1287 1432 1322 interrogationibus.
1452 1286 1577 1313 Latinum
1607 1288 1673 1314 scri-

888 1338 991 1368 ptorem
1018 1332 1103 1364 dicas,
1124 1336 1150 1358 et
1177 1331 1286 1366 quidem
1303 1331 1467 1366 llieronynto
1484 1331 1672 1358 recentiorem.

887 1379 959 1406 ldem
983 1383 1042 1406 esto
1059 1379 1091 1405 tle
1108 1384 1202 1412 quarta
1215 1378 1323 1404 homilia
1334 1377 1478 1411 judicium,
1493 1385 1573 1412 quant
1593 1377 1672 1404 exhi-

888 1425 950 1452 bent
966 1431 1072 1459 quoque
1089 1423 1257 1451 Lectionaria
1278 1423 1366 1458 liegiaa
1379 1424 1560 1450 llibliotltecte.

925 1471 1023 1498 Eadem
1035 1475 1063 1498 et
1079 1470 1201 1504 quintam
1216 1470 1355 1497 ltomiliant
1371 1470 1512 1502 exhibent,
1527 1476 1587 1504 qua:
1607 1467 1674 1495 niltil

889 1516 1081 1552 Origenianttm
1105 1515 1195 1550 habet,
1219 1523 1270 1542 non
1301 1516 1411 1550 stylum,
1436 1523 1488 1542 non
1519 1515 1673 1550 allegorias,

891 1571 943 1590 non
961 1561 1107 1588 clausulam
1130 1569 1138 1588 :
1157 1561 1245 1588 oratio
1262 1562 1381 1593 concisa,
1403 1561 1675 1596 «lissolttta,écmpe-

889 1608 1014 1644 τισμένη.
1033 1608 1141 1634 Initium
1155 1607 1284 1639 hornilim,
1299 1608 1369 1640 quod
1382 1607 1506 1642 Origenis
1521 1608 1669 1635 doctrinam

893 1656 974 1689 sapit,
992 1653 1136 1680 lectoribus
1151 1653 1287 1687 imposuit.
1301 1652 1365 1680 Vide
1379 1659 1479 1680 tomum
1497 1663 1511 1680 χ
1531 1654 1558 1680 in
1579 1654 1675 1680 Matt/1.

892 1709 964 1728 llllm.
983 1700 1010 1732 l,
1025 1700 1134 1727 easdem
1153 1699 1209 1727 fere
1221 1699 1339 1733 reperies
1353 1701 1509 1727 sententias.
1531 1700 1607 1733 Quod
1622 1700 1674 1726 nisi

893 1748 972 1775 dubia
984 1751 1056 1774 esset
1071 1746 1250 1781 lnterpretutn
1265 1746 1341 1778 ﬁdes,
1366 1747 1524 1780 scriptorem
1551 1745 1672 1772 Latinum

890 1794 1107 1829 cssejudicarctn
1120 1800 1152 1820 ex
1165 1793 1207 1820 his
1217 1792 1306 1819 verbis
1322 1801 1328 1819 :
1345 1801 1354 1817 ι
1371 1784 1427 1828 (1⁸1)
1440 1792 1506 1820 Cum
1516 1800 1590 1826 ager,
1606 1798 1677 1826 quon

893 1842 919 1869 in
935 1841 1080 1875 eoaliquid
1108 1845 1214 1874 agatur,
1230 1839 1271 1866 vel
1293 1839 1355 1865 villa
1381 1847 1395 1866 a
1425 1839 1677 1866 circuntvallationc

891 1888 994 1920 limitis,
1010 1888 1060 1914 hoc
1073 1891 1115 1914 est
1128 1886 1276 1913 munitione
1288 1885 1417 1912 custodiae
1437 1893 1534 1912 nomen
1562 1892 1675 1917 accepe-

893 1936 938 1967 rit,
967 1941 1086 1968 congrue
1117 1933 1319 1967 dispensatione
1344 1932 1435 1959 carttis
1464 1931 1509 1958 illo
1538 1932 1677 1966 ingressus

893 1981 1024 2008 asseritur
1037 1980 1176 2011 Dominus,
1192 1987 1246 2013 quo
1257 1987 1306 2013 per
1319 1978 1426 2005 deitatis
1444 1983 1548 2013 portam
1559 1978 1675 2004 circum—

894 2027 981 2053 dando
997 2027 1137 2053 attrahens
1153 2026 1186 2052 ad
1204 2025 1390 2052 credulitatem
1416 2024 1580 2056 incredulos,
1594 2028 1621 2051 et
1633 2031 1677 2050 sa-

862 2119 884 2146 ι)
899 2120 1035 2149 poterant,
1053 2115 1113 2148 quia
1133 2122 1200 2150 quos
1213 2113 1383 2150 delictorum
1405 2113 1510 2139 sarcina
1537 2112 1676 2145 deprimit,

899 2148 932 2176 ad
951 2148 1147 2185 mysteriorum
1159 2148 1283 2185 sublimia
1301 2148 1350 2176 nisi
1368 2150 1472 2185 abiecto
1495 2155 1675 2185 ot_terc_sc_an-

900 2185 963 2211 dere
978 2182 1088 2212 ininitne
1106 2184 1204 2211 valent.
1220 2184 1322 2211 Idcirco
1333 2189 1359 2210 et
1376 2183 1423 2209 lilii
1443 2182 1523 2209 Israel
1550 2182 1676 2215 primitus

901 2219 926 2245 itt
945 2223 1061 2246 tttotttent
1090 2220 1236 2246 ascendere
1256 2228 1307 2246 tton
1324 2223 1448 2252 poterant
1461 2218 1492 2243 :ltl
1515 2217 1675 2243 oltviattdtttn

902 2253 964 2286 Deo,
978 2255 1038 2287 quia
1053 2254 1211 2289 {Egyptiaca
1228 2255 1330 2286 gravati
1353 2253 1560 2281 conversatione
1575 2259 1675 2290 praepe-

900 2289 1052 2325 tlicbantnr,
1068 2287 1113 2315 se}
1129 2291 1201 2315 solus
1211 2290 1325 2325 Moyses.
1341 2295 1409 2320 clc.;
1431 2299 1440 2313 ι
1459 2287 1676 2325 ltissilthll‘i-IIZI-

901 2324 962 2350 bent
980 2335 985 2350 :
1002 2325 1134 2350 tDocettlt:
1145 2326 1169 2350 in
1181 2323 1270 2351 monte
1283 2325 1403 2355 llutnino,
1413 2323 1534 2356 discipuli
1547 2326 1677 2348 venerunt

899 2359 933 2385 ad
948 2366 1009 2385 eunt
1028 2360 1096 2385 sicut
1117 2359 1229 2389 alacres,
1247 2361 1314 2386 εει-ιιι
1333 2359 1481 2390 domestici,
1498 2358 1567 2384 sicut
1583 2357 1674 2390 proxi-

900 2394 946 2424 tni,
964 2394 1035 2420 sicut
1053 2394 1130 2419 amici
1147 2395 1187 2419 vel
1203 2396 1309 2422 fratres.
1323 2395 1384 2422 Ideo
1396 2395 1431 2420 :til
1453 2399 1479 2420 et
1498 2393 1626 2419 llontinus
1642 2391 1674 2417 ad

899 2436 946 2455 eos
965 2438 971 2455 :
999 2428 1047 2455 Vos
1074 2430 1136 2454 estis
1159 2430 1198 2454 sat
1221 2434 1411 2462 terrtv,et,vos
1426 2431 1487 2455 estis
1508 2429 1553 2454 lux
1582 2426 1672 2452 tumuli

900 2463 1006 2498 (Matth.
1022 2472 1047 2494 ν,
1063 2463 1107 2495 15,
1130 2463 1185 2496 14).
1213 2464 1287 2490 Nunc
1303 2473 1366 2491 vero
1390 2465 1577 2494 tlescemlcrtlc_
1591 2470 1622 2488 ιευ
1644 2462 1677 2487 de

900 2504 1001 2532 tuottte,
1020 2499 1104 2525 turba:
1123 2503 1222 2524 secuta:
1249 2504 1311 2525 sunt
1337 2508 1409 2532 enin,
1431 2507 1490 2533 qua:
1511 2500 1536 2526 in
1560 2501 1675 2533 montem

900 2531 1046 2561 ascendere
1063 2541 1114 2559 non
1138 2539 1283 2569 potuerunt
1300 2539 1328 2560 ut
1344 2535 1411 2569 pigri
1430 2531 1530 2569 populi,
1549 2531 1677 2569 Illinein-

899 2574 1002 2602 gentes,
1020 2576 1048 2596 ut
1066 2568 1226 2602 imperfecti.
1242 2568 1279 2594 lta
1298 2574 1325 2594 ct
1341 2567 1386 2595 lilii
1407 2567 1488 2596 lst'acl
1511 2568 1633 2603 primitus
1650 2567 1676 2591 in

900 2609 1018 2631 ntonletn
1036 2604 1182 2630 ascendere
1202 2610 1253 2628 non
1270 2603 1410 2630 valuerunt
1437 2614 1443 2631 :
1465 2608 1497 2631 ad
1512 2603 1674 2630 obviandnm

899 2639 955 2666 Deo
972 2647 1083 2674 pergere
1104 2646 1155 2664 non
1168 2642 1314 2674 potuerunt
1331 2643 1440 2674 propter
1455 2648 1530 2666 suam
1547 2637 1678 2674 irreligio-

899 2672 1005 2701 sit:ttéttt
1022 2672 1048 2701 et
1063 2674 1238 2707 impietatem.
1257 2673 1302 2698 sed
1318 2673 1390 2699 solus
1406 2673 1521 2707 Moyses,
1538 2684 1547 2699 t
1562 2679 1614 2700 etc.
1632 2672 1678 2698 Sit:

899 2709 1015 2742 denique
1038 2715 1064 2736 et
1085 2710 1154 2738 hate,
1175 2713 1202 2734 et
1224 2707 1283 2734 aliae
1309 2707 1442 2741 plerasque
1467 2709 1593 2740 hotniliaa,
1612 2715 1679 2741 quas

902 2745 951 2771 sub
965 2745 1089 2778 Origenis
1113 2743 1219 2770 nomine
1241 2742 1367 2769 Merlinus
1384 2743 1478 2772 edidit,
1499 2750 1677 2778 pneterqnatn

899 2780 970 2813 quod
985 2777 1088 2806 tuendis
1102 2779 1199 2812 ubique
1213 2783 1327 2810 seatcnt,
1351 2785 1382 2803 ac
1403 2777 1506 2804 lacunis
1532 2777 1680 2813 innumeris

901 2811 1018 2845 inhiant,
1037 2811 1266 2848 plttrintadtabcnl
1291 2814 1392 2839 intexta
1406 2820 1467 2845 qua:
1484 2813 1510 2839 in
1529 2811 1678 2839 manusch

899 2850 952 2884 ptis
969 2848 1128 2877 homiliariis
1143 2849 1220 2875 aliter
1234 2852 1470 2881 rcprwscntanttn'.
