1908 3071
260 113 328 142 1279

893 112 920 140 Ρ.
943 111 1099 141 DANIELIS
1117 113 1234 141 IIUETII

1802 119 1858 144 12311

261 175 356 201 uitatis
372 172 529 201 miraculum
542 177 601 201 erat
623 177 744 201 acturus.
760 182 770 199 ι
787 172 809 201 Α
823 173 916 208 prima:
929 173 1046 202 homiliae
1060 177 1082 205 Α
1097 181 1244 210 synonyma
1255 193 1264 207 ,
1293 174 1459 205 autitheses.
1492 171 1651 207 allusiones,
1679 173 1782 201 colores
1812 181 1858 203 arte

260 220 331 256 stylo
346 227 439 255 parum
456 220 592 247 dissentit.

294 266 374 293 Sexta
398 265 509 293 homilia
533 266 637 300 primae,
655 265 753 298 tertite,
771 270 875 301 quartas
905 273 937 293 ac
959 266 1044 301 quin-

259 316 302 344 te,
315 312 361 338 sed
377 311 463 338 tertia:
474 311 646 345 potissimum
660 312 755 340 similis
777 317 828 342 est.
841 312 923 348 stylo,
940 313 1043 347 ﬁguris,

258 356 398 390 clausula;
416 359 486 384 unde
500 365 514 384 a
538 357 635 384 Latino
658 366 766 393 quoque
791 358 901 385 homine
915 358 1044 393 scriptam

258 402 432 429 arbitramur.
458 403 514 439 (l8)
527 403 582 431 Nec
597 404 677 431 a!iter
705 405 739 432 de
755 405 868 440 septima
881 404 1043 438 iudicamus,

261 447 325 475 licet
338 448 456 476 clausula
470 455 573 477 careat.
597 450 653 486 (l9)
685 450 836 486 Utramque
866 455 1045 486 repraesentat

258 493 445 521 lcctionarinm
465 495 599 530 quoddam
626 495 715 531 Regina
732 496 905 524 Bibliotheca:
929 506 937 524 :
957 502 985 524 et
1004 504 1046 524 se-

259 541 370 574 ptimam
390 541 497 576 quidem
515 542 566 569 hoc
578 543 655 570 initio
673 551 681 569 :
700 551 710 568 ι
730 543 851 576 Fratres,
867 543 934 570 dicit
948 543 1044 578 aliquis

263 593 296 613 ex
313 587 398 619 vobis,
414 587 463 614 feci
479 593 587 622 peccata
606 589 688 615 multa
701 593 728 616 et
747 597 843 625 magna
860 598 867 616 :
882 593 910 617 et
925 589 988 625 quis
1008 597 1042 617 ex

259 632 334 659 vobis
348 637 390 660 est
408 633 452 667 Qui
485 642 536 661 non
562 635 676 669 peccet?
691 635 731 662 Tu
763 636 817 669 dic,
847 637 938 664 erravi
961 643 1044 671 super

257 685 353 705 omnes
371 680 505 707 homines.
524 680 630 708 Sullicit
650 681 697 708 tibi
718 682 744 709 in
761 682 895 710 sacriﬁcio
916 683 966 710 ista
979 690 1043 710 con-

259 724 352 751 fessio.
371 725 418 753 Dic
434 731 461 753 tu
478 726 552 761 prior
583 727 742 762 iniquitates
763 732 834 762 tuas,
858 733 888 756 ut
908 729 1042 764 justiﬁce-

258 769 297 797 ris
311 770 342 796 ".
361 771 499 805 Cognosce
511 777 545 805 te,
557 773 682 808 qnoniatn
701 780 827 808 peccator
846 782 877 801 es
892 782 897 799 :
911 775 981 802 habe
997 776 1044 802 tri-

262 816 374 849 stitiam,
393 825 453 844 cum
481 819 648 846 converteris
665 829 671 846 :
685 826 744 846 esto
761 828 793 847 ac
807 821 829 847 si
843 821 1002 855 desperatus
1013 826 1041 848 et

262 867 394 895 maestus;
410 863 456 889 sed
470 869 497 890 et
508 864 642 899 lacrymas
654 870 829 900 compunctus
843 866 958 894 ell‘unde.
969 867 1044 894 Nun-

257 907 322 940 quid
338 907 440 942 aliquid
457 909 530 936 aliud
548 909 597 936 l‘nit
624 910 651 938 in
679 911 834 944 meretrice,
853 920 935 947 quam
959 913 1044 949 lacry-

258 960 362 980 marum
374 954 488 981 ellusio?
498 959 526 982 et
536 962 569 982 ex
587 955 637 983 hac
659 956 818 991 prolusione
834 958 935 986 invenit
950 960 1043 994 ιιι-ωεί-

258 997 343 1031 diutn,
361 1003 388 1025 et
400 1004 511 1033 accepta
540 1000 637 1027 ﬁducia
653 1001 767 1029 accessit
779 1003 812 1029 ad
830 1003 932 1030 l'outem
951 1005 1042 1032 Domi-

258 1042 435 1070 ntthcsum.
463 1043 516 1071 Sed
534 1046 676 1073 veniamus
693 1047 725 1074 ad
746 1055 868 1077 causam.
895 1049 964 1082 Quid
979 1057 1043 1085 ergo

256 1090 440 1123 evangclista?
460 1090 494 1117 Et
515 1091 575 1118 inde
596 1092 724 1120 transiens
755 1093 882 1121 Dentium
908 1095 987 1123 Iesus
1014 1097 1042 1124 in

255 1139 342 1168 partes
357 1134 431 1170 Tyri,
447 1140 471 1163 et
484 1135 601 1170 Sidonis,
615 1142 640 1164 et
657 1145 715 1164 ecce
729 1138 824 1165 mulier
838 1138 989 1166 Chattorum
1007 1140 1041 1169 ‘°.

257 1179 323 1206 Mira
341 1188 394 1212 res,
407 1188 423 1207 ο
438 1180 608 1215 Evangelista
621 1182 628 1209 ε
649 1191 659 1208 ›
680 1181 793 1218 Reliqua
809 1185 876 1212 utin
890 1184 970 1213 libris
983 1186 1042 1213 edi-

257 1225 291 1252 tis
305 1232 438 1261 concepta
454 1232 528 1254 sunt.

291 1270 367 1303 Quod
384 1272 417 1298 de
441 1273 564 1307 proxime
579 1274 808 1307 praecedentibus,
824 1275 895 1303 idem
911 1277 1042 1305 sentimus

255 1316 289 1343 de
302 1317 415 1349 Octava,
428 1325 488 1352 qua:
502 1318 645 1347 rhetoricis
668 1321 812 1356 pigmentis
833 1329 975 1357 perspersa
990 1328 1042 1350 est.

259 1363 286 1390 Id
299 1364 391 1391 oll'ccit
417 1364 555 1396 Merlinus,
571 1370 600 1392 et
615 1365 741 1402 Origenis
761 1366 861 1402 stylum
885 1371 1042 1402 neutiquam

257 1409 360 1436 rel'erre
376 1417 436 1437 eam
456 1411 596 1438 confessus
612 1416 662 1442 est,
691 1420 776 1448 seque
802 1413 852 1439 hoc
882 1421 936 1440 uno
961 1421 1041 1449 argu-

257 1461 348 1482 mcnto
368 1456 468 1482 dudum
485 1455 659 1491 Origeuiauis
675 1458 786 1492 scriptis
798 1459 956 1490 inseruisse.
970 1461 1041 1494 quod

1095 219 1218 255 qnesiti;
1250 227 1310 254 qtue
1336 219 1424 246 omnia
1455 218 1644 254 Origeniauam
1676 218 1859 253 simplicitatem

1095 272 1150 292 non
1170 264 1290 299 sapiunt.
1315 263 1456 298 Allcgorite
1468 269 1597 299 praeterea
1615 263 1706 295 nullae,
1725 263 1800 290 nulla
1813 269 1859 292 tro-

1095 310 1217 345 pologiaa.
1233 310 1261 337 Si
1272 310 1335 345 quid
1351 309 1506 345 conjectura
1529 311 1615 344 valeo,
1639 310 1800 346 scriptorem
1817 309 1860 338 La-

1097 357 1182 384 tinum
1196 356 1321 384 dixerim.

1130 405 1167 432 Ea
1182 409 1257 432 certe
1267 409 1308 432 est
1325 404 1429 438 primm,
1449 403 1545 435 tertiae,
1562 408 1676 438 quartae.
1692 403 1799 436 quinte.
1810 411 1859 431 sex-

1095 456 1140 484 ιω,
1157 451 1290 486 septimae,
1306 456 1409 478 octavae
1434 455 1461 478 et
1476 449 1587 477 decimae
1606 450 1781 483 congntentia
1803 450 1858 477 ittlct‘

1099 504 1129 524 se
1141 501 1167 524 et
1178 495 1407 531 similitudo,’(20)
1422 500 1451 523 ut
1465 502 1534 530 pene
1548 495 1685 522 allirmare
1695 495 1779 521 ausim
1795 496 1859 523 unius

1094 550 1153 571 esse
1182 550 1276 570 omnes
1297 547 1325 569 et
1349 541 1469 576 ejusdem
1492 542 1630 574 auctoris;
1650 546 1733 575 atque
1751 541 1811 576 ejus,
1836 548 1858 569 ιιι

1094 587 1160 620 tlixi,
1184 587 1293 614 Latini:
1316 587 1432 614 secunda
1466 586 1576 614 alterius
1614 591 1655 614 est
1695 585 1829 621 Scriptoris
1851 596 1856 614 :

1095 640 1164 660 nona
1190 636 1303 660 consula
1331 637 1372 658 est
1399 631 1497 666 triplici
1520 631 1600 658 trium
1626 631 1787 666 scriptorum
1812 632 1855 659 fra-

1093 682 1213 712 gmento.
1239 677 1280 704 Ab
1295 676 1413 710 Origene
1427 681 1516 703 autem
1535 675 1606 702 nulla
1628 677 1737 710 penitus
1758 676 1856 711 proiecta

1094 727 1145 754 est.
1157 728 1337 757 prtcterquam
1354 722 1427 757 prior
1440 721 1483 748 illa
1500 729 1577 748 nonae
1592 721 1738 756 particula.

1131 771 1173 798 Vl.
1189 771 1301 798 Michael
1317 770 1469 798 Chislerius
1487 771 1512 798 in
1528 770 1689 797 Prad'ationc
1708 769 1741 796 ad
1764 777 1819 797 suos
1837 771 1857 797 in

1096 817 1238 845 Jeremiam
1253 817 1482 847 Commentarios,
1496 823 1556 851 cap.
1574 816 1601 847 7,
1618 822 1728 851 ρει-τιδι’.
1743 815 1769 847 4,
1784 823 1857 843 narrat

1096 863 1121 890 in
1141 863 1271 890 Va'icauo
1297 864 1414 896 quodam
1437 862 1533 890 codice
1563 862 1659 889 Cra‘co
1688 866 1801 896 repertas
1819 863 1857 889 sibi

1095 907 1220 944 Origenis
1236 908 1363 935 homilias
1384 909 1412 935 in
1433 907 1576 935 Jeremiam
1594 908 1711 942 viginti;
1733 915 1857 942 earumque

1094 960 1268 989 postremam,
1291 954 1342 981 etsi
1371 954 1397 981 id
1425 954 1558 982 indicaret
1584 954 1690 987 titulus,
1710 961 1857 988 nequaquam

1095 1006 1185 1028 tamen
1199 1001 1231 1028 ad
1248 1000 1392 1035 Origenem
1407 1000 1582 1035 pertinuisse.
1599 999 1743 1027 Suhnectit
1756 1004 1856 1034 postmo-

1094 1048 1156 1073 dum
1178 1054 1208 1074 ea
1224 1046 1280 1082 jam
1296 1046 1368 1074 edita
1385 1046 1558 1081 cotuperiisse
1572 1054 1602 1073 se
1619 1053 1675 1072 non
1691 1044 1808 1080 Origcnis
1821 1046 1857 1072 hn-

1095 1091 1208 1123 tttiliam,
1225 1092 1275 1118 sed
1296 1091 1426 1125 insignem
1450 1098 1510 1118 esse
1532 1090 1682 1118 Clementis
1705 1089 1856 1116 Alexandrini

1094 1137 1261 1169 Tractatum,
1278 1136 1354 1170 cujus
1376 1136 1560 1164 meminerunt
1582 1136 1727 1167 Eusebius,
1750 1135 1857 1169 Hierony.

1093 1191 1153 1211 mus
1184 1188 1210 1210 et
1230 1177 1352 1215 Photius,
1369 1183 1467 1218 quippe
1493 1183 1530 1210 ita
1546 1183 1693 1218 inscriptus
1713 1181 1760 1209 fuit
1774 1189 1781 1209 :
1797 1182 1857 1214 Τίςό

1093 1229 1260 1264 σωζόμενος
1273 1230 1421 1262 πλούσιος
1430 1238 1440 1258 .-

1130 1274 1184 1302 νη.
1198 1275 1304 1303 Scholia
1321 1275 1350 1302 in
1366 1275 1518 1303 Orationem
1537 1274 1715 1308 Dominicam,
1730 1279 1755 1301 et
1766 1273 1854 1301 Cantica

1093 1322 1125 1349 Β.
1142 1322 1269 1356 Virginis,
1282 1322 1420 1349 Zacharias
1442 1327 1469 1350 et
1482 1322 1617 1349 Simeonis
1633 1321 1732 1348 Graece
1746 1328 1800 1348 cum
1819 1328 1855 1347 sua

1095 1368 1318 1402 interpretatione
1337 1367 1432 1394 Latina
1450 1367 1539 1402 :edidit
1565 1367 1714 1394 Federicus
1742 1366 1854 1397 Morelltts,

1095 1415 1145 1442 sub
1160 1414 1268 1442 nomine
1281 1413 1415 1448 Origenis,
1429 1413 1498 1444 sive,
1509 1418 1538 1440 ut
1550 1413 1605 1448 ipse
1619 1412 1755 1446 apposuit,
1767 1412 1854 1438 alterius

1093 1460 1213 1488 dot-toris
1229 1459 1388 1496 συγχρόνου,
1400 1466 1485 1493 eaque
1497 1466 1527 1485 se
1546 1466 1561 1485 e
1575 1458 1661 1485 veteri
1689 1457 1853 1491 ntauuscripto

257 1500 373 1527 anmltis
385 1506 496 1535 putetur
507 1509 568 1529 esse
579 1502 745 1535 Adamantii,
757 1508 784 1530 et
800 1504 870 1530 inter
885 1505 943 1539 ejus
959 1513 1040 1540 opera
1056 1515 1078 1545 ε
1094 1505 1186 1533 codice
1199 1513 1232 1532 ex
1247 1505 1320 1532 Italis
1336 1505 1505 1532 bibliothecis
1522 1504 1645 1538 profecto
1663 1504 1797 1538 selegisse,
1817 1511 1853 1530 ex-

258 1551 365 1579 reperta
384 1547 430 1574 sit.
456 1547 522 1574 Eam
536 1553 625 1575 autent
643 1548 714 1576 inter
733 1556 816 1584 opera
838 1549 906 1578 falso
924 1552 1041 1587 ascripta

255 1589 420 1626 Hieronymo
433 1593 522 1626 posuit
534 1593 670 1622 Victorius
683 1599 756 1622 tomo
769 1602 850 1624 nono.

293 1636 407 1664 Humilia
423 1646 492 1665 noua
509 1640 637 1667 membris
649 1640 736 1668 tribus
751 1641 777 1668 in
792 1650 874 1669 unum
893 1643 1043 1677 compactis

255 1682 372 1710 conflata
390 1688 441 1711 est.
455 1683 520 1712 Pars
537 1686 611 1719 prior
622 1687 688 1713 nihil
701 1687 774 1715 aliud
788 1694 829 1718 est
846 1696 926 1722 quam
947 1689 1043 1724 Orige-

257 1728 334 1754 niaui
351 1733 484 1756 tractatus
500 1731 629 1758 tricesimi
646 1734 735 1766 quarti
760 1734 785 1760 in
811 1734 965 1762 Matthtenm
981 1743 1044 1770 por-

259 1773 311 1806 tio;
327 1774 397 1801 uude
413 1775 543 1802 nonnulla
562 1778 686 1805 consulto
701 1785 838 1814 expuucta
861 1785 941 1814 sunt;
969 1782 1043 1815 quod

259 1819 291 1846 iis
307 1820 429 1847 doctrina
445 1822 536 1849 minus
547 1830 612 1850 sana
625 1825 821 1853 contineretur.
846 1826 883 1853 Ea
899 1835 963 1854 vero
981 1835 1043 1861 pars

257 1872 318 1899 qua:
330 1866 364 1893 ab
376 1866 531 1894 hisorditur
543 1869 635 1896 verbis
651 1879 657 1897 :
675 1879 684 1896 ι
703 1871 723 1897 Α
743 1872 878 1906 plerisque
898 1873 1042 1900 conscien-

259 1909 294 1936 tia
307 1911 438 1945 accipitur
460 1919 642 1947 peccatorum,
660 1924 669 1940 ι
688 1920 754 1947 etc.,
770 1921 797 1943 et
813 1917 838 1943 in
864 1917 897 1944 iis
919 1917 1018 1944 desiuit
1035 1927 1042 1945 :

261 1965 270 1981 ι
288 1951 358 1984 Miro
369 1957 446 1985 valde
460 1960 538 1986 tnodo
552 1961 645 1994 paucis
659 1961 749 1989 verbis
763 1969 909 1996 expressus
919 1967 961 1990 est
975 1964 1045 1998 ignis

258 2001 396 2034 gehennae,
411 2013 421 2030 ι
437 2004 577 2043 desumpta
592 2012 633 2033 est
644 2014 677 2033 ex
692 2007 762 2034 libro
778 2007 1044 2035 Commentariorum

260 2047 414 2084 Hieronymi
434 2050 461 2076 in
490 2050 604 2078 Isaiam.
634 2051 746 2086 Reliqua
767 2053 947 2087 suppeditavit
964 2058 1045 2089 caput

259 2093 302 2123 I7,
322 2094 381 2121 libri
400 2103 415 2121 v
442 2094 590 2122 Moralium
606 2095 730 2132 Gregorii
746 2097 846 2132 Magni.

294 2141 429 2168 Decimum
454 2141 593 2169 homiliam
620 2151 672 2170 non
697 2151 758 2171 eSsc
792 2144 916 2179 Origeuis
942 2144 1034 2171 statim

1093 1552 1248 1586 scripsisse,
1259 1551 1431 1578 transtulisse
1442 1550 1572 1577 declarat.
1588 1549 1617 1577 In
1632 1550 1691 1584 ipso
1708 1549 1854 1576 Scholiorum

1095 1597 1173 1625 titulo
1197 1596 1291 1624 Grarco
1319 1604 1414 1623 nomen
1430 1596 1556 1630 Origeuis
1572 1596 1731 1630 neutiquam
1743 1594 1853 1624 olfeudas,

1093 1643 1140 1670 sed
1154 1642 1217 1669 illttd
1234 1643 1365 1669 duntaxat
1383 1649 1389 1667 :
1412 1642 1585 1676 Ἀνωνύμου
1602 1641 1717 1676 σχόλια
1731 1642 1772 1673 εἰς
1780 1640 1855 1673 εὐχὴν

1094 1688 1252 1722 κυριακήν.
1262 1688 1338 1716 Unde
1350 1688 1384 1715 ab
1396 1688 1453 1723 ipso
1463 1688 1679 1715 Morcllo’uotncu
1686 1687 1800 1721 Origcuis
1807 1694 1854 1718 snp-

1095 1735 1214 1769 positum
1229 1734 1362 1768 suspicor.
1379 1734 1451 1761 Bene
1467 1740 1532 1760 vero
1546 1738 1588 1760 est
1602 1734 1676 1767 quod
1693 1732 1792 1760 Petrum
1803 1731 1854 1758 Lao-

1094 1781 1231 1808 diccnsem
1250 1780 1398 1814 legitimum
1416 1785 1554 1807 auctorem
1575 1787 1608 1806 cx
1628 1778 1795 1806 Bibliotheca:
1817 1778 1854 1803 ιιι-

1096 1832 1166 1854 trum
1185 1831 1258 1853 tumo
1271 1826 1361 1860 priore
1375 1826 1576 1860 cognoscimus,
1596 1826 1623 1853 in
1639 1833 1696 1860 quo
1706 1825 1797 1852 scholia
1812 1825 1853 1850 lucc

1094 1873 1121 1898 in
1140 1871 1293 1898 Orationem
1308 1870 1473 1898 Dominicam
1500 1871 1595 1898 Latine
1612 1879 1743 1898 conversa
1754 1879 1806 1897 cum
1815 1870 1853 1895 illis

1097 1916 1226 1943 Germani
1242 1916 1405 1951 patriarchae
1427 1916 1660 1951 Constantinopoli
1685 1916 1814 1949 conjuncta
1834 1915 1851 1939 in

1096 1969 1177 1988 ttnum
1195 1966 1222 1988 et
1239 1955 1367 1996 permista
1383 1961 1568 1996 reperiuntur.
1582 1962 1663 1996 Atqui
1683 1962 1850 1989 Morellicodex

1095 2006 1204 2034 Scholia
1220 2007 1248 2034 in
1266 2006 1376 2033 Cantica
1390 2007 1477 2034 eidem
1492 2007 1638 2039 tribuebat,
1658 2008 1703 2035 cui
1720 2012 1746 2034 et
1769 2006 1850 2034 Scholia

1095 2054 1123 2079 in
1136 2052 1290 2080 Orationem
1307 2053 1492 2086 Dominicam;
1505 2057 1531 2080 et
1554 2054 1580 2081 id
1607 2055 1765 2088 persuadere
1785 2057 1850 2087 potest

1095 2099 1158 2133 styli
1173 2098 1334 2125 similitudo.

1132 2143 1198 2171 VIII.
1212 2144 1251 2171 Ad
1270 2144 1350 2170 ﬁncm
1363 2144 1493 2172 librorum
1507 2145 1576 2179 Περὶ
1594 2145 1698 2180 ἀρχῶν
1717 2145 1788 2172 attexi
1800 2143 1849 2171 solet

259 2192 397 2220 agnoscet,
415 2187 539 2222 quisquis
558 2195 638 2216 nares
660 2189 794 2216 habuerit.
809 2190 919 2216 Alienus
931 2194 973 2216 est
986 2196 1042 2225 sty-
1060 2181 1082 2208 ι)
1099 2189 1213 2222 libellus,
1230 2190 1274 2223 qui
1290 2189 1445 2216 Lomentum
1463 2189 1584 2225 Origenis
1613 2191 1773 2218 inscribitur.
1788 2189 1850 2222 liuius

259 2231 300 2258 lus
317 2232 350 2258 ab
366 2232 492 2267 Origene,
509 2234 596 2260 aliena
613 2235 746 2266 clausula,
775 2236 863 2262 aliena
887 2235 1043 2267 schemata.

294 2280 316 2295 "
332 2278 383 2307 lsa.
395 2288 471 2312 xutt,
486 2281 531 2308 26.
569 2282 593 2298 “
609 2282 703 2309 Matth.
723 2290 766 2314 xv,
780 2281 810 2308 2i
821 2303 829 2314 ,
847 2282 893 2309 22.

294 2338 350 2371 (IS)
366 2339 421 2365 Nec
443 2340 519 2366 aliter
538 2341 569 2367 de
584 2341 692 2373 septima
712 2341 875 2374 judicnmns,
899 2345 952 2368 etc.
971 2340 1041 2368 Male

259 2373 416 2404 hiciudit'at
432 2374 553 2406 liuetins,
572 2382 601 2401 ut
622 2377 647 2402 in
665 2373 733 2402 infra
753 2376 1011 2404 demonstrabimus.

294 2409 350 2443 (I9)
365 2407 508 2444 Utramque
532 2415 710 2444 reprmentat,
735 2413 786 2436 etc.
813 2410 922 2437 Sextam
947 2411 1040 2437 itidem

258 2445 308 2470 sub
324 2443 448 2476 Origenis
477 2446 586 2472 nomine
615 2450 809 2479 repraesentant
834 2450 950 2479 quatuor
974 2452 1040 2472 mss.

260 2486 330 2512 quos
348 2479 463 2506 vidimus
475 2481 593 2509 codices.
611 2479 678 2506 alter
691 2479 867 2506 Maceriarum
879 2480 984 2506 ordinis
997 2480 1043 2507 Ci-

259 2514 427 2546 stcrciensis,
447 2515 515 2542 alter
540 2515 703 2541 catltedralis
726 2515 849 2541 cci-Icsite
863 2514 1042 2548 Turonensis,

259 2549 350 2584 ctduo
366 2550 540 2576 vetnstisimi
556 2549 696 2576 Tltuana'i.
729 2550 933 2584 lleprtcsenlaut
960 2550 1042 2576 etiam

260 2583 445 2610 Homilinrinm
456 2585 489 2611 nl)
502 2585 667 2611 Alcuinosou
678 2584 773 2611 Albino
786 2584 882 2611 Flacco
891 2584 1044 2617 collectum,

260 2617 378 2653 Coloniae
392 2619 494 2645 editqu
509 2627 579 2646 anno
595 2619 673 2651 1570,
693 2627 752 2653 pug.
771 2619 832 2648 I65.
858 2619 969 2646 alterum
989 2619 1045 2646 llo-

260 2652 406 2679 miltnrium
424 2653 534 2681 llasiletc
563 2654 696 2687 vulgatum
715 2652 778 2681 anu.
796 2654 874 2684 H95,
895 2654 941 2682 l'ol.
956 2654 1000 2687 40,
1020 2659 1047 2681 ct

260 2687 438 2724 Conihelisins
452 2688 623 2715 Bililiotlteca'
635 2690 846 2724 iconcionatoriw
862 2694 927 2714 tom.
946 2688 967 2719 Ι.
984 2697 1045 2724 pag.

262 2720 323 2748 740.
343 2721 418 2749 “ltllt‘,
437 2731 543 2757 quoque
562 2724 612 2750 sub
634 2723 710 2749 Beda:
728 2724 837 2750 nomine
861 2720 1047 2751 exhibendo-

264 2764 342 2782 ntuns
361 2762 453 2784 noster
475 2758 622 2785 Mam-nius
637 2757 765 2785 Thesauri
786 2759 914 2785 Aitccdot.
935 2763 1000 2785 tom.
1012 2757 1046 2790 Υ,

263 2790 393 2826 ειιιτὸῑ8,
421 2799 474 2818 ttuo
504 2792 612 2824 Maioris
642 2792 794 2820 Monasterii
821 2800 903 2826 prope
924 2793 1047 2820 Turoues

264 2825 357 2852 codice
373 2825 467 2860 fultus,
485 2827 529 2861 qui
548 2827 625 2855 Beda:
638 2835 736 2854 nomen
749 2827 775 2854 in
791 2825 879 2855 fronte
892 2828 1009 2862 prmlcrt.

1100 2236 1350 2271 interpretatimtetn
1370 2235 1533 2272 Hieronymo
1549 2237 1644 2264 tribuit
1667 2237 1751 2266 Guido
1763 2235 1848 2262 Caune

1129 2341 1185 2375 (20)
1201 2339 1222 2367 [Ι
1227 2344 1236 2366 ι
1252 2348 1315 2370 pene
1328 2339 1458 2374 afﬁrmare
1475 2339 1651 2375 nusim_nuius
1671 2347 1724 2375 esse
1735 2344 1816 2367 omnes,
1830 2339 1847 2374 ςι

1094 2373 1212 2410 ejusdem
1236 2373 1362 2403 auctoris.
1388 2379 1467 2410 atque
1481 2375 1539 2408 ejus
1557 2373 1748 2410 LatiniLPene
1768 2374 1847 2410 errant

1095 2406 1218 2441 linetius,
1232 2415 1313 2443 atque
1331 2410 1352 2436 si
1369 2406 1447 2443 plane
1460 2406 1542 2435 ausus
1556 2414 1629 2435 esset
1638 2408 1775 2437 aﬁirmare,
1788 2406 1847 2439 plane

1094 2450 1224 2472 errasset.
1238 2444 1303 2470 Nam
1318 2444 1428 2471 hmuilia
1441 2444 1582 2478 quaeinter
1597 2451 1644 2470 eas
1656 2443 1763 2476 septima
1774 2446 1845 2479 nume

1096 2486 1181 2511 ratur,
1195 2479 1273 2512 cujus
1286 2484 1385 2505 tantam
1397 2486 1457 2505 cum
1471 2479 1530 2505 aliis
1538 2478 1737 2512 congruentiam
1754 2481 1776 2512 et
1787 2478 1844 2512 siun-

1097 2511 1236 2542 litudinem
1251 2521 1311 2540 esse
1327 2515 1375 2544 ait.
1395 2514 1528 2547 ipsissima
1546 2511 1719 2543 est’ltotnilia,
1733 2511 1767 2536 vel
1778 2514 1843 2547 potius

1099 2558 1159 2584 pars
1167 2549 1282 2585 humilia:
1290 2550 1322 2575 dc
1331 2543 1492 2585 Chao-amca,
1503 2556 1583 2582 quam
1594 2547 1753 2585 Ilabillouins
1760 2543 1841 2585 etIIItIili

1098 2579 1158 2619 post
1171 2593 1231 2611 eum
1245 2584 1389 2610 Laurenin
1400 2579 1555 2619 {Novarie'nsi
1568 2584 1702 2619 epis-copo2
1715 2579 1841 2619 stipiti-“shy:

1101 2612 1173 2651 iero,
1187 2619 1232 2646 alii
1244 2618 1388 2646 Laurentio
1403 2617 1537 2650 Melliﬁuo,
1555 2612 1598 2644 alio
1610 2612 1841 2651 Mediolaucnsilalso

1103 2648 1270 2684 tribuerunt;
1291 2661 1371 2687 quam
1397 2660 1461 2689 vero
1477 2648 1591 2679 domnus
1603 2658 1694 2689 noster
1707 2648 1841 2689 liminelum-

1100 2690 1160 2733 p'ius
1175 2689 1203 2716 S.
1219 2684 1414 2733 Chrysostomo
1439 2687 1512 2733 jure"
1530 2692 1556 2713 et
1584 2687 1681 2728 merito
1704 2684 1839 2733 aaut-tilia”:-

1100 2723 1176 2751 Haac
1195 2719 1408 2750 enim'contulit
1435 2719 1557 2750 eruditus
1572 2723 1611 2748 vir
1640 2729 1699 2749 cum
1721 2719 1799 2745 Graeco
1818 2719 1837 2753 ξ-

1099 2757 1287 2793 Cltrysostouli
1317 2762 1457 2787 contextu.
1488 2763 1516 2784 et
1536 2757 1645 2793 reperit
1668 2762 1742 2789 atque
1757 2753 1839 2793 ⁹ιιιοιιξιξι

1101 2784 1285 2820 utet-unicam
1300 2784 1360 2818 esse
1372 2784 1634 2826 iutcrpretatiotiem,
1649 2799 1694 2818 seu
1705 2784 1789 2824 'potius
1802 2784 1839 2811 [Η-

1100 2833 1237 2862 gmcututu
1250 2828 1368 2857 humilia;
1384 2827 1484 2854 Gratca:
1499 2828 1530 2854 de
1543 2827 1702 2855 Chananwa.
