1908 3071
32 119 102 148 1ἓ84

609 116 894 146 ORIGENIANORUM
915 116 1096 146 APPENDIX.

1585 116 1654 144 ηδε

32 179 94 210 lita,
125 178 153 206 in
179 178 275 206 haeresi
303 178 539 214 Origenlstarum;
570 177 665 205 tribuit
686 182 714 205 et
731 177 815 204 editio
828 179 849 208 Α
866 184 909 203 ras
931 177 1054 210 relatam,
1071 181 1100 204 et
1113 176 1188 212 operi
1203 183 1253 205 suo
1271 176 1342 211 Περὶ
1359 176 1436 210 ὕλης
1452 175 1594 203 intextam.
1608 175 1652 202 Fi-

30 224 149 258 Merlini,
161 229 188 252 et
200 225 284 252 codex
295 232 380 252 manu
389 229 515 252 exaratus
526 223 699 251 Bibliotheca!
715 223 815 258 Regia.

29 271 84 298 Sed
99 276 196 299 contra
210 272 350 304 Erasmus,
364 281 374 298 ‹
392 270 552 298 Lameutum
577 271 640 303 hoc,
655 270 753 304 inquit,
766 277 816 297 nec

33 318 67 344 ab
83 317 204 352 Origene
220 318 352 352 scriptum
366 322 418 350 est,
439 325 488 344 nec
514 317 548 344 ab
571 316 735 351 Hieronymo
755 323 818 344 ver-

30 371 103 395 sum,
118 364 167 391 sed
186 363 343 398 ﬁgmentum
358 368 401 391 est
414 363 527 398 alicujus
551 363 663 394 indocti.
689 363 735 397 qui
757 367 816 389 stu-

28 409 120 436 duerit
133 409 286 443 huiusmodi
299 409 391 436 colore
403 408 548 443 Origenem
565 408 706 434 infamare.
728 406 815 434 Simili

27 454 148 482 artificio
163 454 297 482 tinxerant
307 454 446 489 epistolam
460 453 616 489 Hieronymi
629 452 717 485 titulo,
728 453 814 487 inqua

30 500 193 534 deplorabat
207 501 279 535 quod
289 500 434 535 aliquando
446 508 507 527 cum
525 499 640 534 Origene
653 499 810 526 sensisset.»

30 547 62 573 Et
81 546 207 574 Gelasius
224 547 248 573 in
265 547 380 574 concilio
397 545 543 573 Romano:
563 553 572 571 ι
599 545 679 572 Liber
699 544 745 579 qui
768 552 815 578 ap-

31 591 150 626 pellatur
165 592 204 619 De
217 592 368 624 poenitentia
386 591 517 626 Origenis,
538 591 717 626 apocryphus.
737 599 746 616 ι
765 589 815 616 Μὶ-

28 646 89 665 rum
107 638 199 673 itaque
217 639 276 665 sine
297 638 424 665 falsitatis
439 642 501 664 uota
515 645 531 664 a
553 636 683 672 theologis
701 635 812 671 quibus~

28 685 88 711 dam
116 684 216 711 librum
242 684 313 711 hunc
341 690 532 717 nonnunquam
570 682 597 710 in
629 681 813 709 testimonium

28 731 120 762 citari.
138 735 164 758 et
181 730 251 758 inter
263 730 379 765 genuina
400 729 524 764 Origenis
537 735 620 763 opera
636 735 651 754 a
671 727 814 755 Vincentio

27 777 214 804 Bellovacensi
233 776 326 811 reponi
341 775 418 808 Spec.
433 775 520 802 doclr.
533 774 580 802 lib.
593 781 670 806 xvnt,
689 781 749 808 cap.
767 773 812 800 45.

28 823 77 850 llic
100 829 168 849 vero
203 821 315 849 ridenda
338 825 380 848 est
411 819 569 847 heterodoxi
592 819 731 854 cujusdam
761 818 811 845 hu-

28 869 70 903 ius
85 867 176 896 tetatis
192 866 335 900 supinitas,
347 865 393 900 qui
418 865 578 892 Laurentum
600 863 709 899 Origeni
730 863 815 890 ascri-

27 920 117 948 ptum,
134 921 150 941 a
164 913 235 941 libro
248 912 287 940 De
300 911 451 947 pmnitentia
466 910 602 938 diversum
617 909 682 945 quid
692 916 752 937 esse
765 917 814 944 pu-

27 961 106 988 tavit.

59 1007 108 1034 IX.
132 1004 272 1041 Dialogum
290 1004 329 1032 De
352 1003 500 1032 orthodoxa
518 1002 581 1037 fide,
598 1001 644 1037 qui
667 1006 695 1029 et
719 1006 814 1028 contra

30 1053 226 1081 Marcionistas
248 1051 358 1079 inscribi
371 1050 449 1082 solet,
462 1049 571 1084 Origeni
586 1049 709 1076 tribuere
721 1048 815 1075 viden-

30 1105 75 1127 tur
88 1099 210 1127 Basilius
241 1103 269 1126 et
287 1097 434 1131 Gregorius
447 1095 644 1122 Nazianzenus.
659 1093 724 1121 Cum
743 1093 814 1120 enim

25 1155 58 1174 ex
75 1145 206 1181 operibus
219 1151 292 1172 mere
323 1142 493 1177 Origenianis
510 1140 686 1169 Philocaliam
696 1139 816 1167 conflare

27 1200 57 1220 se
74 1191 194 1228 professi
212 1191 278 1222 sint,
295 1189 476 1224 fragmentum
490 1195 506 1215 e
520 1193 597 1222 parte
618 1186 697 1214 tertia
711 1185 813 1220 Dialogi

27 1235 109 1267 istius
121 1239 310 1272 depromptum
324 1237 350 1264 iu
367 1235 543 1262 Philocaliam
558 1233 744 1269 coniecerunt.
763 1232 816 1259 Ita-

27 1293 82 1320 que
98 1284 175 1312 illum
191 1291 252 1311 esse
264 1283 390 1317 Origenis
404 1281 552 1309 credidisse
566 1280 625 1307 illos
641 1278 815 1315 perspicuum

26 1337 80 1360 est.
98 1331 134 1358 At
152 1330 288 1357 inducitur
299 1329 324 1356 in
342 1336 375 1355 eo
398 1327 507 1362 Dialogo
527 1326 657 1361 Origenes
675 1325 816 1361 probatam

26 1378 53 1405 in
80 1376 204 1404 Ecclesia
231 1375 264 1402 de
290 1374 389 1402 tunicis
409 1373 528 1408 pelliceis
543 1372 649 1404 Adami,
666 1376 694 1399 et
708 1373 741 1399 de
756 1379 816 1398 cor-

26 1431 96 1458 pore
113 1424 231 1450 humano
258 1425 286 1448 et
308 1420 408 1450 anima.
427 1420 514 1454 deque
531 1417 732 1445 resurrectione
754 1424 817 1445 sen-

26 1470 144 1498 tentiam
156 1474 344 1504 propugnans;
358 1473 419 1493 cum
432 1465 484 1492 alia
495 1464 614 1493 sensisse
628 1465 716 1498 ipsum
732 1470 815 1499 supra

26 1515 242 1545 ostenderimus.
270 1512 346 1541 Unde
370 1511 465 1546 opella:
487 1511 567 1556 hujus
580 1510 711 1556 scriptor
728 1509 816 1556 neuti:
829 1527 850 1556 ο

26 1569 112 1596 quam
135 1559 210 1587 credi
238 1563 336 1593 potest.
360 1557 494 1584 Practer-ea
518 1555 552 1583 ad
575 1555 655 1582 finem
674 1553 815 1588 fragmenti

27 1606 112 1641 hujus
126 1605 198 1640 quod
216 1603 371 1631 Philocalia:
388 1603 518 1630 insertutn
538 1605 590 1632 est,
603 1599 730 1627 Scholion
747 1599 817 1626 istud

25 1652 145 1688 reperiri
158 1651 227 1678 solet
240 1659 246 1677 :
259 1649 351 1677 Ταῦτα
367 1649 420 1676 ἀπὸ
437 1647 485 1674 τοῦ
499 1646 521 1679 ξ’
536 1646 615 1680 λόγου
625 1645 676 1680 τῆς
687 1644 817 1671 Εὑσεὸίου

26 1699 75 1726 τοῦ
86 1697 231 1733 Παμφίλου
242 1694 446 1730 Εὐαγτελικῆς
454 1690 704 1728 προπαρωκωῆς
715 1700 818 1727 παρεκ-

27 1745 173 1780 δέεληται.
191 1743 317 1778 Μαξίμου
332 1742 360 1768 δέ
375 1742 454 1772 εἰσιν,
465 1740 502 1772 ὥς
516 1747 597 1775 φησιν
611 1740 626 1766 ὁ
641 1738 722 1770 αὐτὸς
733 1738 818 1765 Εὐσέ-

28 1793 100 1824 6ιος,
112 1791 164 1817 οὐκ
178 1790 286 1825 ἀσήμου
303 1789 332 1815 ὲν
345 1789 402 1820 τοῖς
417 1787 590 1823 Χριστιανοῖς
617 1785 798 1821 συγγραφέως
809 1792 817 1800 ·

27 1837 172 1870 αὐτολεξεὶ
191 1836 219 1863 δὲ
234 1835 347 1872 εὓρηται
362 1834 448 1861 ταῦτα
458 1833 572 1869 κείμενα
589 1832 636 1860 καὶ
653 1833 681 1859 ὲν
694 1831 733 1867 τῷ
753 1831 819 1867 Ὠρι-

26 1885 127 1920 γένους
143 1883 211 1920 πρὸς
226 1880 447 1918 Μαρκιωνιστὰς,
470 1879 516 1906 καὶ
543 1878 639 1909 ἄλλους
662 1876 817 1913 αἱρετικοὺς

26 1931 160 1965 διαλόγῳ,
172 1928 322 1964 Εὑτροπίου
347 1926 513 1959 δικάζοντος.
526 1924 661 1959 Μεγεθίου
677 1924 705 1951 δὲ
715 1923 820 1950 ἀντιλέ-

27 1986 138 2014 γοντος.
154 1986 163 2002 t
182 1975 244 2003 Haec
255 1983 271 2002 ε
283 1974 398 2009 septimo
418 1973 487 2000 libro
502 1971 666 2006 [Et-angelicae
688 1977 820 2004 praepara-

27 2025 112 2052 lionis
125 2022 232 2050 Eusebii
249 2020 381 2056 Pamphili
406 2019 563 2054 deprompta
583 2021 658 2044 sunt.
675 2015 746 2043 Sunt
771 2023 819 2042 au-

29 2076 86 2098 tem
111 2069 232 2100 Maximi,
261 2072 290 2094 ut
315 2066 354 2093 ait
376 2066 432 2100 ipse
456 2064 598 2095 Eusebius,
620 2070 672 2089 non
694 2060 819 2095 ignobilis

28 2118 107 2144 inter
134 2114 305 2143 Christianos
323 2111 475 2146 scriptoris.
497 2109 619 2137 Totidem
646 2115 711 2136 vero
731 2107 820 2134 verbis

28 2161 137 2196 scripta
153 2167 184 2187 ea
201 2158 376 2186 inveniuntur
386 2156 412 2183 in
426 2154 553 2190 Origenis
564 2155 694 2181 adversus
705 2152 820 2179 Marcio-

867 223 928 250 dem
948 223 989 250 his
997 223 1126 250 conciliat
1136 223 1206 257 quod
1222 227 1314 249 narrat
1327 221 1515 249 Eusebiuslib.
1528 229 1554 248 vr
1570 220 1653 252 Ηὶιι..

866 278 926 304 cap.
953 270 998 301 5'5,
1020 270 1054 297 ab
1069 269 1156 296 aetatis
1173 276 1228 296 suae
1251 268 1422 304 pracsbyteris
1443 275 1523 302 quam
1539 267 1652 301 plurima

866 317 900 344 de
913 315 1030 351 Origene
1049 315 1158 351 scriptis
1175 315 1257 343 fuisse
1278 315 1375 343 tradita
1390 323 1397 348 ;
1418 320 1443 342 et
1459 315 1529 349 quod
1550 314 1652 348 Dialogi

866 363 982 398 scriptor
999 370 1076 397 reges
1093 362 1224 397 quosdam
1240 361 1340 389 Christi
1363 361 1441 388 fidem
1458 360 1608 395 amplexos,
1626 364 1654 387 et

867 408 964 442 templa
988 408 1158 435 ethnicorum
1178 415 1240 435 cum
1266 407 1344 434 idolis
1366 414 1459 434 eversa
1486 412 1653 433 commemo-

866 459 924 488 rat;
952 454 1019 481 nihil
1049 455 1121 482 enim
1159 453 1311 488 hujusmodi
1338 452 1463 487 Origenis
1489 451 1653 486 temporibus

865 500 996 535 contigit,
1019 500 1067 527 sed
1090 498 1257 527 Constantini
1286 507 1293 526 :
1320 498 1391 526 unde
1415 497 1524 524 Maximi
1545 501 1651 524 aetatem

865 546 952 581 possis
972 546 1109 581 colligere.
1127 545 1186 582 (21)
1204 544 1311 572 Fefellit
1337 544 1453 571 fortasse
1477 543 1605 571 Basilium
1625 546 1653 570 et

867 591 1026 627 Gregorium
1042 591 1143 626 Dialogi
1159 591 1250 618 titulus
1267 597 1364 617 nomen
1388 589 1541 617 Adamantii
1557 588 1654 623 praefeo

865 644 938 668 rens,
956 637 1028 671 quod
1046 637 1072 663 in
1090 643 1122 663 eo
1150 636 1250 670 primas
1272 639 1361 670 partes
1383 638 1479 661 tractet
1502 632 1651 667 Origenes;

863 682 1089 717 quemadmodum
1120 680 1195 709 Laelii
1212 685 1239 708 et
1255 680 1366 708 Catonis
1381 680 1490 708 nomina
1507 679 1653 714 pra‘ferunt

867 727 967 760 Dialogi
992 728 1025 755 de
1048 727 1187 759 amicitia;
1208 730 1235 754 et
1253 726 1286 754 de
1303 730 1445 753 senectute
1474 732 1527 752 non
1549 725 1619 759 quod
1637 732 1652 751 a

864 773 968 801 Catone
1005 773 1047 800 vel
1072 772 1157 800 Laelio
1181 772 1273 807 Scripti
1297 771 1362 802 sint.
1386 771 1433 798 sed
1460 771 1531 805 quod
1560 770 1654 805 priune

865 819 930 854 ipsis
953 823 1044 854 partes
1068 819 1232 846 tribuantur.
1260 817 1410 844 Mirandum
1436 823 1517 851 porro
1534 824 1587 843 non
1611 820 1654 844 est

866 864 1100 900 interloqttentiutn
1123 871 1299 899 personarum
1315 863 1423 891 nomina
1441 870 1529 898 neque
1554 863 1580 890 in
1599 863 1653 890 Eu-

865 912 950 943 sebio.
975 918 1062 946 neque
1084 910 1111 938 in
1136 910 1282 938 Philocalia
1303 917 1485 945 comparere:
1509 917 1570 936 nam
1589 917 1652 937 eum

865 957 983 989 rubrica,
1003 957 1091 984 aliove
1102 957 1194 984 colore
1213 956 1342 991 ejusmodi
1360 956 1467 983 nomina
1485 960 1512 984 et
1526 955 1652 983 lemmata

864 1002 983 1030 solerent
998 1001 1140 1037 distingui,
1155 1009 1169 1029 a
1182 1001 1300 1029 librariis
1314 1008 1500 1036 saepenumero
1511 1001 1653 1030 distinctio

865 1049 923 1077 haec
938 1049 1124 1081 omittebatttr,
1133 1048 1175 1076 vel
1193 1056 1242 1084 per
1258 1048 1400 1081 incuriam,
1418 1048 1460 1076 vel
1477 1049 1567 1084 potius
1581 1049 1653 1083 quod

865 1103 925 1122 eaq:
941 1095 967 1122 in
985 1095 1154 1122 commodius
1171 1094 1324 1128 rejicientes
1338 1099 1453 1129 tempus,
1469 1095 1576 1128 penitus
1592 1099 1654 1121 tan-

865 1139 938 1171 dem,
967 1139 1092 1166 obliviosi
1118 1139 1217 1174 quippe
1242 1139 1376 1172 homines,
1400 1140 1651 1174 praetermitterent.

867 1184 1002 1219 Duplicem
1019 1185 1214 1212 lucubrationis
1233 1184 1312 1218 hujus
1329 1183 1577 1218 interpretationem
1598 1183 1652 1212 La-

866 1231 922 1257 tina
943 1229 1108 1258 Genebrardi
1134 1230 1238 1265 profert
1262 1230 1356 1262 editio,
1380 1229 1493 1257 alteram
1518 1229 1651 1258 Joachitni

866 1274 994 1307 Perionii,
1004 1275 1141 1302 Laurentii
1160 1274 1293 1302 Ilutnfridi
1308 1275 1433 1302 alteram.
1444 1274 1504 1301 Alia
1520 1279 1650 1310 praeterea

865 1328 880 1348 a
897 1320 1000 1348 Joanne
1020 1320 1084 1349 Pico
1110 1327 1236 1349 senatore
1255 1320 1398 1348 Parisiensi
1418 1319 1558 1348 lucubrata
1582 1327 1655 1349 anno

867 1365 946 1399 1556,
963 1373 1084 1394 seorsum
1097 1366 1169 1393 edita
1183 1369 1284 1393 exstat.

902 1410 937 1438 Χ.
962 1411 1050 1438 Alium
1075 1418 1143 1442 suo,
1171 1409 1350 1445 Origenisque
1378 1410 1489 1439 nomine
1511 1410 1653 1445 Dialogum

866 1461 1046 1492 supposuerat
1067 1456 1211 1484 haereticus
1231 1456 1351 1491 quidam,
1374 1463 1482 1484 omnem
1503 1456 1566 1484 licet
1591 1463 1654 1484 cum

867 1509 899 1531 eo
922 1501 1022 1537 Ephesi
1042 1501 1112 1529 forte
1138 1501 1188 1529 sibi
1214 1501 1272 1528 viso
1288 1508 1463 1537 congressum
1479 1509 1512 1529 ac
1531 1503 1653 1537 disputa-

870 1550 970 1577 tionem
997 1549 1185 1575 detrectasset.
1211 1547 1349 1574 Fictitiam
1374 1547 1549 1582 scriptionem
1581 1548 1655 1576 misit

869 1595 982 1623 Romam
1000 1593 1034 1621 ad
1052 1601 1116 1621 suos
1134 1593 1292 1628 discipulos,
1314 1594 1468 1629 passimque
1489 1594 1654 1622 dissemina-

870 1642 920 1672 vit.
944 1645 971 1669 et
993 1639 1154 1671 Antiochiae,
1177 1639 1334 1674 priusquam
1353 1639 1415 1667 illuc
1435 1641 1576 1667 accederet
1592 1638 1655 1667 Ori-

868 1695 962 1724 genes,
977 1687 1012 1715 ob
1030 1686 1124 1714 falsam
1138 1685 1278 1712 victoriam
1294 1685 1387 1713 inanes
1405 1685 1461 1720 egit
1475 1685 1626 1719 triumphos
1643 1694 1652 1713 :

869 1741 930 1760 mox
949 1740 1013 1761 vero
1031 1736 1059 1760 ut
1080 1730 1167 1758 adfuit
1184 1730 1371 1762 Adamantius,
1394 1730 1511 1757 hominis
1528 1730 1654 1757 contudit

868 1781 1051 1813 proterriam,
1075 1783 1102 1805 et
1132 1776 1280 1804 vanitatem
1310 1775 1461 1803 manifestis
1484 1776 1654 1811 argumentis

868 1826 996 1854 convicit.

904 1871 951 1900 XI.
970 1870 1050 1899 Falso
1065 1876 1172 1906 quoque
1186 1867 1336 1904 praescribit
1350 1867 1401 1895 sibi
1417 1874 1514 1894 nomen
1530 1865 1655 1901 Origenis

869 1919 973 1947 libellus
996 1917 1119 1953 quidatn,
1140 1916 1185 1951 qui
1209 1913 1428 1950 philosophorum
1449 1917 1538 1940 sectas
1558 1920 1590 1939 ac
1608 1913 1656 1940 do-

869 1970 960 2000 gmata
985 1968 1120 1996 recenset,
1137 1967 1164 1990 et
1184 1961 1337 1998 Ὠριγένους
1354 1958 1567 1995 φιλοσοφούμενα
1588 1958 1658 1987 solet

868 2009 1006 2046 appellari.
1024 2008 1130 2036 Primus
1152 2013 1242 2035 autem
1267 2007 1312 2034 hic
1334 2011 1377 2034 est
1402 2006 1471 2033 liber
1495 2005 1652 2040 grandioris

867 2057 969 2092 operis,
985 2063 1039 2091 quo
1055 2055 1173 2082 haereses
1185 2061 1280 2081 omnes
1293 2052 1472 2081 confutandas
1487 2056 1582 2078 auctor
1600 2051 1654 2078 sibi

869 2105 1064 2138 proposuerat,
1088 2100 1159 2135 quod
1190 2107 1224 2127 ex
1251 2098 1384 2133 dogmatis
1413 2095 1653 2132 philosophorum,

870 2150 1010 2177 lnercseon
1024 2152 1115 2181 pestes
1132 2145 1189 2173 fere
1207 2144 1333 2180 profecta:
1348 2144 1419 2176 sint;
1439 2142 1534 2176 hisque
1544 2141 1655 2169 convel-

28 2187 134 2238 nistas.
147 2205 271 2239 aliosque
286 2202 429 2230 haareticos
440 2187 561 2235 Dialogo,
575 2204 671 2234 agente
680 2198 818 2233 Eutropio,
835 2206 858 2236 ο
872 2195 960 2223 lendis
978 2193 1052 2221 utilis
1078 2193 1114 2220 sit
1137 2191 1244 2219 illorum
1269 2189 1432 2218 confutatio.
1451 2188 1574 2239 Larvatat
1593 2187 1656 2239 huic

27 2252 197 2282 defendente
206 2250 352 2284 Megethio.
368 2257 377 2275 ι
391 2247 497 2275 Revera
510 2245 641 2273 Eusebius
654 2245 725 2272 libro
734 2252 769 2271 vn
783 2243 819 2271 De

26 2303 177 2333 praeparat.
185 2295 326 2331 evangelio.
337 2294 518 2329 fragmentum
531 2292 557 2320 id
566 2292 685 2324 exhibet,
692 2295 757 2319 etex
765 2290 820 2317 Ma-

29 2345 100 2373 ximi
120 2344 190 2371 libro
211 2342 281 2377 Hepl
298 2341 375 2375 ὕλης
394 2347 454 2368 sese
468 2343 620 2367 mutuatum
645 2344 705 2365 esse
725 2337 818 2364 tradit.

27 2392 112 2420 Utris
120 2394 211 2417 autem
223 2389 283 2424 plus
296 2388 444 2415 habeamus
459 2383 819 2417 ﬁdei.Basi|ioetGregorio,

27 2444 103 2472 opus
114 2436 142 2463 id
153 2434 261 2470 Origeni
271 2432 469 2463 tribuentibus;
481 2438 515 2457 an
525 2429 640 2457 Eusebio
651 2430 721 2456 idem
736 2428 817 2456 Maxi-

29 2492 79 2512 rno
90 2480 254 2517 assignauti.
275 2478 465 2514 ambigendum
481 2484 535 2504 non
553 2479 594 2503 est
608 2484 614 2501 :
629 2482 700 2510 saepe
721 2474 821 2509 quippe

28 2528 203 2558 ostendimus
214 2526 347 2554 nemiuem
357 2524 383 2551 in
391 2521 593 2558 perscrutandis
601 2520 727 2556 Origenis
741 2521 821 2548 rebus

30 2580 142 2604 tantum
157 2573 313 2600 adhibuisse
326 2578 399 2598 cum
415 2574 443 2596 et
454 2567 581 2600 solertiae,
594 2571 723 2602 quantam
741 2565 820 2593 adhi—

29 2622 94 2650 buit
103 2619 245 2647 Eusebius.
254 2617 417 2644 Veriautem
436 2615 524 2642 simile
534 2619 576 2642 est
588 2613 708 2640 habitam
727 2619 820 2639 revera

31 2668 122 2694 fuisse
138 2664 247 2700 Origeni
266 2671 326 2691 cum
344 2661 486 2697 Megethio,
506 2660 607 2692 Marco,
630 2658 746 2692 aliisque
763 2657 820 2684 ha:-

31 2713 130 2741 reticis
145 2710 373 2739 concertationem
385 2716 392 2740 ;
404 2712 432 2734 at
445 2714 460 2734 a
473 2706 591 2733 Maximo
598 2705 695 2733 deinde
708 2704 733 2731 in
749 2703 822 2731 litte-

73 2792 130 2832 (21)
151 2790 256 2832 εῙειιὶι
270 2789 382 2832 {o'rtpue
396 2781 822 2832 Ba‘riltltt‘rr-tmetllyirr-

32 2817 347 2863 lng‘r—t—ituius',ete.'\lide
359 2830 418 2863 qua:
426 2821 547 2863 _d_iximns
558 2819 591 2863 de
605 2817 820 2863 hoccePialpgp,

34 2852 272 2896 toiii.'l,7Pt-:efat.,
288 2866 347 2894 pag.
363 2852 407 2891 i2,
424 2856 465 2890 15,
478 2855 543 2882 etin
559 2853 742 2881 admonitione
759 2852 822 2879 huic

871 2240 1012 2276 scriptioni
1036 2245 1181 2274 personam
1205 2237 1351 2264 detrahunt
1379 2235 1421 2262 vel
1448 2234 1528 2262 verba
1562 2233 1656 2261 isthazc

871 2295 932 2323 qua;
947 2291 1056 2314 exstant
1067 2285 1092 2312 in
1108 2283 1239 2320 prooemio
1255 2291 1261 2309 :
1274 2282 1367 2310 Ταῦτα
1375 2281 1403 2308 δὲ
1418 2281 1511 2317 ἕτερος
1523 2281 1572 2307 οὐκ
1582 2279 1658 2323 city:

871 2320 922 2367 g'ar,
940 2332 956 2368 ἢ
972 2331 1002 2358 to
1014 2332 1043 2358 ὲν
1067 2328 1216 2364 Ἐκκλησία
1229 2327 1380 2363 παραδοθὲν
1393 2327 1469 2361 ἅγιον
1490 2326 1612 2362 Πνεῦμα,
1626 2320 1657 2351 οὗ

871 2379 1049 2415 τυγχάνοντες
1074 2375 1206 2411 πρότερον
1218 2374 1243 2401 oi.
1271 2372 1413 2400 ἀπόστολοι
1436 2372 1581 2409 μετέδοσαν
1601 2372 1657 2402 τοῖς

871 2426 959 2463 ὀρθῶς
973 2415 1241 2451 πεπιστευκόσιν-ὧν
1255 2420 1335 2454 ἡμεῖς
1342 2418 1456 2453 διάδοχοι
1467 2417 1657 2453 τυγχάνοντες,

872 2474 922 2510 τῆς
946 2481 976 2500 τε
1001 2471 1086 2506 αὐτῆς
1101 2469 1211 2504 χάριτος
1233 2466 1402 2502 μετέχοντες,
1417 2465 1609 2501 ἀρχιερατειας
1628 2471 1659 2490 τε

870 2520 918 2546 καὶ
926 2516 1108 2548 διδασκαλίας,
1124 2514 1171 2541 καὶ
1183 2511 1296 2549 φρουροὶ
1309 2512 1359 2546 τῆς
1375 2511 1536 2546 Ἐκκλησεας
1555 2510 1660 2548 λελογι-

873 2566 976 2602 σμένοι,
985 2564 1035 2590 οὐκ
1042 2560 1172 2598 ὀφθαλμῷ
1178 2557 1355 2594 νυπάξομεν.
1363 2556 1426 2584 Hm
1436 2562 1522 2583 autem
1531 2566 1581 2584 non
1593 2557 1660 2584 alius

873 2615 1006 2646 conrguet,
1017 2617 1096 2645 quam
1110 2607 1224 2634 traditus
1238 2605 1265 2632 in
1278 2603 1395 2631 Ecclesia
1410 2602 1526 2637 Spiritus
1535 2608 1640 2628 sanctus
1650 2609 1660 2629 :

873 2664 949 2692 quem
967 2662 1025 2681 cum
1041 2653 1164 2688 primitus
1178 2650 1336 2684 accepissent
1356 2646 1479 2682 apostoli,
1497 2646 1530 2672 iis
1544 2653 1660 2671 comnm-

875 2703 998 2731 nicarunt
1017 2700 1063 2736 qui
1084 2702 1151 2727 recte
1175 2697 1207 2725 de
1221 2696 1274 2724 Deo
1294 2694 1437 2722 sentiebant
1454 2699 1464 2719 :
1479 2698 1591 2727 quorum
1613 2697 1660 2716 nos

874 2779 952 2820 operi
981 2777 1092 2814 przellxa
1119 2783 1180 2811 pag.
1209 2774 1281 2808 800,
1307 2772 1357 2801 80!
1388 2777 1415 2800 et
1452 2769 1506 2798 802
1539 2768 1660 2804 ejusdem

876 2821 953 2844 101111.
