  <div class='ocr_page' id='page_1' title='image "/cluster/home/n/w/nwhite01/storage/ocr_20150623/17/njp.32101010944583/891.png"; bbox 0 0 1908 3071; ppageno 0'>
   <div class='ocr_carea' id='block_1_1' title="bbox 258 115 326 144">
    <p class='ocr_par' dir='ltr' id='par_1_1' title="bbox 258 115 326 144">
     <span class='ocr_line' id='line_1_1' title="bbox 258 115 326 144; baseline 0.029 -2"><span class='ocrx_word' id='word_1_1' title='bbox 258 115 326 144; x_wconf 65' lang='grc'><strong>1³85</strong></span> 
     </span>
    </p>
   </div>
   <div class='ocr_carea' id='block_1_2' title="bbox 645 110 1494 141">
    <p class='ocr_par' dir='ltr' id='par_1_2' title="bbox 645 110 1494 141">
     <span class='ocr_line' id='line_1_2' title="bbox 645 110 1494 141; baseline -0.004 -1"><span class='ocrx_word' id='word_1_2' title='bbox 645 114 674 140; x_wconf 77' lang='grc' dir='ltr'><strong>Ρ.</strong></span> <span class='ocrx_word' id='word_1_3' title='bbox 698 113 852 141; x_wconf 77' lang='lat' dir='ltr'><strong>DANIEMS</strong></span> <span class='ocrx_word' id='word_1_4' title='bbox 871 113 984 141; x_wconf 79' lang='lat' dir='ltr'>IIUETII</span> <span class='ocrx_word' id='word_1_5' title='bbox 1007 112 1293 141; x_wconf 78' lang='lat' dir='ltr'><strong>ORIGENIANOBUM</strong></span> <span class='ocrx_word' id='word_1_6' title='bbox 1316 110 1494 139; x_wconf 74' lang='lat' dir='ltr'><strong>APPENDIX.</strong></span> 
     </span>
    </p>
   </div>
   <div class='ocr_carea' id='block_1_3' title="bbox 1807 106 1870 133">
    <p class='ocr_par' dir='ltr' id='par_1_3' title="bbox 1807 106 1870 133">
     <span class='ocr_line' id='line_1_3' title="bbox 1807 106 1870 133; baseline -0.016 0"><span class='ocrx_word' id='word_1_7' title='bbox 1807 106 1870 133; x_wconf 62' lang='grc' dir='ltr'>ΕΜ</span> 
     </span>
    </p>
   </div>
   <div class='ocr_carea' id='block_1_4' title="bbox 257 166 1873 209">
    <p class='ocr_par' dir='ltr' id='par_1_4' title="bbox 257 166 1873 209">
     <span class='ocr_line' id='line_1_4' title="bbox 257 166 1873 209; baseline -0.006 -7"><span class='ocrx_word' id='word_1_8' title='bbox 257 184 317 202; x_wconf 67' lang='lat' dir='ltr'><strong>cum</strong></span> <span class='ocrx_word' id='word_1_9' title='bbox 333 183 495 202; x_wconf 69' lang='lat' dir='ltr'><strong>successores</strong></span> <span class='ocrx_word' id='word_1_10' title='bbox 506 175 599 207; x_wconf 74' lang='lat' dir='ltr'><strong>simus,</strong></span> <span class='ocrx_word' id='word_1_11' title='bbox 618 179 642 201; x_wconf 80' lang='lat' dir='ltr'><strong>et</strong></span> <span class='ocrx_word' id='word_1_12' title='bbox 654 175 770 209; x_wconf 70' lang='lat' dir='ltr'><strong>ejusdem</strong></span> <span class='ocrx_word' id='word_1_13' title='bbox 783 175 875 209; x_wconf 71' lang='lat' dir='ltr'><strong>gratim</strong></span> <span class='ocrx_word' id='word_1_14' title='bbox 889 175 1039 209; x_wconf 76' lang='lat' dir='ltr'><strong>participes,</strong></span> <span class='ocrx_word' id='word_1_15' title='bbox 1056 177 1076 203; x_wconf 85' lang='lat' dir='ltr'><strong>A</strong></span> <span class='ocrx_word' id='word_1_16' title='bbox 1093 174 1152 201; x_wconf 86' lang='lat' dir='ltr'><strong>nius</strong></span> <span class='ocrx_word' id='word_1_17' title='bbox 1168 177 1304 201; x_wconf 89' lang='lat' dir='ltr'><strong>auctorem</strong></span> <span class='ocrx_word' id='word_1_18' title='bbox 1326 179 1386 200; x_wconf 87' lang='lat' dir='ltr'><strong>esse</strong></span> <span class='ocrx_word' id='word_1_19' title='bbox 1398 171 1563 206; x_wconf 79' lang='lat' dir='ltr'><strong>Cyprianum</strong></span> <span class='ocrx_word' id='word_1_20' title='bbox 1581 168 1686 196; x_wconf 82' lang='lat' dir='ltr'><strong>levibus</strong></span> <span class='ocrx_word' id='word_1_21' title='bbox 1707 173 1775 194; x_wconf 91' lang='lat' dir='ltr'><strong>sane</strong></span> <span class='ocrx_word' id='word_1_22' title='bbox 1792 166 1873 193; x_wconf 80' lang='lat' dir='ltr'><strong>ratio-</strong></span> 
     </span>
    </p>
   </div>
   <div class='ocr_carea' id='block_1_5' title="bbox 257 220 1039 255">
    <p class='ocr_par' dir='ltr' id='par_1_5' title="bbox 257 220 1039 255">
     <span class='ocr_line' id='line_1_5' title="bbox 257 220 1039 255; baseline 0 -8"><span class='ocrx_word' id='word_1_23' title='bbox 257 229 354 248; x_wconf 76' lang='lat' dir='ltr'><strong>nemon</strong></span> <span class='ocrx_word' id='word_1_24' title='bbox 369 221 543 255; x_wconf 70' lang='lat' dir='ltr'><strong>episcopatus,</strong></span> <span class='ocrx_word' id='word_1_25' title='bbox 558 225 583 246; x_wconf 83' lang='lat' dir='ltr'><strong>et</strong></span> <span class='ocrx_word' id='word_1_26' title='bbox 599 221 756 254; x_wconf 72' lang='lat' dir='ltr'><strong>magisterii,</strong></span> <span class='ocrx_word' id='word_1_27' title='bbox 776 226 799 247; x_wconf 82' lang='lat' dir='ltr'><strong>et</strong></span> <span class='ocrx_word' id='word_1_28' title='bbox 816 222 934 247; x_wconf 76' lang='lat' dir='ltr'><strong>custodes</strong></span> <span class='ocrx_word' id='word_1_29' title='bbox 952 220 1039 247; x_wconf 69' lang='lat' dir='ltr'><strong>Eccle-</strong></span> 
     </span>
    </p>
   </div>
   <div class='ocr_carea' id='block_1_6' title="bbox 256 266 1039 301">
    <p class='ocr_par' dir='ltr' id='par_1_6' title="bbox 256 266 1039 301">
     <span class='ocr_line' id='line_1_6' title="bbox 256 266 1039 301; baseline 0.001 -9"><span class='ocrx_word' id='word_1_30' title='bbox 256 267 302 293; x_wconf 78' lang='lat' dir='ltr'><strong>sia.-</strong></span> <span class='ocrx_word' id='word_1_31' title='bbox 317 267 441 300; x_wconf 84' lang='lat' dir='ltr'><strong>reputati,</strong></span> <span class='ocrx_word' id='word_1_32' title='bbox 455 274 505 292; x_wconf 81' lang='lat' dir='ltr'><strong>non</strong></span> <span class='ocrx_word' id='word_1_33' title='bbox 518 266 599 292; x_wconf 77' lang='lat' dir='ltr'><strong>oculis</strong></span> <span class='ocrx_word' id='word_1_34' title='bbox 614 274 660 301; x_wconf 82' lang='lat' dir='ltr'><strong>per</strong></span> <span class='ocrx_word' id='word_1_35' title='bbox 672 267 820 293; x_wconf 74' lang='lat' dir='ltr'><strong>socordiam</strong></span> <span class='ocrx_word' id='word_1_36' title='bbox 829 267 1039 294; x_wconf 79' lang='lat' dir='ltr'><strong>dormitabimus.</strong></span> 
     </span>
    </p>
   </div>
   <div class='ocr_carea' id='block_1_7' title="bbox 258 311 1040 347">
    <p class='ocr_par' dir='ltr' id='par_1_7' title="bbox 258 311 1040 347">
     <span class='ocr_line' id='line_1_7' title="bbox 258 311 1040 347; baseline 0.003 -9"><span class='ocrx_word' id='word_1_37' title='bbox 258 312 337 346; x_wconf 94' lang='lat' dir='ltr'><strong>Atqui</strong></span> <span class='ocrx_word' id='word_1_38' title='bbox 359 319 407 339; x_wconf 89' lang='lat' dir='ltr'><strong>nec</strong></span> <span class='ocrx_word' id='word_1_39' title='bbox 428 311 555 339; x_wconf 56' lang='lat' dir='ltr'><strong>Ecclesiae</strong></span> <span class='ocrx_word' id='word_1_40' title='bbox 576 317 668 340; x_wconf 88' lang='lat' dir='ltr'><strong>custos</strong></span> <span class='ocrx_word' id='word_1_41' title='bbox 692 312 834 347; x_wconf 81' lang='lat' dir='ltr'><strong>Origenes.</strong></span> <span class='ocrx_word' id='word_1_42' title='bbox 861 320 910 340; x_wconf 83' lang='lat' dir='ltr'><strong>nec</strong></span> <span class='ocrx_word' id='word_1_43' title='bbox 934 312 1040 347; x_wconf 68' lang='lat' dir='ltr'><strong>episco~</strong></span> 
     </span>
    </p>
   </div>
   <div class='ocr_carea' id='block_1_8' title="bbox 257 357 1042 392">
    <p class='ocr_par' dir='ltr' id='par_1_8' title="bbox 257 357 1042 392">
     <span class='ocr_line' id='line_1_8' title="bbox 257 357 1042 392; baseline 0.001 -8"><span class='ocrx_word' id='word_1_44' title='bbox 257 365 306 390; x_wconf 85' lang='lat' dir='ltr'><strong>pus</strong></span> <span class='ocrx_word' id='word_1_45' title='bbox 324 358 384 384; x_wconf 85' lang='lat' dir='ltr'><strong>fuit.</strong></span> <span class='ocrx_word' id='word_1_46' title='bbox 411 357 558 392; x_wconf 85' lang='lat' dir='ltr'><strong>Episcopus</strong></span> <span class='ocrx_word' id='word_1_47' title='bbox 579 363 667 385; x_wconf 84' lang='lat' dir='ltr'><strong>autem</strong></span> <span class='ocrx_word' id='word_1_48' title='bbox 692 358 741 385; x_wconf 89' lang='lat' dir='ltr'><strong>fuit</strong></span> <span class='ocrx_word' id='word_1_49' title='bbox 763 357 937 392; x_wconf 83' lang='lat' dir='ltr'><strong>Epiphanius,</strong></span> <span class='ocrx_word' id='word_1_50' title='bbox 959 362 986 385; x_wconf 87' lang='lat' dir='ltr'><strong>et</strong></span> <span class='ocrx_word' id='word_1_51' title='bbox 1011 358 1042 384; x_wconf 90' lang='lat' dir='ltr'><strong>li-</strong></span> 
     </span>
    </p>
   </div>
   <div class='ocr_carea' id='block_1_9' title="bbox 257 403 1041 438">
    <p class='ocr_par' dir='ltr' id='par_1_9' title="bbox 257 403 1041 438">
     <span class='ocr_line' id='line_1_9' title="bbox 257 403 1041 438; baseline 0.001 -9"><span class='ocrx_word' id='word_1_52' title='bbox 257 403 334 430; x_wconf 84' lang='lat' dir='ltr'><strong>brum</strong></span> <span class='ocrx_word' id='word_1_53' title='bbox 355 404 462 438; x_wconf 89' lang='lat' dir='ltr'><strong>scripsit</strong></span> <span class='ocrx_word' id='word_1_54' title='bbox 478 406 511 431; x_wconf 92' lang='lat' dir='ltr'><strong>de</strong></span> <span class='ocrx_word' id='word_1_55' title='bbox 535 404 683 431; x_wconf 71' lang='lat' dir='ltr'><strong>hteresibus</strong></span> <span class='ocrx_word' id='word_1_56' title='bbox 697 413 703 431; x_wconf 90' lang='lat'><strong>:</strong></span> <span class='ocrx_word' id='word_1_57' title='bbox 718 405 789 431; x_wconf 89' lang='lat' dir='ltr'><strong>unde</strong></span> <span class='ocrx_word' id='word_1_58' title='bbox 803 413 855 431; x_wconf 90' lang='lat' dir='ltr'><strong>non</strong></span> <span class='ocrx_word' id='word_1_59' title='bbox 876 404 962 430; x_wconf 89' lang='lat' dir='ltr'><strong>inanis</strong></span> <span class='ocrx_word' id='word_1_60' title='bbox 975 411 1041 431; x_wconf 87' lang='lat' dir='ltr'><strong>con-</strong></span> 
     </span>
    </p>
   </div>
   <div class='ocr_carea' id='block_1_10' title="bbox 255 449 1042 485">
    <p class='ocr_par' dir='ltr' id='par_1_10' title="bbox 255 449 1042 485">
     <span class='ocr_line' id='line_1_10' title="bbox 255 449 1042 485; baseline 0 -9"><span class='ocrx_word' id='word_1_61' title='bbox 255 450 360 484; x_wconf 84' lang='lat' dir='ltr'><strong>jectura</strong></span> <span class='ocrx_word' id='word_1_62' title='bbox 377 451 493 477; x_wconf 76' lang='lat' dir='ltr'><strong>sumitur</strong></span> <span class='ocrx_word' id='word_1_63' title='bbox 514 451 565 478; x_wconf 90' lang='lat' dir='ltr'><strong>hoc</strong></span> <span class='ocrx_word' id='word_1_64' title='bbox 586 457 654 485; x_wconf 89' lang='lat' dir='ltr'><strong>opus</strong></span> <span class='ocrx_word' id='word_1_65' title='bbox 680 450 712 477; x_wconf 88' lang='lat' dir='ltr'><strong>ad</strong></span> <span class='ocrx_word' id='word_1_66' title='bbox 740 450 826 485; x_wconf 87' lang='lat' dir='ltr'><strong>ipstun</strong></span> <span class='ocrx_word' id='word_1_67' title='bbox 840 457 902 478; x_wconf 85' lang='lat' dir='ltr'><strong>esse</strong></span> <span class='ocrx_word' id='word_1_68' title='bbox 923 449 1042 478; x_wconf 83' lang='lat' dir='ltr'><strong>referen-</strong></span> 
     </span>
    </p>
   </div>
   <div class='ocr_carea' id='block_1_11' title="bbox 257 495 331 521">
    <p class='ocr_par' dir='ltr' id='par_1_11' title="bbox 257 495 331 521">
     <span class='ocr_line' id='line_1_11' title="bbox 257 495 331 521; baseline 0 -1"><span class='ocrx_word' id='word_1_69' title='bbox 257 495 331 521; x_wconf 91' lang='lat' dir='ltr'><strong>dum.</strong></span> 
     </span>
    </p>
   </div>
   <div class='ocr_carea' id='block_1_12' title="bbox 253 539 1039 575">
    <p class='ocr_par' dir='ltr' id='par_1_12' title="bbox 253 539 1039 575">
     <span class='ocr_line' id='line_1_12' title="bbox 253 539 1039 575; baseline -0.001 -8"><span class='ocrx_word' id='word_1_70' title='bbox 253 553 256 561; x_wconf 77' lang='grc' dir='ltr'><em>ι</em></span> <span class='ocrx_word' id='word_1_71' title='bbox 293 540 348 567; x_wconf 82' lang='lat' dir='ltr'>XII.</span> <span class='ocrx_word' id='word_1_72' title='bbox 362 540 492 568; x_wconf 80' lang='lat' dir='ltr'><strong>Libellum</strong></span> <span class='ocrx_word' id='word_1_73' title='bbox 512 540 549 567; x_wconf 79' lang='lat' dir='ltr'><strong>De</strong></span> <span class='ocrx_word' id='word_1_74' title='bbox 561 540 745 575; x_wconf 76' lang='lat' dir='ltr'><strong>singularitate</strong></span> <span class='ocrx_word' id='word_1_75' title='bbox 756 539 911 567; x_wconf 82' lang='lat' dir='ltr'><strong>clericorum</strong></span> <span class='ocrx_word' id='word_1_76' title='bbox 930 539 1039 574; x_wconf 85' lang='lat' dir='ltr'><strong>Origeui</strong></span> 
     </span>
    </p>
   </div>
   <div class='ocr_carea' id='block_1_13' title="bbox 258 585 1042 620">
    <p class='ocr_par' dir='ltr' id='par_1_13' title="bbox 258 585 1042 620">
     <span class='ocr_line' id='line_1_13' title="bbox 258 585 1042 620; baseline -0.001 -8"><span class='ocrx_word' id='word_1_77' title='bbox 258 585 356 612; x_wconf 85' lang='lat' dir='ltr'><strong>addicit</strong></span> <span class='ocrx_word' id='word_1_78' title='bbox 371 591 446 612; x_wconf 86' lang='lat' dir='ltr'><strong>vetus</strong></span> <span class='ocrx_word' id='word_1_79' title='bbox 463 586 546 613; x_wconf 84' lang='lat' dir='ltr'><strong>codex</strong></span> <span class='ocrx_word' id='word_1_80' title='bbox 565 585 652 620; x_wconf 73' lang='lat' dir='ltr'><strong>chiae</strong></span> <span class='ocrx_word' id='word_1_81' title='bbox 667 585 846 613; x_wconf 63' lang='lat' dir='ltr'><strong>Bibliotheca.</strong></span> <span class='ocrx_word' id='word_1_82' title='bbox 861 585 996 612; x_wconf 84' lang='lat' dir='ltr'><strong>Addicunt</strong></span> <span class='ocrx_word' id='word_1_83' title='bbox 1015 589 1042 612; x_wconf 89' lang='lat' dir='ltr'><strong>et</strong></span> 
     </span>
    </p>
   </div>
   <div class='ocr_carea' id='block_1_14' title="bbox 258 630 1041 663">
    <p class='ocr_par' dir='ltr' id='par_1_14' title="bbox 258 630 1041 663">
     <span class='ocr_line' id='line_1_14' title="bbox 258 630 1041 663; baseline -0.001 -5"><span class='ocrx_word' id='word_1_84' title='bbox 258 630 405 658; x_wconf 85' lang='lat' dir='ltr'><strong>Landulfus</strong></span> <span class='ocrx_word' id='word_1_85' title='bbox 423 639 437 657; x_wconf 87' lang='lat' dir='ltr'><strong>a</strong></span> <span class='ocrx_word' id='word_1_86' title='bbox 454 632 585 658; x_wconf 87' lang='lat' dir='ltr'><strong>Coluuma</strong></span> <span class='ocrx_word' id='word_1_87' title='bbox 612 632 637 658; x_wconf 91' lang='lat' dir='ltr'><strong>in</strong></span> <span class='ocrx_word' id='word_1_88' title='bbox 666 631 804 659; x_wconf 87' lang='lat' dir='ltr'><strong>Breviario</strong></span> <span class='ocrx_word' id='word_1_89' title='bbox 819 631 964 663; x_wconf 89' lang='lat' dir='ltr'><strong>bistoriali,</strong></span> <span class='ocrx_word' id='word_1_90' title='bbox 989 631 1041 657; x_wconf 88' lang='lat' dir='ltr'><strong>La-</strong></span> 
     </span>
    </p>
   </div>
   <div class='ocr_carea' id='block_1_15' title="bbox 258 676 1043 709">
    <p class='ocr_par' dir='ltr' id='par_1_15' title="bbox 258 676 1043 709">
     <span class='ocr_line' id='line_1_15' title="bbox 258 676 1043 709; baseline 0.001 -6"><span class='ocrx_word' id='word_1_91' title='bbox 258 677 366 704; x_wconf 83' lang='lat' dir='ltr'><strong>ziardus</strong></span> <span class='ocrx_word' id='word_1_92' title='bbox 380 676 554 709; x_wconf 72' lang='lat' dir='ltr'><strong>leestiuus,</strong></span> <span class='ocrx_word' id='word_1_93' title='bbox 574 677 728 704; x_wconf 73' lang='lat' dir='ltr'><strong>Antoninus</strong></span> <span class='ocrx_word' id='word_1_94' title='bbox 753 682 780 704; x_wconf 91' lang='lat' dir='ltr'><strong>et</strong></span> <span class='ocrx_word' id='word_1_95' title='bbox 801 677 958 705; x_wconf 81' lang='lat' dir='ltr'><strong>Vincentius</strong></span> <span class='ocrx_word' id='word_1_96' title='bbox 986 677 1043 704; x_wconf 83' lang='lat' dir='ltr'><strong>Bel-</strong></span> 
     </span>
    </p>
   </div>
   <div class='ocr_carea' id='block_1_16' title="bbox 259 722 1042 757">
    <p class='ocr_par' dir='ltr' id='par_1_16' title="bbox 259 722 1042 757">
     <span class='ocr_line' id='line_1_16' title="bbox 259 722 1042 757; baseline 0.001 -9"><span class='ocrx_word' id='word_1_97' title='bbox 259 723 420 753; x_wconf 88' lang='lat' dir='ltr'><strong>lovacencis,</strong></span> <span class='ocrx_word' id='word_1_98' title='bbox 437 730 504 757; x_wconf 87' lang='lat' dir='ltr'><strong>quos</strong></span> <span class='ocrx_word' id='word_1_99' title='bbox 522 726 643 749; x_wconf 85' lang='lat' dir='ltr'><strong>recenset</strong></span> <span class='ocrx_word' id='word_1_100' title='bbox 662 722 812 754; x_wconf 83' lang='lat' dir='ltr'><strong>Pamelius;</strong></span> <span class='ocrx_word' id='word_1_101' title='bbox 832 727 859 749; x_wconf 89' lang='lat' dir='ltr'><strong>et</strong></span> <span class='ocrx_word' id='word_1_102' title='bbox 874 723 973 756; x_wconf 86' lang='lat' dir='ltr'><strong>quibus</strong></span> <span class='ocrx_word' id='word_1_103' title='bbox 986 722 1042 755; x_wconf 89' lang='lat' dir='ltr'><strong>ipse</strong></span> 
     </span>
    </p>
   </div>
   <div class='ocr_carea' id='block_1_17' title="bbox 258 766 1041 802">
    <p class='ocr_par' dir='ltr' id='par_1_17' title="bbox 258 766 1041 802">
     <span class='ocr_line' id='line_1_17' title="bbox 258 766 1041 802; baseline 0.001 -9"><span class='ocrx_word' id='word_1_104' title='bbox 258 767 384 800; x_wconf 85' lang='lat' dir='ltr'><strong>succinit,</strong></span> <span class='ocrx_word' id='word_1_105' title='bbox 397 775 457 794; x_wconf 87' lang='lat' dir='ltr'><strong>cum</strong></span> <span class='ocrx_word' id='word_1_106' title='bbox 480 767 506 793; x_wconf 92' lang='lat' dir='ltr'><strong>in</strong></span> <span class='ocrx_word' id='word_1_107' title='bbox 524 766 683 794; x_wconf 67' lang='lat' dir='ltr'><strong>Prmfatione</strong></span> <span class='ocrx_word' id='word_1_108' title='bbox 702 767 735 794; x_wconf 88' lang='lat' dir='ltr'><strong>ad</strong></span> <span class='ocrx_word' id='word_1_109' title='bbox 750 767 857 794; x_wconf 91' lang='lat' dir='ltr'><strong>tertium</strong></span> <span class='ocrx_word' id='word_1_110' title='bbox 872 772 971 794; x_wconf 89' lang='lat' dir='ltr'><strong>tornum</strong></span> <span class='ocrx_word' id='word_1_111' title='bbox 989 767 1041 802; x_wconf 83' lang='lat' dir='ltr'><strong>Cy-</strong></span> 
     </span>
    </p>
   </div>
   <div class='ocr_carea' id='block_1_18' title="bbox 259 811 1042 846">
    <p class='ocr_par' dir='ltr' id='par_1_18' title="bbox 259 811 1042 846">
     <span class='ocr_line' id='line_1_18' title="bbox 259 811 1042 846; baseline -0.001 -8"><span class='ocrx_word' id='word_1_112' title='bbox 259 812 358 846; x_wconf 84' lang='lat' dir='ltr'><strong>priani,</strong></span> <span class='ocrx_word' id='word_1_113' title='bbox 373 817 429 838; x_wconf 91' lang='lat' dir='ltr'><strong>tum</strong></span> <span class='ocrx_word' id='word_1_114' title='bbox 443 811 469 838; x_wconf 91' lang='lat' dir='ltr'><strong>in</strong></span> <span class='ocrx_word' id='word_1_115' title='bbox 485 816 643 846; x_wconf 85' lang='lat' dir='ltr'><strong>argumento</strong></span> <span class='ocrx_word' id='word_1_116' title='bbox 657 811 717 837; x_wconf 92' lang='lat' dir='ltr'><strong>libri</strong></span> <span class='ocrx_word' id='word_1_117' title='bbox 729 811 798 846; x_wconf 80' lang='lat' dir='ltr'><strong>ejus,</strong></span> <span class='ocrx_word' id='word_1_118' title='bbox 810 816 837 838; x_wconf 89' lang='lat' dir='ltr'><strong>et</strong></span> <span class='ocrx_word' id='word_1_119' title='bbox 850 811 876 838; x_wconf 92' lang='lat' dir='ltr'><strong>in</strong></span> <span class='ocrx_word' id='word_1_120' title='bbox 888 811 1042 838; x_wconf 88' lang='lat' dir='ltr'><strong>adnotatio-</strong></span> 
     </span>
    </p>
   </div>
   <div class='ocr_carea' id='block_1_19' title="bbox 259 847 1078 892">
    <p class='ocr_par' dir='ltr' id='par_1_19' title="bbox 259 847 1078 892">
     <span class='ocr_line' id='line_1_19' title="bbox 259 847 1078 892; baseline -0.001 -8"><span class='ocrx_word' id='word_1_121' title='bbox 259 858 339 885; x_wconf 87' lang='lat' dir='ltr'><strong>nibus</strong></span> <span class='ocrx_word' id='word_1_122' title='bbox 351 858 384 884; x_wconf 88' lang='lat' dir='ltr'><strong>ad</strong></span> <span class='ocrx_word' id='word_1_123' title='bbox 402 862 482 891; x_wconf 87' lang='lat' dir='ltr'><strong>caput</strong></span> <span class='ocrx_word' id='word_1_124' title='bbox 494 857 610 892; x_wconf 88' lang='lat' dir='ltr'><strong>primum</strong></span> <span class='ocrx_word' id='word_1_125' title='bbox 627 857 687 884; x_wconf 86' lang='lat' dir='ltr'><strong>libri</strong></span> <span class='ocrx_word' id='word_1_126' title='bbox 703 856 864 884; x_wconf 82' lang='lat' dir='ltr'><strong>Tertulliani</strong></span> <span class='ocrx_word' id='word_1_127' title='bbox 890 857 929 884; x_wconf 79' lang='lat' dir='ltr'><strong>De</strong></span> <span class='ocrx_word' id='word_1_128' title='bbox 952 857 1044 884; x_wconf 69' lang='lat' dir='ltr'><strong>exhor—</strong></span> <span class='ocrx_word' id='word_1_129' title='bbox 1058 847 1078 874; x_wconf 75' lang='grc' dir='ltr'><strong><em>Β</em></strong></span> 
     </span>
    </p>
   </div>
   <div class='ocr_carea' id='block_1_20' title="bbox 258 902 1042 937">
    <p class='ocr_par' dir='ltr' id='par_1_20' title="bbox 258 902 1042 937">
     <span class='ocr_line' id='line_1_20' title="bbox 258 902 1042 937; baseline -0.001 -7"><span class='ocrx_word' id='word_1_130' title='bbox 258 903 355 930; x_wconf 76' lang='lat' dir='ltr'><strong>talione</strong></span> <span class='ocrx_word' id='word_1_131' title='bbox 369 903 508 930; x_wconf 72' lang='lat' dir='ltr'><strong>castitatis.</strong></span> <span class='ocrx_word' id='word_1_132' title='bbox 532 903 585 930; x_wconf 86' lang='lat' dir='ltr'><strong>Sed</strong></span> <span class='ocrx_word' id='word_1_133' title='bbox 601 904 731 930; x_wconf 82' lang='lat' dir='ltr'><strong>reclamat</strong></span> <span class='ocrx_word' id='word_1_134' title='bbox 751 902 895 935; x_wconf 88' lang='lat' dir='ltr'><strong>Baronius,</strong></span> <span class='ocrx_word' id='word_1_135' title='bbox 907 903 977 937; x_wconf 92' lang='lat' dir='ltr'><strong>quod</strong></span> <span class='ocrx_word' id='word_1_136' title='bbox 992 904 1042 930; x_wconf 90' lang='lat' dir='ltr'><strong>hoc</strong></span> 
     </span>
    </p>
   </div>
   <div class='ocr_carea' id='block_1_21' title="bbox 258 948 1043 983">
    <p class='ocr_par' dir='ltr' id='par_1_21' title="bbox 258 948 1043 983">
     <span class='ocr_line' id='line_1_21' title="bbox 258 948 1043 983; baseline -0.003 -7"><span class='ocrx_word' id='word_1_137' title='bbox 258 955 341 983; x_wconf 88' lang='lat' dir='ltr'><strong>opere</strong></span> <span class='ocrx_word' id='word_1_138' title='bbox 363 948 521 975; x_wconf 79' lang='lat' dir='ltr'><strong>feminarum</strong></span> <span class='ocrx_word' id='word_1_139' title='bbox 543 949 748 976; x_wconf 88' lang='lat' dir='ltr'><strong>contubernium</strong></span> <span class='ocrx_word' id='word_1_140' title='bbox 765 948 871 975; x_wconf 88' lang='lat' dir='ltr'><strong>clericis</strong></span> <span class='ocrx_word' id='word_1_141' title='bbox 897 948 1043 975; x_wconf 88' lang='lat' dir='ltr'><strong>interdica-</strong></span> 
     </span>
    </p>
   </div>
   <div class='ocr_carea' id='block_1_22' title="bbox 260 993 1045 1029">
    <p class='ocr_par' dir='ltr' id='par_1_22' title="bbox 260 993 1045 1029">
     <span class='ocr_line' id='line_1_22' title="bbox 260 993 1045 1029; baseline 0 -8"><span class='ocrx_word' id='word_1_142' title='bbox 260 999 320 1027; x_wconf 84' lang='lat' dir='ltr'><strong>tur;</strong></span> <span class='ocrx_word' id='word_1_143' title='bbox 338 1002 399 1022; x_wconf 91' lang='lat' dir='ltr'><strong>cum</strong></span> <span class='ocrx_word' id='word_1_144' title='bbox 412 995 482 1021; x_wconf 89' lang='lat' dir='ltr'><strong>inter</strong></span> <span class='ocrx_word' id='word_1_145' title='bbox 496 993 621 1021; x_wconf 82' lang='lat' dir='ltr'><strong>uiulicrcs</strong></span> <span class='ocrx_word' id='word_1_146' title='bbox 635 999 661 1021; x_wconf 89' lang='lat' dir='ltr'><strong>ct</strong></span> <span class='ocrx_word' id='word_1_147' title='bbox 677 994 779 1029; x_wconf 85' lang='lat' dir='ltr'><strong>puellas</strong></span> <span class='ocrx_word' id='word_1_148' title='bbox 793 993 923 1028; x_wconf 79' lang='lat' dir='ltr'><strong>Origenes</strong></span> <span class='ocrx_word' id='word_1_149' title='bbox 935 994 1045 1021; x_wconf 84' lang='lat' dir='ltr'><strong>assidue</strong></span> 
     </span>
    </p>
   </div>
   <div class='ocr_carea' id='block_1_23' title="bbox 259 1039 1043 1074">
    <p class='ocr_par' dir='ltr' id='par_1_23' title="bbox 259 1039 1043 1074">
     <span class='ocr_line' id='line_1_23' title="bbox 259 1039 1043 1074; baseline -0.001 -8"><span class='ocrx_word' id='word_1_150' title='bbox 259 1040 295 1066; x_wconf 87' lang='lat' dir='ltr'><strong>sit</strong></span> <span class='ocrx_word' id='word_1_151' title='bbox 312 1045 497 1067; x_wconf 82' lang='lat' dir='ltr'><strong>conversatus.</strong></span> <span class='ocrx_word' id='word_1_152' title='bbox 519 1039 601 1066; x_wconf 81' lang='lat' dir='ltr'><strong>Addit</strong></span> <span class='ocrx_word' id='word_1_153' title='bbox 624 1039 649 1066; x_wconf 87' lang='lat' dir='ltr'><strong>id</strong></span> <span class='ocrx_word' id='word_1_154' title='bbox 667 1039 748 1067; x_wconf 88' lang='lat' dir='ltr'><strong>fuisse</strong></span> <span class='ocrx_word' id='word_1_155' title='bbox 763 1047 852 1066; x_wconf 74' lang='lat' dir='ltr'><strong>causa:</strong></span> <span class='ocrx_word' id='word_1_156' title='bbox 865 1047 913 1067; x_wconf 91' lang='lat' dir='ltr'><strong>cur</strong></span> <span class='ocrx_word' id='word_1_157' title='bbox 927 1040 1043 1074; x_wconf 85' lang='lat' dir='ltr'><strong>scriptus</strong></span> 
     </span>
    </p>
   </div>
   <div class='ocr_carea' id='block_1_24' title="bbox 261 1085 1042 1120">
    <p class='ocr_par' dir='ltr' id='par_1_24' title="bbox 261 1085 1042 1120">
     <span class='ocr_line' id='line_1_24' title="bbox 261 1085 1042 1120; baseline 0 -8"><span class='ocrx_word' id='word_1_158' title='bbox 261 1086 295 1113; x_wconf 81' lang='lat' dir='ltr'><strong>ab</strong></span> <span class='ocrx_word' id='word_1_159' title='bbox 309 1085 469 1112; x_wconf 83' lang='lat' dir='ltr'><strong>Adamantio</strong></span> <span class='ocrx_word' id='word_1_160' title='bbox 486 1085 535 1112; x_wconf 90' lang='lat' dir='ltr'><strong>iste</strong></span> <span class='ocrx_word' id='word_1_161' title='bbox 553 1085 620 1112; x_wconf 81' lang='lat' dir='ltr'><strong>liber</strong></span> <span class='ocrx_word' id='word_1_162' title='bbox 633 1086 754 1113; x_wconf 86' lang='lat' dir='ltr'><strong>creditus</strong></span> <span class='ocrx_word' id='word_1_163' title='bbox 779 1085 823 1117; x_wconf 88' lang='lat' dir='ltr'><strong>sit,</strong></span> <span class='ocrx_word' id='word_1_164' title='bbox 843 1085 914 1120; x_wconf 89' lang='lat' dir='ltr'><strong>quod</strong></span> <span class='ocrx_word' id='word_1_165' title='bbox 932 1090 1042 1120; x_wconf 85' lang='lat' dir='ltr'><strong>sponta-</strong></span> 
     </span>
    </p>
   </div>
   <div class='ocr_carea' id='block_1_25' title="bbox 260 1131 1044 1167">
    <p class='ocr_par' dir='ltr' id='par_1_25' title="bbox 260 1131 1044 1167">
     <span class='ocr_line' id='line_1_25' title="bbox 260 1131 1044 1167; baseline 0 -9"><span class='ocrx_word' id='word_1_166' title='bbox 260 1138 338 1158; x_wconf 86' lang='lat' dir='ltr'><strong>neam</strong></span> <span class='ocrx_word' id='word_1_167' title='bbox 364 1131 558 1158; x_wconf 83' lang='lat' dir='ltr'><strong>castrationem</strong></span> <span class='ocrx_word' id='word_1_168' title='bbox 583 1139 635 1159; x_wconf 93' lang='lat' dir='ltr'><strong>non</strong></span> <span class='ocrx_word' id='word_1_169' title='bbox 657 1132 865 1167; x_wconf 85' lang='lat' dir='ltr'><strong>improbaverit;</strong></span> <span class='ocrx_word' id='word_1_170' title='bbox 890 1139 971 1166; x_wconf 89' lang='lat' dir='ltr'><strong>atque</strong></span> <span class='ocrx_word' id='word_1_171' title='bbox 993 1133 1044 1159; x_wconf 87' lang='lat' dir='ltr'><strong>hoc</strong></span> 
     </span>
    </p>
   </div>
   <div class='ocr_carea' id='block_1_26' title="bbox 260 1177 1041 1213">
    <p class='ocr_par' dir='ltr' id='par_1_26' title="bbox 260 1177 1041 1213">
     <span class='ocr_line' id='line_1_26' title="bbox 260 1177 1041 1213; baseline 0.001 -10"><span class='ocrx_word' id='word_1_172' title='bbox 260 1177 331 1204; x_wconf 91' lang='lat' dir='ltr'><strong>idem</strong></span> <span class='ocrx_word' id='word_1_173' title='bbox 355 1183 543 1212; x_wconf 78' lang='lat' dir='ltr'><strong>argumentum</strong></span> <span class='ocrx_word' id='word_1_174' title='bbox 571 1179 711 1212; x_wconf 83' lang='lat' dir='ltr'><strong>usurpavit</strong></span> <span class='ocrx_word' id='word_1_175' title='bbox 728 1178 871 1206; x_wconf 61' lang='lat' dir='ltr'><strong>‘Pamelius</strong></span> <span class='ocrx_word' id='word_1_176' title='bbox 892 1188 899 1205; x_wconf 82' lang='lat'><strong>:</strong></span> <span class='ocrx_word' id='word_1_177' title='bbox 918 1188 927 1204; x_wconf 73' lang='grc' dir='ltr'>ι</span> <span class='ocrx_word' id='word_1_178' title='bbox 950 1178 1041 1213; x_wconf 88' lang='lat' dir='ltr'><strong>Atqui,</strong></span> 
     </span>
    </p>
   </div>
   <div class='ocr_carea' id='block_1_27' title="bbox 259 1223 1042 1259">
    <p class='ocr_par' dir='ltr' id='par_1_27' title="bbox 259 1223 1042 1259">
     <span class='ocr_line' id='line_1_27' title="bbox 259 1223 1042 1259; baseline 0.001 -8"><span class='ocrx_word' id='word_1_179' title='bbox 259 1224 347 1258; x_wconf 83' lang='lat' dir='ltr'><strong>inquit</strong></span> <span class='ocrx_word' id='word_1_180' title='bbox 363 1224 504 1256; x_wconf 85' lang='lat' dir='ltr'><strong>Baronius,</strong></span> <span class='ocrx_word' id='word_1_181' title='bbox 520 1223 668 1251; x_wconf 83' lang='lat' dir='ltr'><strong>debuerunt</strong></span> <span class='ocrx_word' id='word_1_182' title='bbox 689 1224 715 1250; x_wconf 94' lang='lat' dir='ltr'><strong>hi</strong></span> <span class='ocrx_word' id='word_1_183' title='bbox 732 1225 887 1252; x_wconf 87' lang='lat' dir='ltr'><strong>meminisse</strong></span> <span class='ocrx_word' id='word_1_184' title='bbox 908 1225 994 1259; x_wconf 85' lang='lat' dir='ltr'><strong>aliqua</strong></span> <span class='ocrx_word' id='word_1_185' title='bbox 1009 1233 1042 1252; x_wconf 75' lang='lat' dir='ltr'><strong>ex</strong></span> 
     </span>
    </p>
   </div>
   <div class='ocr_carea' id='block_1_28' title="bbox 259 1269 1040 1304">
    <p class='ocr_par' dir='ltr' id='par_1_28' title="bbox 259 1269 1040 1304">
     <span class='ocr_line' id='line_1_28' title="bbox 259 1269 1040 1304; baseline 0 -8"><span class='ocrx_word' id='word_1_186' title='bbox 259 1274 337 1304; x_wconf 79' lang='lat' dir='ltr'><strong>parte</strong></span> <span class='ocrx_word' id='word_1_187' title='bbox 360 1269 494 1295; x_wconf 84' lang='lat' dir='ltr'><strong>laudatum</strong></span> <span class='ocrx_word' id='word_1_188' title='bbox 515 1276 622 1304; x_wconf 87' lang='lat' dir='ltr'><strong>quoque</strong></span> <span class='ocrx_word' id='word_1_189' title='bbox 648 1276 663 1295; x_wconf 90' lang='lat' dir='ltr'><strong>a</strong></span> <span class='ocrx_word' id='word_1_190' title='bbox 691 1269 803 1296; x_wconf 88' lang='lat' dir='ltr'><strong>Domino</strong></span> <span class='ocrx_word' id='word_1_191' title='bbox 826 1270 943 1297; x_wconf 87' lang='lat' dir='ltr'><strong>villicum</strong></span> <span class='ocrx_word' id='word_1_192' title='bbox 969 1271 1040 1297; x_wconf 87' lang='lat' dir='ltr'><strong>illum</strong></span> 
     </span>
    </p>
   </div>
   <div class='ocr_carea' id='block_1_29' title="bbox 260 1313 1043 1349">
    <p class='ocr_par' dir='ltr' id='par_1_29' title="bbox 260 1313 1043 1349">
     <span class='ocr_line' id='line_1_29' title="bbox 260 1313 1043 1349; baseline 0.003 -9"><span class='ocrx_word' id='word_1_193' title='bbox 260 1313 420 1348; x_wconf 83' lang='lat' dir='ltr'><strong>iniquitatis,</strong></span> <span class='ocrx_word' id='word_1_194' title='bbox 433 1321 493 1340; x_wconf 91' lang='lat' dir='ltr'><strong>cum</strong></span> <span class='ocrx_word' id='word_1_195' title='bbox 508 1313 606 1347; x_wconf 83' lang='lat' dir='ltr'><strong>alioqui</strong></span> <span class='ocrx_word' id='word_1_196' title='bbox 622 1314 691 1340; x_wconf 91' lang='lat' dir='ltr'><strong>idem</strong></span> <span class='ocrx_word' id='word_1_197' title='bbox 706 1321 800 1342; x_wconf 85' lang='lat' dir='ltr'><strong>auctor</strong></span> <span class='ocrx_word' id='word_1_198' title='bbox 813 1314 844 1342; x_wconf 89' lang='lat' dir='ltr'><strong>de</strong></span> <span class='ocrx_word' id='word_1_199' title='bbox 867 1315 909 1341; x_wconf 86' lang='lat' dir='ltr'><strong>his</strong></span> <span class='ocrx_word' id='word_1_200' title='bbox 924 1315 969 1349; x_wconf 91' lang='lat' dir='ltr'><strong>qui</strong></span> <span class='ocrx_word' id='word_1_201' title='bbox 986 1316 1043 1342; x_wconf 72' lang='lat' dir='ltr'><strong>haec</strong></span> 
     </span>
    </p>
   </div>
   <div class='ocr_carea' id='block_1_30' title="bbox 259 1357 1041 1392">
    <p class='ocr_par' dir='ltr' id='par_1_30' title="bbox 259 1357 1041 1392">
     <span class='ocr_line' id='line_1_30' title="bbox 259 1357 1041 1392; baseline 0.003 -8"><span class='ocrx_word' id='word_1_202' title='bbox 259 1363 467 1392; x_wconf 82' lang='lat' dir='ltr'><strong>perpetrarent,</strong></span> <span class='ocrx_word' id='word_1_203' title='bbox 495 1358 548 1385; x_wconf 84' lang='lat' dir='ltr'><strong>alio</strong></span> <span class='ocrx_word' id='word_1_204' title='bbox 580 1357 781 1386; x_wconf 86' lang='lat' dir='ltr'><strong>Commentario</strong></span> <span class='ocrx_word' id='word_1_205' title='bbox 806 1367 835 1386; x_wconf 87' lang='lat' dir='ltr'><strong>se</strong></span> <span class='ocrx_word' id='word_1_206' title='bbox 864 1363 1041 1386; x_wconf 87' lang='lat' dir='ltr'><strong>tractaturum</strong></span> 
     </span>
    </p>
   </div>
   <div class='ocr_carea' id='block_1_31' title="bbox 259 1401 1043 1436">
    <p class='ocr_par' dir='ltr' id='par_1_31' title="bbox 259 1401 1043 1436">
     <span class='ocr_line' id='line_1_31' title="bbox 259 1401 1043 1436; baseline 0.004 -8"><span class='ocrx_word' id='word_1_207' title='bbox 259 1401 400 1435; x_wconf 80' lang='lat' dir='ltr'><strong>spondeat.</strong></span> <span class='ocrx_word' id='word_1_208' title='bbox 421 1410 430 1427; x_wconf 71' lang='grc' dir='ltr'>ι</span> <span class='ocrx_word' id='word_1_209' title='bbox 454 1401 551 1429; x_wconf 85' lang='lat' dir='ltr'><strong>Utilius</strong></span> <span class='ocrx_word' id='word_1_210' title='bbox 569 1403 751 1436; x_wconf 74' lang='lat' dir='ltr'><strong>respondisset</strong></span> <span class='ocrx_word' id='word_1_211' title='bbox 765 1403 905 1435; x_wconf 82' lang='lat' dir='ltr'><strong>Baronius,</strong></span> <span class='ocrx_word' id='word_1_212' title='bbox 924 1404 1043 1431; x_wconf 86' lang='lat' dir='ltr'><strong>sidixis-</strong></span> 
     </span>
    </p>
   </div>
   <div class='ocr_carea' id='block_1_32' title="bbox 259 1448 1042 1483">
    <p class='ocr_par' dir='ltr' id='par_1_32' title="bbox 259 1448 1042 1483">
     <span class='ocr_line' id='line_1_32' title="bbox 259 1448 1042 1483; baseline 0.003 -9"><span class='ocrx_word' id='word_1_213' title='bbox 259 1451 302 1474; x_wconf 85' lang='lat' dir='ltr'><strong>set</strong></span> <span class='ocrx_word' id='word_1_214' title='bbox 316 1448 480 1475; x_wconf 80' lang='lat' dir='ltr'><strong>exsectiouis</strong></span> <span class='ocrx_word' id='word_1_215' title='bbox 491 1455 545 1475; x_wconf 71' lang='lat' dir='ltr'><strong>sua:</strong></span> <span class='ocrx_word' id='word_1_216' title='bbox 556 1448 700 1483; x_wconf 86' lang='lat' dir='ltr'><strong>Origenem</strong></span> <span class='ocrx_word' id='word_1_217' title='bbox 712 1450 880 1483; x_wconf 60' lang='lat' dir='ltr'><strong>paenituisse,</strong></span> <span class='ocrx_word' id='word_1_218' title='bbox 891 1455 917 1476; x_wconf 90' lang='lat' dir='ltr'><strong>et</strong></span> <span class='ocrx_word' id='word_1_219' title='bbox 931 1458 945 1476; x_wconf 92' lang='lat' dir='ltr'><strong>a</strong></span> <span class='ocrx_word' id='word_1_220' title='bbox 962 1451 1042 1477; x_wconf 84' lang='lat' dir='ltr'><strong>simili</strong></span> 
     </span>
    </p>
   </div>
   <div class='ocr_carea' id='block_1_33' title="bbox 261 1492 1041 1527">
    <p class='ocr_par' dir='ltr' id='par_1_33' title="bbox 261 1492 1041 1527">
     <span class='ocr_line' id='line_1_33' title="bbox 261 1492 1041 1527; baseline 0.005 -9"><span class='ocrx_word' id='word_1_221' title='bbox 261 1492 384 1520; x_wconf 80' lang='lat' dir='ltr'><strong>facinore</strong></span> <span class='ocrx_word' id='word_1_222' title='bbox 399 1493 516 1527; x_wconf 89' lang='lat' dir='ltr'><strong>reliquos</strong></span> <span class='ocrx_word' id='word_1_223' title='bbox 533 1494 713 1521; x_wconf 73' lang='lat' dir='ltr'><strong>absterruisse</strong></span> <span class='ocrx_word' id='word_1_224' title='bbox 736 1494 763 1521; x_wconf 91' lang='lat' dir='ltr'><strong>in</strong></span> <span class='ocrx_word' id='word_1_225' title='bbox 784 1494 993 1523; x_wconf 81' lang='lat' dir='ltr'><strong>Commentariis</strong></span> <span class='ocrx_word' id='word_1_226' title='bbox 1009 1496 1041 1522; x_wconf 86' lang='lat' dir='ltr'><strong>ad</strong></span> 
     </span>
    </p>
   </div>
   <div class='ocr_carea' id='block_1_34' title="bbox 263 1537 1042 1576">
    <p class='ocr_par' dir='ltr' id='par_1_34' title="bbox 263 1537 1042 1576">
     <span class='ocr_line' id='line_1_34' title="bbox 263 1537 1042 1576; baseline 0.006 -12"><span class='ocrx_word' id='word_1_227' title='bbox 263 1538 435 1573; x_wconf 84' lang='lat' dir='ltr'><strong>Evangelium</strong></span> <span class='ocrx_word' id='word_1_228' title='bbox 463 1537 592 1566; x_wconf 64' lang='lat' dir='ltr'><strong>Matthrei.</strong></span> <span class='ocrx_word' id='word_1_229' title='bbox 620 1539 696 1573; x_wconf 84' lang='lat' dir='ltr'><strong>Quod</strong></span> <span class='ocrx_word' id='word_1_230' title='bbox 715 1548 779 1575; x_wconf 85' lang='lat' dir='ltr'><strong>ergo</strong></span> <span class='ocrx_word' id='word_1_231' title='bbox 804 1541 830 1567; x_wconf 94' lang='lat' dir='ltr'><strong>in</strong></span> <span class='ocrx_word' id='word_1_232' title='bbox 857 1545 1042 1576; x_wconf 79' lang='lat' dir='ltr'><strong>argumentum</strong></span> 
     </span>
    </p>
   </div>
   <div class='ocr_carea' id='block_1_35' title="bbox 263 1586 1044 1621">
    <p class='ocr_par' dir='ltr' id='par_1_35' title="bbox 263 1586 1044 1621">
     <span class='ocr_line' id='line_1_35' title="bbox 263 1586 1044 1621; baseline 0.006 -11"><span class='ocrx_word' id='word_1_233' title='bbox 263 1589 402 1611; x_wconf 84' lang='lat' dir='ltr'><strong>traxerunt</strong></span> <span class='ocrx_word' id='word_1_234' title='bbox 420 1586 550 1617; x_wconf 91' lang='lat' dir='ltr'><strong>nonnulli,</strong></span> <span class='ocrx_word' id='word_1_235' title='bbox 568 1591 597 1613; x_wconf 87' lang='lat' dir='ltr'><strong>ut</strong></span> <span class='ocrx_word' id='word_1_236' title='bbox 616 1586 713 1612; x_wconf 87' lang='lat' dir='ltr'><strong>librum</strong></span> <span class='ocrx_word' id='word_1_237' title='bbox 735 1586 772 1613; x_wconf 78' lang='lat' dir='ltr'><strong>De</strong></span> <span class='ocrx_word' id='word_1_238' title='bbox 793 1587 977 1621; x_wconf 77' lang='lat' dir='ltr'><strong>singularitote</strong></span> <span class='ocrx_word' id='word_1_239' title='bbox 992 1588 1044 1616; x_wconf 80' lang='lat' dir='ltr'><strong>cle-</strong></span> 
     </span>
    </p>
   </div>
   <div class='ocr_carea' id='block_1_36' title="bbox 262 1628 1044 1666">
    <p class='ocr_par' dir='ltr' id='par_1_36' title="bbox 262 1628 1044 1666">
     <span class='ocr_line' id='line_1_36' title="bbox 262 1628 1044 1666; baseline 0.006 -12"><span class='ocrx_word' id='word_1_240' title='bbox 262 1628 377 1655; x_wconf 79' lang='lat' dir='ltr'><strong>ricorum</strong></span> <span class='ocrx_word' id='word_1_241' title='bbox 397 1630 504 1664; x_wconf 79' lang='lat' dir='ltr'><strong>Origeni</strong></span> <span class='ocrx_word' id='word_1_242' title='bbox 527 1631 704 1664; x_wconf 85' lang='lat' dir='ltr'><strong>ascriberent,</strong></span> <span class='ocrx_word' id='word_1_243' title='bbox 721 1632 791 1666; x_wconf 91' lang='lat' dir='ltr'><strong>quod</strong></span> <span class='ocrx_word' id='word_1_244' title='bbox 808 1639 902 1666; x_wconf 83' lang='lat' dir='ltr'><strong>nempe</strong></span> <span class='ocrx_word' id='word_1_245' title='bbox 922 1632 1044 1660; x_wconf 83' lang='lat' dir='ltr'><strong>volunta-</strong></span> 
     </span>
    </p>
   </div>
   <div class='ocr_carea' id='block_1_37' title="bbox 262 1675 1044 1714">
    <p class='ocr_par' dir='ltr' id='par_1_37' title="bbox 262 1675 1044 1714">
     <span class='ocr_line' id='line_1_37' title="bbox 262 1675 1044 1714; baseline 0.009 -13"><span class='ocrx_word' id='word_1_246' title='bbox 262 1675 329 1701; x_wconf 84' lang='lat' dir='ltr'><strong>riam</strong></span> <span class='ocrx_word' id='word_1_247' title='bbox 357 1675 514 1710; x_wconf 73' lang='lat' dir='ltr'><strong>genitalium</strong></span> <span class='ocrx_word' id='word_1_248' title='bbox 547 1677 756 1711; x_wconf 88' lang='lat' dir='ltr'><strong>amputationem</strong></span> <span class='ocrx_word' id='word_1_249' title='bbox 784 1685 837 1705; x_wconf 94' lang='lat' dir='ltr'><strong>non</strong></span> <span class='ocrx_word' id='word_1_250' title='bbox 865 1680 1044 1714; x_wconf 80' lang='lat' dir='ltr'><strong>damnaverit,</strong></span> 
     </span>
    </p>
   </div>
   <div class='ocr_carea' id='block_1_38' title="bbox 262 1718 1041 1759">
    <p class='ocr_par' dir='ltr' id='par_1_38' title="bbox 262 1718 1041 1759">
     <span class='ocr_line' id='line_1_38' title="bbox 262 1718 1041 1759; baseline 0.009 -14"><span class='ocrx_word' id='word_1_251' title='bbox 262 1718 377 1753; x_wconf 87' lang='lat' dir='ltr'><strong>idipsum</strong></span> <span class='ocrx_word' id='word_1_252' title='bbox 399 1720 497 1747; x_wconf 86' lang='lat' dir='ltr'><strong>indicio</strong></span> <span class='ocrx_word' id='word_1_253' title='bbox 514 1721 578 1747; x_wconf 88' lang='lat' dir='ltr'><strong>mihi</strong></span> <span class='ocrx_word' id='word_1_254' title='bbox 594 1725 637 1747; x_wconf 85' lang='lat' dir='ltr'><strong>est</strong></span> <span class='ocrx_word' id='word_1_255' title='bbox 650 1721 749 1748; x_wconf 90' lang='lat' dir='ltr'><strong>librum</strong></span> <span class='ocrx_word' id='word_1_256' title='bbox 764 1729 816 1748; x_wconf 89' lang='lat' dir='ltr'><strong>non</strong></span> <span class='ocrx_word' id='word_1_257' title='bbox 828 1730 887 1750; x_wconf 86' lang='lat' dir='ltr'><strong>esse</strong></span> <span class='ocrx_word' id='word_1_258' title='bbox 901 1723 1041 1759; x_wconf 75' lang='lat' dir='ltr'><strong>Origenis;</strong></span> 
     </span>
    </p>
   </div>
   <div class='ocr_carea' id='block_1_39' title="bbox 260 1766 1042 1805">
    <p class='ocr_par' dir='ltr' id='par_1_39' title="bbox 260 1766 1042 1805">
     <span class='ocr_line' id='line_1_39' title="bbox 260 1766 1042 1805; baseline 0.008 -13"><span class='ocrx_word' id='word_1_259' title='bbox 260 1766 360 1801; x_wconf 87' lang='lat' dir='ltr'><strong>quippe</strong></span> <span class='ocrx_word' id='word_1_260' title='bbox 373 1773 453 1801; x_wconf 86' lang='lat' dir='ltr'><strong>quem</strong></span> <span class='ocrx_word' id='word_1_261' title='bbox 465 1768 543 1795; x_wconf 89' lang='lat' dir='ltr'><strong>annis</strong></span> <span class='ocrx_word' id='word_1_262' title='bbox 554 1769 750 1803; x_wconf 81' lang='lat' dir='ltr'><strong>pmvectiorem</strong></span> <span class='ocrx_word' id='word_1_263' title='bbox 764 1768 893 1797; x_wconf 81' lang='lat' dir='ltr'><strong>facinoris</strong></span> <span class='ocrx_word' id='word_1_264' title='bbox 906 1770 932 1797; x_wconf 90' lang='lat' dir='ltr'><strong>in</strong></span> <span class='ocrx_word' id='word_1_265' title='bbox 945 1771 1042 1805; x_wconf 86' lang='lat' dir='ltr'><strong>juven-</strong></span> 
     </span>
    </p>
   </div>
   <div class='ocr_carea' id='block_1_40' title="bbox 262 1812 1044 1852">
    <p class='ocr_par' dir='ltr' id='par_1_40' title="bbox 262 1812 1044 1852">
     <span class='ocr_line' id='line_1_40' title="bbox 262 1812 1044 1852; baseline 0.009 -15"><span class='ocrx_word' id='word_1_266' title='bbox 262 1812 327 1839; x_wconf 88' lang='lat' dir='ltr'><strong>tutis</strong></span> <span class='ocrx_word' id='word_1_267' title='bbox 342 1813 432 1840; x_wconf 87' lang='lat' dir='ltr'><strong>calore</strong></span> <span class='ocrx_word' id='word_1_268' title='bbox 444 1813 553 1841; x_wconf 83' lang='lat' dir='ltr'><strong>admissi</strong></span> <span class='ocrx_word' id='word_1_269' title='bbox 568 1814 734 1849; x_wconf 68' lang='lat' dir='ltr'><strong>pmoituerit.</strong></span> <span class='ocrx_word' id='word_1_270' title='bbox 749 1815 864 1846; x_wconf 84' lang='lat' dir='ltr'><strong>Baronio</strong></span> <span class='ocrx_word' id='word_1_271' title='bbox 874 1824 907 1843; x_wconf 78' lang='lat' dir='ltr'><strong>ex</strong></span> <span class='ocrx_word' id='word_1_272' title='bbox 920 1816 1044 1852; x_wconf 85' lang='lat' dir='ltr'><strong>Origenis</strong></span> 
     </span>
    </p>
   </div>
   <div class='ocr_carea' id='block_1_41' title="bbox 263 1857 1043 1897">
    <p class='ocr_par' dir='ltr' id='par_1_41' title="bbox 263 1857 1043 1897">
     <span class='ocr_line' id='line_1_41' title="bbox 263 1857 1043 1897; baseline 0.01 -14"><span class='ocrx_word' id='word_1_273' title='bbox 263 1857 365 1884; x_wconf 79' lang='lat' dir='ltr'><strong>familia</strong></span> <span class='ocrx_word' id='word_1_274' title='bbox 383 1858 466 1885; x_wconf 88' lang='lat' dir='ltr'><strong>fetum</strong></span> <span class='ocrx_word' id='word_1_275' title='bbox 483 1859 554 1887; x_wconf 86' lang='lat' dir='ltr'><strong>hunc</strong></span> <span class='ocrx_word' id='word_1_276' title='bbox 576 1861 720 1895; x_wconf 87' lang='lat' dir='ltr'><strong>depellenti</strong></span> <span class='ocrx_word' id='word_1_277' title='bbox 744 1862 905 1897; x_wconf 87' lang='lat' dir='ltr'><strong>astipulatur</strong></span> <span class='ocrx_word' id='word_1_278' title='bbox 918 1863 1043 1891; x_wconf 87' lang='lat' dir='ltr'><strong>codicum</strong></span> 
     </span>
    </p>
   </div>
   <div class='ocr_carea' id='block_1_42' title="bbox 262 1903 1042 1943">
    <p class='ocr_par' dir='ltr' id='par_1_42' title="bbox 262 1903 1042 1943">
     <span class='ocr_line' id='line_1_42' title="bbox 262 1903 1042 1943; baseline 0.008 -13"><span class='ocrx_word' id='word_1_279' title='bbox 262 1903 406 1937; x_wconf 88' lang='lat' dir='ltr'><strong>dissensio,</strong></span> <span class='ocrx_word' id='word_1_280' title='bbox 426 1913 540 1939; x_wconf 88' lang='lat' dir='ltr'><strong>quorqu</strong></span> <span class='ocrx_word' id='word_1_281' title='bbox 561 1906 608 1933; x_wconf 86' lang='lat' dir='ltr'><strong>alii</strong></span> <span class='ocrx_word' id='word_1_282' title='bbox 630 1906 806 1942; x_wconf 83' lang='lat' dir='ltr'><strong>Hieronymo,</strong></span> <span class='ocrx_word' id='word_1_283' title='bbox 823 1908 972 1943; x_wconf 79' lang='lat' dir='ltr'><strong>Augustino</strong></span> <span class='ocrx_word' id='word_1_284' title='bbox 987 1909 1042 1942; x_wconf 89' lang='lat' dir='ltr'><strong>alii,</strong></span> 
     </span>
    </p>
   </div>
   <div class='ocr_carea' id='block_1_43' title="bbox 262 1949 1043 1987">
    <p class='ocr_par' dir='ltr' id='par_1_43' title="bbox 262 1949 1043 1987">
     <span class='ocr_line' id='line_1_43' title="bbox 262 1949 1043 1987; baseline 0.006 -11"><span class='ocrx_word' id='word_1_285' title='bbox 262 1949 384 1984; x_wconf 89' lang='lat' dir='ltr'><strong>plerique</strong></span> <span class='ocrx_word' id='word_1_286' title='bbox 405 1950 540 1985; x_wconf 88' lang='lat' dir='ltr'><strong>Cypriauo</strong></span> <span class='ocrx_word' id='word_1_287' title='bbox 563 1953 711 1987; x_wconf 76' lang='lat' dir='ltr'><strong>assignant.</strong></span> <span class='ocrx_word' id='word_1_288' title='bbox 738 1953 867 1982; x_wconf 83' lang='lat' dir='ltr'><strong>Erasmus</strong></span> <span class='ocrx_word' id='word_1_289' title='bbox 891 1955 924 1982; x_wconf 90' lang='lat' dir='ltr'><strong>ad</strong></span> <span class='ocrx_word' id='word_1_290' title='bbox 943 1955 1043 1983; x_wconf 87' lang='lat' dir='ltr'><strong>calcem</strong></span> 
     </span>
    </p>
   </div>
   <div class='ocr_carea' id='block_1_44' title="bbox 262 1995 1042 2034">
    <p class='ocr_par' dir='ltr' id='par_1_44' title="bbox 262 1995 1042 2034">
     <span class='ocr_line' id='line_1_44' title="bbox 262 1995 1042 2034; baseline 0.008 -12"><span class='ocrx_word' id='word_1_291' title='bbox 262 1995 322 2022; x_wconf 90' lang='lat' dir='ltr'><strong>libri</strong></span> <span class='ocrx_word' id='word_1_292' title='bbox 346 1997 487 2031; x_wconf 80' lang='lat' dir='ltr'><strong>Augustini</strong></span> <span class='ocrx_word' id='word_1_293' title='bbox 504 1997 540 2024; x_wconf 85' lang='lat' dir='ltr'><strong>De</strong></span> <span class='ocrx_word' id='word_1_294' title='bbox 568 1998 633 2024; x_wconf 82' lang='lat' dir='ltr'><strong>bono</strong></span> <span class='ocrx_word' id='word_1_295' title='bbox 659 1999 797 2026; x_wconf 75' lang='lat' dir='ltr'><strong>viduitatis</strong></span> <span class='ocrx_word' id='word_1_296' title='bbox 812 2006 820 2024; x_wconf 93' lang='lat'><em>:</em></span> <span class='ocrx_word' id='word_1_297' title='bbox 835 2009 844 2024; x_wconf 77' lang='grc' dir='ltr'><strong>ε</strong></span> <span class='ocrx_word' id='word_1_298' title='bbox 864 1999 1042 2034; x_wconf 86' lang='lat' dir='ltr'><strong>Sequebatur,</strong></span> 
     </span>
    </p>
   </div>
   <div class='ocr_carea' id='block_1_45' title="bbox 262 2041 1043 2079">
    <p class='ocr_par' dir='ltr' id='par_1_45' title="bbox 262 2041 1043 2079">
     <span class='ocr_line' id='line_1_45' title="bbox 262 2041 1043 2079; baseline 0.006 -11"><span class='ocrx_word' id='word_1_299' title='bbox 262 2041 362 2076; x_wconf 87' lang='lat' dir='ltr'><strong>inquit,</strong></span> <span class='ocrx_word' id='word_1_300' title='bbox 377 2042 427 2070; x_wconf 88' lang='lat' dir='ltr'><strong>hoc</strong></span> <span class='ocrx_word' id='word_1_301' title='bbox 444 2043 502 2070; x_wconf 89' lang='lat' dir='ltr'><strong>loco</strong></span> <span class='ocrx_word' id='word_1_302' title='bbox 515 2043 620 2070; x_wconf 83' lang='lat' dir='ltr'><strong>libellus</strong></span> <span class='ocrx_word' id='word_1_303' title='bbox 632 2043 669 2070; x_wconf 88' lang='lat' dir='ltr'><strong>De</strong></span> <span class='ocrx_word' id='word_1_304' title='bbox 683 2045 865 2079; x_wconf 77' lang='lat' dir='ltr'><strong>ringularitate</strong></span> <span class='ocrx_word' id='word_1_305' title='bbox 880 2046 1043 2079; x_wconf 74' lang='lat' dir='ltr'><strong>clericorum,</strong></span> 
     </span>
    </p>
   </div>
   <div class='ocr_carea' id='block_1_46' title="bbox 261 2082 1045 2125">
    <p class='ocr_par' dir='ltr' id='par_1_46' title="bbox 261 2082 1045 2125">
     <span class='ocr_line' id='line_1_46' title="bbox 261 2082 1045 2125; baseline 0.008 -11"><span class='ocrx_word' id='word_1_306' title='bbox 261 2089 309 2122; x_wconf 88' lang='lat' dir='ltr'><strong>qui</strong></span> <span class='ocrx_word' id='word_1_307' title='bbox 323 2089 402 2116; x_wconf 85' lang='lat' dir='ltr'><strong>toties</strong></span> <span class='ocrx_word' id='word_1_308' title='bbox 413 2093 440 2115; x_wconf 89' lang='lat' dir='ltr'><strong>et</strong></span> <span class='ocrx_word' id='word_1_309' title='bbox 451 2088 620 2124; x_wconf 90' lang='lat' dir='ltr'><strong>Hieronymi,</strong></span> <span class='ocrx_word' id='word_1_310' title='bbox 633 2095 660 2116; x_wconf 89' lang='lat' dir='ltr'><strong>et</strong></span> <span class='ocrx_word' id='word_1_311' title='bbox 671 2082 796 2125; x_wconf 85' lang='lat' dir='ltr'><strong>Cypriani</strong></span> <span class='ocrx_word' id='word_1_312' title='bbox 813 2091 920 2118; x_wconf 91' lang='lat' dir='ltr'><strong>nomine</strong></span> <span class='ocrx_word' id='word_1_313' title='bbox 929 2100 1045 2120; x_wconf 74' lang='lat' dir='ltr'><strong>excursus</strong></span> 
     </span>
    </p>
   </div>
   <div class='ocr_carea' id='block_1_47' title="bbox 261 2135 1042 2173">
    <p class='ocr_par' dir='ltr' id='par_1_47' title="bbox 261 2135 1042 2173">
     <span class='ocr_line' id='line_1_47' title="bbox 261 2135 1042 2173; baseline 0.005 -12"><span class='ocrx_word' id='word_1_314' title='bbox 261 2138 313 2166; x_wconf 88' lang='lat' dir='ltr'><strong>est,</strong></span> <span class='ocrx_word' id='word_1_315' title='bbox 330 2142 390 2161; x_wconf 86' lang='lat' dir='ltr'><strong>cum</strong></span> <span class='ocrx_word' id='word_1_316' title='bbox 406 2136 512 2169; x_wconf 89' lang='lat' dir='ltr'><strong>phrasis</strong></span> <span class='ocrx_word' id='word_1_317' title='bbox 529 2143 578 2162; x_wconf 88' lang='lat' dir='ltr'><strong>ncc</strong></span> <span class='ocrx_word' id='word_1_318' title='bbox 593 2135 854 2171; x_wconf 83' lang='lat' dir='ltr'><strong>llier0nyuium,uec</strong></span> <span class='ocrx_word' id='word_1_319' title='bbox 869 2138 1042 2173; x_wconf 82' lang='lat' dir='ltr'><strong>Cyprianum,</strong></span> 
     </span>
    </p>
   </div>
   <div class='ocr_carea' id='block_1_48' title="bbox 1092 210 1871 251">
    <p class='ocr_par' dir='ltr' id='par_1_48' title="bbox 1092 210 1871 251">
     <span class='ocr_line' id='line_1_48' title="bbox 1092 210 1871 251; baseline -0.013 -5"><span class='ocrx_word' id='word_1_320' title='bbox 1092 219 1171 246; x_wconf 90' lang='lat' dir='ltr'><strong>nibus</strong></span> <span class='ocrx_word' id='word_1_321' title='bbox 1184 218 1325 246; x_wconf 83' lang='lat' dir='ltr'><strong>contendit</strong></span> <span class='ocrx_word' id='word_1_322' title='bbox 1338 226 1346 244; x_wconf 86' lang='lat'><strong>:</strong></span> <span class='ocrx_word' id='word_1_323' title='bbox 1362 224 1451 251; x_wconf 86' lang='lat' dir='ltr'><strong>neque</strong></span> <span class='ocrx_word' id='word_1_324' title='bbox 1462 223 1523 245; x_wconf 86' lang='lat' dir='ltr'><strong>eum</strong></span> <span class='ocrx_word' id='word_1_325' title='bbox 1535 217 1626 241; x_wconf 80' lang='lat' dir='ltr'><strong>movet</strong></span> <span class='ocrx_word' id='word_1_326' title='bbox 1639 212 1702 248; x_wconf 80' lang='lat' dir='ltr'><strong>styli</strong></span> <span class='ocrx_word' id='word_1_327' title='bbox 1719 210 1871 243; x_wconf 79' lang='lat' dir='ltr'><strong>disparitas,</strong></span> 
     </span>
    </p>
   </div>
   <div class='ocr_carea' id='block_1_49' title="bbox 1091 256 1874 300">
    <p class='ocr_par' dir='ltr' id='par_1_49' title="bbox 1091 256 1874 300">
     <span class='ocr_line' id='line_1_49' title="bbox 1091 256 1874 300; baseline -0.008 -10"><span class='ocrx_word' id='word_1_328' title='bbox 1091 265 1161 300; x_wconf 87' lang='lat' dir='ltr'><strong>quod</strong></span> <span class='ocrx_word' id='word_1_329' title='bbox 1181 271 1234 291; x_wconf 90' lang='lat' dir='ltr'><strong>non</strong></span> <span class='ocrx_word' id='word_1_330' title='bbox 1248 264 1370 290; x_wconf 70' lang='lat' dir='ltr'><strong>cumulem</strong></span> <span class='ocrx_word' id='word_1_331' title='bbox 1387 269 1494 296; x_wconf 87' lang='lat' dir='ltr'><strong>semper</strong></span> <span class='ocrx_word' id='word_1_332' title='bbox 1511 259 1571 292; x_wconf 80' lang='lat' dir='ltr'><strong>styli</strong></span> <span class='ocrx_word' id='word_1_333' title='bbox 1587 264 1707 286; x_wconf 88' lang='lat' dir='ltr'><strong>tenorem</strong></span> <span class='ocrx_word' id='word_1_334' title='bbox 1721 256 1874 291; x_wconf 84' lang='lat' dir='ltr'><strong>Cyprianus</strong></span> 
     </span>
    </p>
   </div>
   <div class='ocr_carea' id='block_1_50' title="bbox 1092 310 1251 337">
    <p class='ocr_par' dir='ltr' id='par_1_50' title="bbox 1092 310 1251 337">
     <span class='ocr_line' id='line_1_50' title="bbox 1092 310 1251 337; baseline 0 0"><span class='ocrx_word' id='word_1_335' title='bbox 1092 310 1251 337; x_wconf 84' lang='lat' dir='ltr'><strong>servaverit.</strong></span> 
     </span>
    </p>
   </div>
   <div class='ocr_carea' id='block_1_51' title="bbox 1126 351 1875 389">
    <p class='ocr_par' dir='ltr' id='par_1_51' title="bbox 1126 351 1875 389">
     <span class='ocr_line' id='line_1_51' title="bbox 1126 351 1875 389; baseline -0.007 -8"><span class='ocrx_word' id='word_1_336' title='bbox 1126 355 1153 382; x_wconf 90' lang='lat' dir='ltr'><strong>lu</strong></span> <span class='ocrx_word' id='word_1_337' title='bbox 1169 361 1222 382; x_wconf 87' lang='lat' dir='ltr'><strong>tam</strong></span> <span class='ocrx_word' id='word_1_338' title='bbox 1237 355 1366 386; x_wconf 85' lang='lat' dir='ltr'><strong>obscura,</strong></span> <span class='ocrx_word' id='word_1_339' title='bbox 1382 359 1509 389; x_wconf 85' lang='lat' dir='ltr'><strong>tanquam</strong></span> <span class='ocrx_word' id='word_1_340' title='bbox 1529 357 1704 380; x_wconf 84' lang='lat' dir='ltr'><strong>controversa</strong></span> <span class='ocrx_word' id='word_1_341' title='bbox 1724 351 1875 386; x_wconf 68' lang='lat' dir='ltr'><strong>quaestione</strong></span> 
     </span>
    </p>
   </div>
   <div class='ocr_carea' id='block_1_52' title="bbox 1091 393 1871 434">
    <p class='ocr_par' dir='ltr' id='par_1_52' title="bbox 1091 393 1871 434">
     <span class='ocr_line' id='line_1_52' title="bbox 1091 393 1871 434; baseline -0.006 -7"><span class='ocrx_word' id='word_1_342' title='bbox 1091 405 1194 427; x_wconf 89' lang='lat' dir='ltr'><strong>certum</strong></span> <span class='ocrx_word' id='word_1_343' title='bbox 1216 400 1316 434; x_wconf 90' lang='lat' dir='ltr'><strong>aliquid</strong></span> <span class='ocrx_word' id='word_1_344' title='bbox 1340 405 1460 427; x_wconf 87' lang='lat' dir='ltr'><strong>statuere</strong></span> <span class='ocrx_word' id='word_1_345' title='bbox 1480 399 1586 426; x_wconf 82' lang='lat' dir='ltr'><strong>diﬂicile</strong></span> <span class='ocrx_word' id='word_1_346' title='bbox 1609 404 1660 426; x_wconf 88' lang='lat' dir='ltr'><strong>est.</strong></span> <span class='ocrx_word' id='word_1_347' title='bbox 1676 397 1807 433; x_wconf 85' lang='lat' dir='ltr'><strong>Cypriani</strong></span> <span class='ocrx_word' id='word_1_348' title='bbox 1823 393 1871 422; x_wconf 78' lang='lat' dir='ltr'><strong>non</strong></span> 
     </span>
    </p>
   </div>
   <div class='ocr_carea' id='block_1_53' title="bbox 1091 442 1869 480">
    <p class='ocr_par' dir='ltr' id='par_1_53' title="bbox 1091 442 1869 480">
     <span class='ocr_line' id='line_1_53' title="bbox 1091 442 1869 480; baseline -0.008 -7"><span class='ocrx_word' id='word_1_349' title='bbox 1091 453 1151 474; x_wconf 86' lang='lat' dir='ltr'><strong>esse</strong></span> <span class='ocrx_word' id='word_1_350' title='bbox 1173 446 1244 473; x_wconf 90' lang='lat' dir='ltr'><strong>istud</strong></span> <span class='ocrx_word' id='word_1_351' title='bbox 1259 454 1326 480; x_wconf 75' lang='lat' dir='ltr'><strong>Opus</strong></span> <span class='ocrx_word' id='word_1_352' title='bbox 1338 446 1456 473; x_wconf 85' lang='lat' dir='ltr'><strong>clamant</strong></span> <span class='ocrx_word' id='word_1_353' title='bbox 1476 445 1598 472; x_wconf 73' lang='lat' dir='ltr'><strong>barbara:</strong></span> <span class='ocrx_word' id='word_1_354' title='bbox 1618 445 1659 471; x_wconf 78' lang='lat' dir='ltr'><strong>hae</strong></span> <span class='ocrx_word' id='word_1_355' title='bbox 1673 450 1764 474; x_wconf 82' lang='lat' dir='ltr'><strong>voces,</strong></span> <span class='ocrx_word' id='word_1_356' title='bbox 1782 442 1869 476; x_wconf 81' lang='lat' dir='ltr'><strong>cujus-</strong></span> 
     </span>
    </p>
   </div>
   <div class='ocr_carea' id='block_1_54' title="bbox 1092 489 1873 526">
    <p class='ocr_par' dir='ltr' id='par_1_54' title="bbox 1092 489 1873 526">
     <span class='ocr_line' id='line_1_54' title="bbox 1092 489 1873 526; baseline -0.009 -7"><span class='ocrx_word' id='word_1_357' title='bbox 1092 493 1162 520; x_wconf 90' lang='lat' dir='ltr'><strong>modi</strong></span> <span class='ocrx_word' id='word_1_358' title='bbox 1188 493 1273 520; x_wconf 86' lang='lat' dir='ltr'><strong>nullas</strong></span> <span class='ocrx_word' id='word_1_359' title='bbox 1300 493 1325 519; x_wconf 90' lang='lat' dir='ltr'><strong>in</strong></span> <span class='ocrx_word' id='word_1_360' title='bbox 1349 499 1415 526; x_wconf 91' lang='lat' dir='ltr'><strong>puro</strong></span> <span class='ocrx_word' id='word_1_361' title='bbox 1441 499 1473 519; x_wconf 90' lang='lat' dir='ltr'><strong>ac</strong></span> <span class='ocrx_word' id='word_1_362' title='bbox 1501 496 1572 518; x_wconf 88' lang='lat' dir='ltr'><strong>lerso</strong></span> <span class='ocrx_word' id='word_1_363' title='bbox 1595 489 1722 526; x_wconf 84' lang='lat' dir='ltr'><strong>Cypriani</strong></span> <span class='ocrx_word' id='word_1_364' title='bbox 1749 495 1873 515; x_wconf 80' lang='lat' dir='ltr'><strong>sermone</strong></span> 
     </span>
    </p>
   </div>
   <div class='ocr_carea' id='block_1_55' title="bbox 1092 534 1869 569">
    <p class='ocr_par' dir='ltr' id='par_1_55' title="bbox 1092 534 1869 569">
     <span class='ocr_line' id='line_1_55' title="bbox 1092 534 1869 569; baseline -0.008 -5"><span class='ocrx_word' id='word_1_365' title='bbox 1092 537 1258 564; x_wconf 85' lang='lat' dir='ltr'><strong>nanciscaris</strong></span> <span class='ocrx_word' id='word_1_366' title='bbox 1285 546 1292 563; x_wconf 89' lang='lat'><strong>:</strong></span> <span class='ocrx_word' id='word_1_367' title='bbox 1322 546 1331 562; x_wconf 73' lang='grc' dir='ltr'><strong>ε</strong></span> <span class='ocrx_word' id='word_1_368' title='bbox 1360 536 1638 567; x_wconf 86' lang='lat' dir='ltr'><strong>Constitutionarios,</strong></span> <span class='ocrx_word' id='word_1_369' title='bbox 1669 534 1869 569; x_wconf 87' lang='lat' dir='ltr'><strong>repulsorium,</strong></span> 
     </span>
    </p>
   </div>
   <div class='ocr_carea' id='block_1_56' title="bbox 1092 578 1870 615">
    <p class='ocr_par' dir='ltr' id='par_1_56' title="bbox 1092 578 1870 615">
     <span class='ocr_line' id='line_1_56' title="bbox 1092 578 1870 615; baseline -0.004 -9"><span class='ocrx_word' id='word_1_370' title='bbox 1092 581 1273 615; x_wconf 76' lang='lat' dir='ltr'><strong>vulgaritatis,</strong></span> <span class='ocrx_word' id='word_1_371' title='bbox 1301 580 1479 613; x_wconf 82' lang='lat' dir='ltr'><strong>Iluxurarum,</strong></span> <span class='ocrx_word' id='word_1_372' title='bbox 1509 580 1687 614; x_wconf 79' lang='lat' dir='ltr'><strong>probrositas,</strong></span> <span class='ocrx_word' id='word_1_373' title='bbox 1717 578 1870 613; x_wconf 81' lang='lat' dir='ltr'><strong>participia,</strong></span> 
     </span>
    </p>
   </div>
   <div class='ocr_carea' id='block_1_57' title="bbox 1092 625 1872 660">
    <p class='ocr_par' dir='ltr' id='par_1_57' title="bbox 1092 625 1872 660">
     <span class='ocr_line' id='line_1_57' title="bbox 1092 625 1872 660; baseline -0.004 -8"><span class='ocrx_word' id='word_1_374' title='bbox 1092 626 1216 658; x_wconf 88' lang='lat' dir='ltr'><strong>adunari,</strong></span> <span class='ocrx_word' id='word_1_375' title='bbox 1240 625 1379 657; x_wconf 87' lang='lat' dir='ltr'><strong>vanificat,</strong></span> <span class='ocrx_word' id='word_1_376' title='bbox 1400 630 1560 660; x_wconf 87' lang='lat' dir='ltr'><strong>egestosam,</strong></span> <span class='ocrx_word' id='word_1_377' title='bbox 1585 625 1753 656; x_wconf 89' lang='lat' dir='ltr'><strong>intimemus,</strong></span> <span class='ocrx_word' id='word_1_378' title='bbox 1779 631 1872 658; x_wconf 65' lang='lat' dir='ltr'><strong>proco.</strong></span> 
     </span>
    </p>
   </div>
   <div class='ocr_carea' id='block_1_58' title="bbox 1094 671 1870 706">
    <p class='ocr_par' dir='ltr' id='par_1_58' title="bbox 1094 671 1870 706">
     <span class='ocr_line' id='line_1_58' title="bbox 1094 671 1870 706; baseline -0.001 -8"><span class='ocrx_word' id='word_1_379' title='bbox 1094 673 1191 704; x_wconf 90' lang='lat' dir='ltr'><strong>rativa,</strong></span> <span class='ocrx_word' id='word_1_380' title='bbox 1208 672 1356 705; x_wconf 88' lang='lat' dir='ltr'><strong>absentari,</strong></span> <span class='ocrx_word' id='word_1_381' title='bbox 1366 671 1553 706; x_wconf 86' lang='lat' dir='ltr'><strong>coujugalitas,</strong></span> <span class='ocrx_word' id='word_1_382' title='bbox 1570 671 1729 705; x_wconf 87' lang='lat' dir='ltr'><strong>parentalis,</strong></span> <span class='ocrx_word' id='word_1_383' title='bbox 1742 680 1752 695; x_wconf 71' lang='grc' dir='ltr'>ν</span> <span class='ocrx_word' id='word_1_384' title='bbox 1767 671 1870 704; x_wconf 84' lang='lat' dir='ltr'><strong>aliaque</strong></span> 
     </span>
    </p>
   </div>
   <div class='ocr_carea' id='block_1_59' title="bbox 1091 716 1871 752">
    <p class='ocr_par' dir='ltr' id='par_1_59' title="bbox 1091 716 1871 752">
     <span class='ocr_line' id='line_1_59' title="bbox 1091 716 1871 752; baseline -0.004 -8"><span class='ocrx_word' id='word_1_385' title='bbox 1091 717 1217 752; x_wconf 89' lang='lat' dir='ltr'><strong>plurima.</strong></span> <span class='ocrx_word' id='word_1_386' title='bbox 1236 717 1301 750; x_wconf 88' lang='lat' dir='ltr'><strong>Quis</strong></span> <span class='ocrx_word' id='word_1_387' title='bbox 1322 722 1503 745; x_wconf 88' lang='lat' dir='ltr'><strong>monstrorum</strong></span> <span class='ocrx_word' id='word_1_388' title='bbox 1519 716 1648 752; x_wconf 88' lang='lat' dir='ltr'><strong>ejusmodi</strong></span> <span class='ocrx_word' id='word_1_389' title='bbox 1666 721 1808 751; x_wconf 83' lang='lat' dir='ltr'><strong>parentem</strong></span> <span class='ocrx_word' id='word_1_390' title='bbox 1821 716 1871 749; x_wconf 75' lang='lat' dir='ltr'><strong>Cy-</strong></span> 
     </span>
    </p>
   </div>
   <div class='ocr_carea' id='block_1_60' title="bbox 1092 758 1869 799">
    <p class='ocr_par' dir='ltr' id='par_1_60' title="bbox 1092 758 1869 799">
     <span class='ocr_line' id='line_1_60' title="bbox 1092 758 1869 799; baseline -0.001 -9"><span class='ocrx_word' id='word_1_391' title='bbox 1092 764 1216 799; x_wconf 90' lang='lat' dir='ltr'><strong>prianum</strong></span> <span class='ocrx_word' id='word_1_392' title='bbox 1231 758 1322 791; x_wconf 77' lang='lat' dir='ltr'><strong>dicat?</strong></span> <span class='ocrx_word' id='word_1_393' title='bbox 1336 764 1517 792; x_wconf 85' lang='lat' dir='ltr'><strong>Arianismum</strong></span> <span class='ocrx_word' id='word_1_394' title='bbox 1531 769 1661 799; x_wconf 65' lang='lat' dir='ltr'><strong>prazterea</strong></span> <span class='ocrx_word' id='word_1_395' title='bbox 1674 764 1731 790; x_wconf 60' lang='lat' dir='ltr'><strong>haec</strong></span> <span class='ocrx_word' id='word_1_396' title='bbox 1741 762 1850 796; x_wconf 82' lang='lat' dir='ltr'><strong>sapiunt</strong></span> <span class='ocrx_word' id='word_1_397' title='bbox 1863 771 1869 788; x_wconf 74' lang='grc' dir='ltr'><strong><em>ι</em></strong></span> 
     </span>
    </p>
   </div>
   <div class='ocr_carea' id='block_1_61' title="bbox 1092 809 1871 846">
    <p class='ocr_par' dir='ltr' id='par_1_61' title="bbox 1092 809 1871 846">
     <span class='ocr_line' id='line_1_61' title="bbox 1092 809 1871 846; baseline -0.005 -8"><span class='ocrx_word' id='word_1_398' title='bbox 1092 809 1122 838; x_wconf 83' lang='lat' dir='ltr'><strong>Si</strong></span> <span class='ocrx_word' id='word_1_399' title='bbox 1145 809 1264 838; x_wconf 70' lang='lat' dir='ltr'><strong>Christus</strong></span> <span class='ocrx_word' id='word_1_400' title='bbox 1279 819 1431 846; x_wconf 82' lang='lat' dir='ltr'><strong>comparare</strong></span> <span class='ocrx_word' id='word_1_401' title='bbox 1451 812 1561 845; x_wconf 60' lang='lat' dir='ltr'><strong>“ipsum</strong></span> <span class='ocrx_word' id='word_1_402' title='bbox 1580 818 1660 837; x_wconf 77' lang='lat' dir='ltr'><strong>ausus</strong></span> <span class='ocrx_word' id='word_1_403' title='bbox 1685 815 1723 836; x_wconf 75' lang='lat' dir='ltr'><strong>est</strong></span> <span class='ocrx_word' id='word_1_404' title='bbox 1745 809 1810 840; x_wconf 74' lang='lat' dir='ltr'><strong>Deo,</strong></span> <span class='ocrx_word' id='word_1_405' title='bbox 1829 810 1871 842; x_wconf 72' lang='lat' dir='ltr'><strong>qui</strong></span> 
     </span>
    </p>
   </div>
   <div class='ocr_carea' id='block_1_62' title="bbox 1092 855 1872 890">
    <p class='ocr_par' dir='ltr' id='par_1_62' title="bbox 1092 855 1872 890">
     <span class='ocr_line' id='line_1_62' title="bbox 1092 855 1872 890; baseline -0.003 -8"><span class='ocrx_word' id='word_1_406' title='bbox 1092 856 1129 882; x_wconf 87' lang='lat' dir='ltr'><strong>ait</strong></span> <span class='ocrx_word' id='word_1_407' title='bbox 1145 863 1154 882; x_wconf 88' lang='lat'><strong><em>:</em></strong></span> <span class='ocrx_word' id='word_1_408' title='bbox 1169 855 1250 882; x_wconf 81' lang='lat' dir='ltr'><strong>Pater</strong></span> <span class='ocrx_word' id='word_1_409' title='bbox 1269 856 1355 890; x_wconf 80' lang='lat' dir='ltr'><strong>major</strong></span> <span class='ocrx_word' id='word_1_410' title='bbox 1367 865 1407 883; x_wconf 78' lang='lat' dir='ltr'><strong>me</strong></span> <span class='ocrx_word' id='word_1_411' title='bbox 1429 862 1466 883; x_wconf 77' lang='lat' dir='ltr'><strong>est</strong></span> <span class='ocrx_word' id='word_1_412' title='bbox 1489 863 1499 882; x_wconf 88' lang='lat'><em>:</em></span> <span class='ocrx_word' id='word_1_413' title='bbox 1517 861 1562 882; x_wconf 85' lang='lat' dir='ltr'><strong>aut</strong></span> <span class='ocrx_word' id='word_1_414' title='bbox 1576 857 1599 883; x_wconf 79' lang='lat' dir='ltr'><strong>si</strong></span> <span class='ocrx_word' id='word_1_415' title='bbox 1612 855 1722 889; x_wconf 79' lang='lat' dir='ltr'><strong>apostoli</strong></span> <span class='ocrx_word' id='word_1_416' title='bbox 1737 862 1872 888; x_wconf 60' lang='lat' dir='ltr'><strong>coequorc</strong></span> 
     </span>
    </p>
   </div>
   <div class='ocr_carea' id='block_1_63' title="bbox 1092 901 1872 937">
    <p class='ocr_par' dir='ltr' id='par_1_63' title="bbox 1092 901 1872 937">
     <span class='ocr_line' id='line_1_63' title="bbox 1092 901 1872 937; baseline -0.005 -8"><span class='ocrx_word' id='word_1_417' title='bbox 1092 903 1241 937; x_wconf 69' lang='lat' dir='ltr'><strong>semetipsos</strong></span> <span class='ocrx_word' id='word_1_418' title='bbox 1265 903 1324 929; x_wconf 71' lang='lat' dir='ltr'><strong>ausi</strong></span> <span class='ocrx_word' id='word_1_419' title='bbox 1350 907 1410 929; x_wconf 78' lang='lat' dir='ltr'><strong>sunt</strong></span> <span class='ocrx_word' id='word_1_420' title='bbox 1434 901 1538 929; x_wconf 75' lang='lat' dir='ltr'><strong>Christo</strong></span> <span class='ocrx_word' id='word_1_421' title='bbox 1562 901 1594 928; x_wconf 71' lang='lat'><strong>“.</strong></span> <span class='ocrx_word' id='word_1_422' title='bbox 1616 901 1749 936; x_wconf 80' lang='lat' dir='ltr'><strong>Rapinam</strong></span> <span class='ocrx_word' id='word_1_423' title='bbox 1778 907 1872 933; x_wconf 85' lang='lat' dir='ltr'><strong>nempe</strong></span> 
     </span>
    </p>
   </div>
   <div class='ocr_carea' id='block_1_64' title="bbox 1092 946 1871 982">
    <p class='ocr_par' dir='ltr' id='par_1_64' title="bbox 1092 946 1871 982">
     <span class='ocr_line' id='line_1_64' title="bbox 1092 946 1871 982; baseline -0.004 -8"><span class='ocrx_word' id='word_1_424' title='bbox 1092 947 1250 980; x_wconf 87' lang='lat' dir='ltr'><strong>arbitratur,</strong></span> <span class='ocrx_word' id='word_1_425' title='bbox 1264 947 1400 975; x_wconf 86' lang='lat' dir='ltr'><strong>Christum</strong></span> <span class='ocrx_word' id='word_1_426' title='bbox 1417 955 1477 975; x_wconf 84' lang='lat' dir='ltr'><strong>esse</strong></span> <span class='ocrx_word' id='word_1_427' title='bbox 1489 947 1616 982; x_wconf 72' lang='lat' dir='ltr'><strong>aequalem</strong></span> <span class='ocrx_word' id='word_1_428' title='bbox 1633 947 1686 974; x_wconf 85' lang='lat' dir='ltr'><strong>Deo</strong></span> <span class='ocrx_word' id='word_1_429' title='bbox 1696 946 1735 978; x_wconf 74' lang='grc'><strong>⁸⁸;</strong></span> <span class='ocrx_word' id='word_1_430' title='bbox 1753 950 1871 973; x_wconf 84' lang='lat' dir='ltr'><strong>tantum-</strong></span> 
     </span>
    </p>
   </div>
   <div class='ocr_carea' id='block_1_65' title="bbox 1092 993 1872 1028">
    <p class='ocr_par' dir='ltr' id='par_1_65' title="bbox 1092 993 1872 1028">
     <span class='ocr_line' id='line_1_65' title="bbox 1092 993 1872 1028; baseline 0.003 -9"><span class='ocrx_word' id='word_1_431' title='bbox 1092 1001 1145 1028; x_wconf 87' lang='lat' dir='ltr'><strong>que</strong></span> <span class='ocrx_word' id='word_1_432' title='bbox 1176 994 1339 1021; x_wconf 88' lang='lat' dir='ltr'><strong>discriminis</strong></span> <span class='ocrx_word' id='word_1_433' title='bbox 1367 993 1506 1021; x_wconf 85' lang='lat' dir='ltr'><strong>Christum</strong></span> <span class='ocrx_word' id='word_1_434' title='bbox 1536 994 1606 1020; x_wconf 91' lang='lat' dir='ltr'><strong>inter</strong></span> <span class='ocrx_word' id='word_1_435' title='bbox 1629 998 1658 1020; x_wconf 89' lang='lat' dir='ltr'><strong>et</strong></span> <span class='ocrx_word' id='word_1_436' title='bbox 1686 993 1771 1020; x_wconf 90' lang='lat' dir='ltr'><strong>Deum</strong></span> <span class='ocrx_word' id='word_1_437' title='bbox 1800 999 1872 1021; x_wconf 85' lang='lat' dir='ltr'><strong>esse.</strong></span> 
     </span>
    </p>
   </div>
   <div class='ocr_carea' id='block_1_66' title="bbox 1091 1038 1872 1073">
    <p class='ocr_par' dir='ltr' id='par_1_66' title="bbox 1091 1038 1872 1073">
     <span class='ocr_line' id='line_1_66' title="bbox 1091 1038 1872 1073; baseline -0.003 -8"><span class='ocrx_word' id='word_1_438' title='bbox 1091 1044 1222 1073; x_wconf 83' lang='lat' dir='ltr'><strong>quantum</strong></span> <span class='ocrx_word' id='word_1_439' title='bbox 1235 1039 1370 1073; x_wconf 84' lang='lat' dir='ltr'><strong>apostolos</strong></span> <span class='ocrx_word' id='word_1_440' title='bbox 1392 1039 1463 1066; x_wconf 88' lang='lat' dir='ltr'><strong>inter</strong></span> <span class='ocrx_word' id='word_1_441' title='bbox 1481 1045 1508 1066; x_wconf 91' lang='lat' dir='ltr'><strong>et</strong></span> <span class='ocrx_word' id='word_1_442' title='bbox 1519 1039 1666 1066; x_wconf 87' lang='lat' dir='ltr'><strong>Christum.</strong></span> <span class='ocrx_word' id='word_1_443' title='bbox 1682 1038 1872 1073; x_wconf 81' lang='lat' dir='ltr'><strong>Primigeniam</strong></span> 
     </span>
    </p>
   </div>
   <div class='ocr_carea' id='block_1_67' title="bbox 1092 1086 1874 1122">
    <p class='ocr_par' dir='ltr' id='par_1_67' title="bbox 1092 1086 1874 1122">
     <span class='ocr_line' id='line_1_67' title="bbox 1092 1086 1874 1122; baseline 0 -10"><span class='ocrx_word' id='word_1_444' title='bbox 1092 1091 1120 1112; x_wconf 88' lang='lat' dir='ltr'><strong>et</strong></span> <span class='ocrx_word' id='word_1_445' title='bbox 1137 1087 1253 1113; x_wconf 82' lang='lat' dir='ltr'><strong>nativam</strong></span> <span class='ocrx_word' id='word_1_446' title='bbox 1279 1086 1493 1114; x_wconf 88' lang='lat' dir='ltr'><strong>Iucubrationem</strong></span> <span class='ocrx_word' id='word_1_447' title='bbox 1520 1087 1606 1122; x_wconf 85' lang='lat' dir='ltr'><strong>stylus</strong></span> <span class='ocrx_word' id='word_1_448' title='bbox 1632 1086 1696 1118; x_wconf 89' lang='lat' dir='ltr'><strong>olet,</strong></span> <span class='ocrx_word' id='word_1_449' title='bbox 1715 1093 1770 1113; x_wconf 89' lang='lat' dir='ltr'><strong>non</strong></span> <span class='ocrx_word' id='word_1_450' title='bbox 1794 1086 1874 1112; x_wconf 82' lang='lat' dir='ltr'><strong>inter-</strong></span> 
     </span>
    </p>
   </div>
   <div class='ocr_carea' id='block_1_68' title="bbox 1093 1132 1873 1167">
    <p class='ocr_par' dir='ltr' id='par_1_68' title="bbox 1093 1132 1873 1167">
     <span class='ocr_line' id='line_1_68' title="bbox 1093 1132 1873 1167; baseline 0.001 -9"><span class='ocrx_word' id='word_1_451' title='bbox 1093 1133 1285 1167; x_wconf 85' lang='lat' dir='ltr'><strong>pretationem,</strong></span> <span class='ocrx_word' id='word_1_452' title='bbox 1305 1139 1364 1167; x_wconf 66' lang='lat' dir='ltr'><strong>quaa</strong></span> <span class='ocrx_word' id='word_1_453' title='bbox 1383 1134 1495 1160; x_wconf 86' lang='lat' dir='ltr'><strong>astricta</strong></span> <span class='ocrx_word' id='word_1_454' title='bbox 1512 1133 1568 1160; x_wconf 88' lang='lat' dir='ltr'><strong>fere</strong></span> <span class='ocrx_word' id='word_1_455' title='bbox 1581 1138 1622 1160; x_wconf 88' lang='lat' dir='ltr'><strong>est</strong></span> <span class='ocrx_word' id='word_1_456' title='bbox 1637 1137 1666 1159; x_wconf 92' lang='lat' dir='ltr'><strong>et</strong></span> <span class='ocrx_word' id='word_1_457' title='bbox 1685 1137 1823 1159; x_wconf 87' lang='lat' dir='ltr'><strong>contorta.</strong></span> <span class='ocrx_word' id='word_1_458' title='bbox 1839 1132 1873 1159; x_wconf 79' lang='lat' dir='ltr'><strong>Ea</strong></span> 
     </span>
    </p>
   </div>
   <div class='ocr_carea' id='block_1_69' title="bbox 1093 1178 1872 1213">
    <p class='ocr_par' dir='ltr' id='par_1_69' title="bbox 1093 1178 1872 1213">
     <span class='ocr_line' id='line_1_69' title="bbox 1093 1178 1872 1213; baseline -0.003 -7"><span class='ocrx_word' id='word_1_459' title='bbox 1093 1187 1156 1206; x_wconf 89' lang='lat' dir='ltr'><strong>vero</strong></span> <span class='ocrx_word' id='word_1_460' title='bbox 1170 1183 1212 1206; x_wconf 88' lang='lat' dir='ltr'><strong>est</strong></span> <span class='ocrx_word' id='word_1_461' title='bbox 1226 1179 1371 1213; x_wconf 85' lang='lat' dir='ltr'><strong>scriptoris</strong></span> <span class='ocrx_word' id='word_1_462' title='bbox 1386 1179 1536 1211; x_wconf 86' lang='lat' dir='ltr'><strong>barbaries,</strong></span> <span class='ocrx_word' id='word_1_463' title='bbox 1559 1183 1585 1205; x_wconf 88' lang='lat' dir='ltr'><strong>ut</strong></span> <span class='ocrx_word' id='word_1_464' title='bbox 1600 1178 1768 1206; x_wconf 88' lang='lat' dir='ltr'><strong>helleuismis</strong></span> <span class='ocrx_word' id='word_1_465' title='bbox 1788 1179 1872 1206; x_wconf 87' lang='lat' dir='ltr'><strong>locum</strong></span> 
     </span>
    </p>
   </div>
   <div class='ocr_carea' id='block_1_70' title="bbox 1092 1224 1872 1259">
    <p class='ocr_par' dir='ltr' id='par_1_70' title="bbox 1092 1224 1872 1259">
     <span class='ocr_line' id='line_1_70' title="bbox 1092 1224 1872 1259; baseline 0 -8"><span class='ocrx_word' id='word_1_466' title='bbox 1092 1225 1200 1252; x_wconf 84' lang='lat' dir='ltr'><strong>dedisse</strong></span> <span class='ocrx_word' id='word_1_467' title='bbox 1215 1225 1326 1252; x_wconf 91' lang='lat' dir='ltr'><strong>minime</strong></span> <span class='ocrx_word' id='word_1_468' title='bbox 1339 1225 1465 1253; x_wconf 81' lang='lat' dir='ltr'><strong>mirabile</strong></span> <span class='ocrx_word' id='word_1_469' title='bbox 1484 1225 1529 1257; x_wconf 92' lang='lat' dir='ltr'><strong>sit,</strong></span> <span class='ocrx_word' id='word_1_470' title='bbox 1544 1225 1589 1259; x_wconf 91' lang='lat' dir='ltr'><strong>qui</strong></span> <span class='ocrx_word' id='word_1_471' title='bbox 1609 1229 1649 1251; x_wconf 90' lang='lat' dir='ltr'><strong>tot</strong></span> <span class='ocrx_word' id='word_1_472' title='bbox 1666 1224 1835 1259; x_wconf 87' lang='lat' dir='ltr'><strong>stribligines</strong></span> <span class='ocrx_word' id='word_1_473' title='bbox 1845 1233 1872 1251; x_wconf 77' lang='lat' dir='ltr'><strong>ac</strong></span> 
     </span>
    </p>
   </div>
   <div class='ocr_carea' id='block_1_71' title="bbox 1092 1269 1873 1305">
    <p class='ocr_par' dir='ltr' id='par_1_71' title="bbox 1092 1269 1873 1305">
     <span class='ocr_line' id='line_1_71' title="bbox 1092 1269 1873 1305; baseline -0.001 -9"><span class='ocrx_word' id='word_1_474' title='bbox 1092 1269 1241 1297; x_wconf 87' lang='lat' dir='ltr'><strong>dictionum</strong></span> <span class='ocrx_word' id='word_1_475' title='bbox 1266 1274 1390 1305; x_wconf 86' lang='lat' dir='ltr'><strong>portenta</strong></span> <span class='ocrx_word' id='word_1_476' title='bbox 1416 1270 1538 1297; x_wconf 80' lang='lat' dir='ltr'><strong>admisit.</strong></span> <span class='ocrx_word' id='word_1_477' title='bbox 1567 1271 1660 1305; x_wconf 82' lang='lat' dir='ltr'><strong>Spirat</strong></span> <span class='ocrx_word' id='word_1_478' title='bbox 1679 1275 1771 1297; x_wconf 76' lang='lat' dir='ltr'><strong>tamen</strong></span> <span class='ocrx_word' id='word_1_479' title='bbox 1790 1270 1873 1296; x_wconf 75' lang='lat' dir='ltr'><strong>felicia</strong></span> 
     </span>
    </p>
   </div>
   <div class='ocr_carea' id='block_1_72' title="bbox 1090 1315 1875 1350">
    <p class='ocr_par' dir='ltr' id='par_1_72' title="bbox 1090 1315 1875 1350">
     <span class='ocr_line' id='line_1_72' title="bbox 1090 1315 1875 1350; baseline 0 -8"><span class='ocrx_word' id='word_1_480' title='bbox 1090 1315 1291 1350; x_wconf 81' lang='lat' dir='ltr'><strong>juvenescentis</strong></span> <span class='ocrx_word' id='word_1_481' title='bbox 1313 1315 1439 1344; x_wconf 64' lang='lat' dir='ltr'><strong>Ecclesia!</strong></span> <span class='ocrx_word' id='word_1_482' title='bbox 1453 1321 1583 1350; x_wconf 90' lang='lat' dir='ltr'><strong>tempora,</strong></span> <span class='ocrx_word' id='word_1_483' title='bbox 1608 1316 1676 1343; x_wconf 87' lang='lat' dir='ltr'><strong>adeo</strong></span> <span class='ocrx_word' id='word_1_484' title='bbox 1694 1321 1723 1343; x_wconf 92' lang='lat' dir='ltr'><strong>ut</strong></span> <span class='ocrx_word' id='word_1_485' title='bbox 1751 1316 1774 1342; x_wconf 85' lang='lat' dir='ltr'><strong>si</strong></span> <span class='ocrx_word' id='word_1_486' title='bbox 1788 1316 1875 1342; x_wconf 83' lang='lat' dir='ltr'><strong>minus</strong></span> 
     </span>
    </p>
   </div>
   <div class='ocr_carea' id='block_1_73' title="bbox 1094 1362 1874 1397">
    <p class='ocr_par' dir='ltr' id='par_1_73' title="bbox 1094 1362 1874 1397">
     <span class='ocr_line' id='line_1_73' title="bbox 1094 1362 1874 1397; baseline 0 -9"><span class='ocrx_word' id='word_1_487' title='bbox 1094 1362 1167 1389; x_wconf 90' lang='lat' dir='ltr'><strong>illum</strong></span> <span class='ocrx_word' id='word_1_488' title='bbox 1184 1362 1338 1397; x_wconf 75' lang='lat' dir='ltr'><strong>Hieronymi</strong></span> <span class='ocrx_word' id='word_1_489' title='bbox 1363 1367 1391 1389; x_wconf 92' lang='lat' dir='ltr'><strong>et</strong></span> <span class='ocrx_word' id='word_1_490' title='bbox 1412 1362 1553 1397; x_wconf 83' lang='lat' dir='ltr'><strong>Augustini</strong></span> <span class='ocrx_word' id='word_1_491' title='bbox 1571 1370 1628 1390; x_wconf 70' lang='lat' dir='ltr'><strong>aevo</strong></span> <span class='ocrx_word' id='word_1_492' title='bbox 1651 1363 1821 1396; x_wconf 83' lang='lat' dir='ltr'><strong>superiorem</strong></span> <span class='ocrx_word' id='word_1_493' title='bbox 1838 1363 1874 1388; x_wconf 89' lang='lat' dir='ltr'><strong>di-</strong></span> 
     </span>
    </p>
   </div>
   <div class='ocr_carea' id='block_1_74' title="bbox 1093 1409 1875 1445">
    <p class='ocr_par' dir='ltr' id='par_1_74' title="bbox 1093 1409 1875 1445">
     <span class='ocr_line' id='line_1_74' title="bbox 1093 1409 1875 1445; baseline 0.001 -10"><span class='ocrx_word' id='word_1_494' title='bbox 1093 1415 1197 1439; x_wconf 86' lang='lat' dir='ltr'><strong>camus.</strong></span> <span class='ocrx_word' id='word_1_495' title='bbox 1209 1410 1280 1443; x_wconf 90' lang='lat' dir='ltr'><strong>quod</strong></span> <span class='ocrx_word' id='word_1_496' title='bbox 1292 1410 1459 1444; x_wconf 84' lang='lat' dir='ltr'><strong>probabilius</strong></span> <span class='ocrx_word' id='word_1_497' title='bbox 1470 1416 1530 1438; x_wconf 88' lang='lat' dir='ltr'><strong>esse</strong></span> <span class='ocrx_word' id='word_1_498' title='bbox 1544 1415 1620 1445; x_wconf 91' lang='lat' dir='ltr'><strong>puto,</strong></span> <span class='ocrx_word' id='word_1_499' title='bbox 1635 1418 1688 1438; x_wconf 91' lang='lat' dir='ltr'><strong>non</strong></span> <span class='ocrx_word' id='word_1_500' title='bbox 1704 1409 1793 1437; x_wconf 87' lang='lat' dir='ltr'><strong>multo</strong></span> <span class='ocrx_word' id='word_1_501' title='bbox 1805 1415 1875 1437; x_wconf 88' lang='lat' dir='ltr'><strong>certe</strong></span> 
     </span>
    </p>
   </div>
   <div class='ocr_carea' id='block_1_75' title="bbox 1094 1453 1499 1483">
    <p class='ocr_par' dir='ltr' id='par_1_75' title="bbox 1094 1453 1499 1483">
     <span class='ocr_line' id='line_1_75' title="bbox 1094 1453 1499 1483; baseline 0.007 -3"><span class='ocrx_word' id='word_1_502' title='bbox 1094 1453 1247 1480; x_wconf 88' lang='lat' dir='ltr'><strong>inferiorem</strong></span> <span class='ocrx_word' id='word_1_503' title='bbox 1263 1455 1345 1482; x_wconf 90' lang='lat' dir='ltr'><strong>liceat</strong></span> <span class='ocrx_word' id='word_1_504' title='bbox 1362 1455 1499 1483; x_wconf 83' lang='lat' dir='ltr'><strong>arbitrari.</strong></span> 
     </span>
    </p>
   </div>
   <div class='ocr_carea' id='block_1_76' title="bbox 1129 1499 1876 1538">
    <p class='ocr_par' dir='ltr' id='par_1_76' title="bbox 1129 1499 1876 1538">
     <span class='ocr_line' id='line_1_76' title="bbox 1129 1499 1876 1538; baseline 0.003 -12"><span class='ocrx_word' id='word_1_505' title='bbox 1129 1499 1272 1534; x_wconf 85' lang='lat' dir='ltr'><strong>Reperitur</strong></span> <span class='ocrx_word' id='word_1_506' title='bbox 1285 1501 1393 1533; x_wconf 86' lang='lat' dir='ltr'><strong>quidem</strong></span> <span class='ocrx_word' id='word_1_507' title='bbox 1409 1502 1479 1529; x_wconf 90' lang='lat' dir='ltr'><strong>inter</strong></span> <span class='ocrx_word' id='word_1_508' title='bbox 1494 1501 1561 1529; x_wconf 87' lang='lat' dir='ltr'><strong>falso</strong></span> <span class='ocrx_word' id='word_1_509' title='bbox 1581 1501 1696 1536; x_wconf 81' lang='lat' dir='ltr'><strong>ascripta</strong></span> <span class='ocrx_word' id='word_1_510' title='bbox 1711 1501 1876 1538; x_wconf 77' lang='lat' dir='ltr'><strong>Hieronymo</strong></span> 
     </span>
    </p>
   </div>
   <div class='ocr_carea' id='block_1_77' title="bbox 1094 1547 1876 1582">
    <p class='ocr_par' dir='ltr' id='par_1_77' title="bbox 1094 1547 1876 1582">
     <span class='ocr_line' id='line_1_77' title="bbox 1094 1547 1876 1582; baseline 0.003 -9"><span class='ocrx_word' id='word_1_511' title='bbox 1094 1553 1173 1580; x_wconf 90' lang='lat' dir='ltr'><strong>opera</strong></span> <span class='ocrx_word' id='word_1_512' title='bbox 1196 1547 1316 1582; x_wconf 80' lang='lat' dir='ltr'><strong>Epistolo</strong></span> <span class='ocrx_word' id='word_1_513' title='bbox 1332 1547 1365 1574; x_wconf 83' lang='lat' dir='ltr'><strong>od</strong></span> <span class='ocrx_word' id='word_1_514' title='bbox 1379 1547 1512 1574; x_wconf 82' lang='lat' dir='ltr'><strong>Oceanum</strong></span> <span class='ocrx_word' id='word_1_515' title='bbox 1526 1548 1559 1575; x_wconf 89' lang='lat' dir='ltr'><strong>de</strong></span> <span class='ocrx_word' id='word_1_516' title='bbox 1574 1548 1626 1574; x_wconf 85' lang='lat' dir='ltr'><strong>vita</strong></span> <span class='ocrx_word' id='word_1_517' title='bbox 1640 1547 1816 1580; x_wconf 83' lang='lat' dir='ltr'><strong>clericorum,</strong></span> <span class='ocrx_word' id='word_1_518' title='bbox 1832 1549 1876 1575; x_wconf 84' lang='lat' dir='ltr'><strong>sed</strong></span> 
     </span>
    </p>
   </div>
   <div class='ocr_carea' id='block_1_78' title="bbox 1094 1592 1875 1629">
    <p class='ocr_par' dir='ltr' id='par_1_78' title="bbox 1094 1592 1875 1629">
     <span class='ocr_line' id='line_1_78' title="bbox 1094 1592 1875 1629; baseline 0.003 -11"><span class='ocrx_word' id='word_1_519' title='bbox 1094 1592 1216 1626; x_wconf 88' lang='lat' dir='ltr'><strong>Sulpicio</strong></span> <span class='ocrx_word' id='word_1_520' title='bbox 1249 1593 1349 1620; x_wconf 87' lang='lat' dir='ltr'><strong>Severo</strong></span> <span class='ocrx_word' id='word_1_521' title='bbox 1386 1594 1533 1627; x_wconf 88' lang='lat' dir='ltr'><strong>recentior,</strong></span> <span class='ocrx_word' id='word_1_522' title='bbox 1564 1595 1663 1629; x_wconf 87' lang='lat' dir='ltr'><strong>quippe</strong></span> <span class='ocrx_word' id='word_1_523' title='bbox 1694 1602 1758 1629; x_wconf 71' lang='lat' dir='ltr'><strong>qua:</strong></span> <span class='ocrx_word' id='word_1_524' title='bbox 1792 1596 1875 1622; x_wconf 84' lang='lat' dir='ltr'><strong>sancti</strong></span> 
     </span>
    </p>
   </div>
   <div class='ocr_carea' id='block_1_79' title="bbox 1092 1638 1875 1676">
    <p class='ocr_par' dir='ltr' id='par_1_79' title="bbox 1092 1638 1875 1676">
     <span class='ocr_line' id='line_1_79' title="bbox 1092 1638 1875 1676; baseline 0.001 -11"><span class='ocrx_word' id='word_1_525' title='bbox 1092 1638 1200 1666; x_wconf 77' lang='lat' dir='ltr'><strong>Martini</strong></span> <span class='ocrx_word' id='word_1_526' title='bbox 1226 1638 1314 1666; x_wconf 86' lang='lat' dir='ltr'><strong>Vitam</strong></span> <span class='ocrx_word' id='word_1_527' title='bbox 1342 1640 1376 1667; x_wconf 87' lang='lat' dir='ltr'><strong>ab</strong></span> <span class='ocrx_word' id='word_1_528' title='bbox 1401 1647 1434 1667; x_wconf 89' lang='lat' dir='ltr'><strong>eo</strong></span> <span class='ocrx_word' id='word_1_529' title='bbox 1461 1641 1589 1674; x_wconf 87' lang='lat' dir='ltr'><strong>scriptam</strong></span> <span class='ocrx_word' id='word_1_530' title='bbox 1621 1641 1724 1668; x_wconf 86' lang='lat' dir='ltr'><strong>laudet.</strong></span> <span class='ocrx_word' id='word_1_531' title='bbox 1751 1641 1875 1676; x_wconf 84' lang='lat' dir='ltr'><strong>Ejusdem</strong></span> 
     </span>
    </p>
   </div>
   <div class='ocr_carea' id='block_1_80' title="bbox 1094 1684 1875 1722">
    <p class='ocr_par' dir='ltr' id='par_1_80' title="bbox 1094 1684 1875 1722">
     <span class='ocr_line' id='line_1_80' title="bbox 1094 1684 1875 1722; baseline 0.006 -11"><span class='ocrx_word' id='word_1_532' title='bbox 1094 1684 1150 1712; x_wconf 84' lang='lat' dir='ltr'><strong>fere</strong></span> <span class='ocrx_word' id='word_1_533' title='bbox 1177 1692 1208 1712; x_wconf 92' lang='lat' dir='ltr'><strong>ea</strong></span> <span class='ocrx_word' id='word_1_534' title='bbox 1237 1690 1280 1712; x_wconf 86' lang='lat' dir='ltr'><strong>est</strong></span> <span class='ocrx_word' id='word_1_535' title='bbox 1305 1686 1454 1720; x_wconf 89' lang='lat' dir='ltr'><strong>argumenti</strong></span> <span class='ocrx_word' id='word_1_536' title='bbox 1479 1693 1511 1713; x_wconf 87' lang='lat' dir='ltr'><strong>ac</strong></span> <span class='ocrx_word' id='word_1_537' title='bbox 1533 1686 1617 1714; x_wconf 81' lang='lat' dir='ltr'><strong>altera</strong></span> <span class='ocrx_word' id='word_1_538' title='bbox 1645 1687 1702 1714; x_wconf 60' lang='lat' dir='ltr'><strong>haec</strong></span> <span class='ocrx_word' id='word_1_539' title='bbox 1730 1695 1794 1722; x_wconf 63' lang='lat' dir='ltr'><strong>quae</strong></span> <span class='ocrx_word' id='word_1_540' title='bbox 1817 1687 1875 1716; x_wconf 88' lang='lat' dir='ltr'><strong>Ori-</strong></span> 
     </span>
    </p>
   </div>
   <div class='ocr_carea' id='block_1_81' title="bbox 1093 1730 1876 1766">
    <p class='ocr_par' dir='ltr' id='par_1_81' title="bbox 1093 1730 1876 1766">
     <span class='ocr_line' id='line_1_81' title="bbox 1093 1730 1876 1766; baseline 0.006 -9"><span class='ocrx_word' id='word_1_541' title='bbox 1093 1730 1152 1765; x_wconf 87' lang='lat' dir='ltr'><strong>geui</strong></span> <span class='ocrx_word' id='word_1_542' title='bbox 1186 1730 1339 1766; x_wconf 84' lang='lat' dir='ltr'><strong>aIlingitur,</strong></span> <span class='ocrx_word' id='word_1_543' title='bbox 1374 1736 1404 1758; x_wconf 86' lang='lat' dir='ltr'><strong>ut</strong></span> <span class='ocrx_word' id='word_1_544' title='bbox 1433 1732 1456 1759; x_wconf 89' lang='lat' dir='ltr'><strong>si</strong></span> <span class='ocrx_word' id='word_1_545' title='bbox 1488 1732 1550 1766; x_wconf 89' lang='lat' dir='ltr'><strong>quis</strong></span> <span class='ocrx_word' id='word_1_546' title='bbox 1568 1733 1654 1760; x_wconf 88' lang='lat' dir='ltr'><strong>-illam</strong></span> <span class='ocrx_word' id='word_1_547' title='bbox 1690 1741 1725 1761; x_wconf 71' lang='lat' dir='ltr'><strong>ex</strong></span> <span class='ocrx_word' id='word_1_548' title='bbox 1753 1735 1808 1762; x_wconf 85' lang='lat' dir='ltr'><strong>hac</strong></span> <span class='ocrx_word' id='word_1_549' title='bbox 1833 1743 1876 1762; x_wconf 75' lang='lat' dir='ltr'><strong>ex-</strong></span> 
     </span>
    </p>
   </div>
   <div class='ocr_carea' id='block_1_82' title="bbox 1093 1776 1872 1815">
    <p class='ocr_par' dir='ltr' id='par_1_82' title="bbox 1093 1776 1872 1815">
     <span class='ocr_line' id='line_1_82' title="bbox 1093 1776 1872 1815; baseline 0.006 -14"><span class='ocrx_word' id='word_1_550' title='bbox 1093 1782 1214 1809; x_wconf 85' lang='lat' dir='ltr'><strong>pressam</strong></span> <span class='ocrx_word' id='word_1_551' title='bbox 1231 1777 1314 1809; x_wconf 87' lang='lat' dir='ltr'><strong>dicat,</strong></span> <span class='ocrx_word' id='word_1_552' title='bbox 1326 1776 1462 1810; x_wconf 89' lang='lat' dir='ltr'><strong>conjector</strong></span> <span class='ocrx_word' id='word_1_553' title='bbox 1477 1785 1530 1804; x_wconf 91' lang='lat' dir='ltr'><strong>non</strong></span> <span class='ocrx_word' id='word_1_554' title='bbox 1548 1777 1653 1812; x_wconf 87' lang='lat' dir='ltr'><strong>ineptus</strong></span> <span class='ocrx_word' id='word_1_555' title='bbox 1674 1780 1763 1807; x_wconf 89' lang='lat' dir='ltr'><strong>videri</strong></span> <span class='ocrx_word' id='word_1_556' title='bbox 1782 1782 1872 1815; x_wconf 86' lang='lat' dir='ltr'><strong>possiL</strong></span> 
     </span>
    </p>
   </div>
   <div class='ocr_carea' id='block_1_83' title="bbox 1130 1819 1874 1856">
    <p class='ocr_par' dir='ltr' id='par_1_83' title="bbox 1130 1819 1874 1856">
     <span class='ocr_line' id='line_1_83' title="bbox 1130 1819 1874 1856; baseline 0.009 -10"><span class='ocrx_word' id='word_1_557' title='bbox 1130 1819 1198 1848; x_wconf 80' lang='lat' dir='ltr'>XIII.</span> <span class='ocrx_word' id='word_1_558' title='bbox 1227 1820 1314 1850; x_wconf 81' lang='lat' dir='ltr'><strong>Josias</strong></span> <span class='ocrx_word' id='word_1_559' title='bbox 1328 1822 1473 1856; x_wconf 89' lang='lat' dir='ltr'><strong>Simlerus,</strong></span> <span class='ocrx_word' id='word_1_560' title='bbox 1499 1829 1527 1851; x_wconf 91' lang='lat' dir='ltr'><strong>et</strong></span> <span class='ocrx_word' id='word_1_561' title='bbox 1557 1824 1696 1852; x_wconf 85' lang='lat' dir='ltr'><strong>Conradus</strong></span> <span class='ocrx_word' id='word_1_562' title='bbox 1722 1825 1831 1853; x_wconf 87' lang='lat' dir='ltr'><strong>Frisius</strong></span> <span class='ocrx_word' id='word_1_563' title='bbox 1852 1827 1874 1853; x_wconf 84' lang='lat' dir='ltr'><strong>in</strong></span> 
     </span>
    </p>
   </div>
   <div class='ocr_carea' id='block_1_84' title="bbox 1096 1865 1875 1909">
    <p class='ocr_par' dir='ltr' id='par_1_84' title="bbox 1096 1865 1875 1909">
     <span class='ocr_line' id='line_1_84' title="bbox 1096 1865 1875 1909; baseline 0.01 -17"><span class='ocrx_word' id='word_1_564' title='bbox 1096 1865 1216 1900; x_wconf 82' lang='lat' dir='ltr'><strong>Epitome</strong></span> <span class='ocrx_word' id='word_1_565' title='bbox 1241 1867 1410 1897; x_wconf 66' lang='lat' dir='ltr'><strong>Bibliotheca:</strong></span> <span class='ocrx_word' id='word_1_566' title='bbox 1429 1870 1596 1899; x_wconf 73' lang='lat' dir='ltr'><strong>Gcsneriame</strong></span> <span class='ocrx_word' id='word_1_567' title='bbox 1619 1877 1735 1900; x_wconf 84' lang='lat' dir='ltr'><strong>narrant</strong></span> <span class='ocrx_word' id='word_1_568' title='bbox 1754 1873 1875 1909; x_wconf 80' lang='lat' dir='ltr'><strong>Origenis</strong></span> 
     </span>
    </p>
   </div>
   <div class='ocr_carea' id='block_1_85' title="bbox 1094 1913 1876 1947">
    <p class='ocr_par' dir='ltr' id='par_1_85' title="bbox 1094 1913 1876 1947">
     <span class='ocr_line' id='line_1_85' title="bbox 1094 1913 1876 1947; baseline 0.009 -7"><span class='ocrx_word' id='word_1_569' title='bbox 1094 1913 1190 1941; x_wconf 89' lang='lat' dir='ltr'><strong>librum</strong></span> <span class='ocrx_word' id='word_1_570' title='bbox 1213 1915 1252 1942; x_wconf 86' lang='lat' dir='ltr'><strong>De</strong></span> <span class='ocrx_word' id='word_1_571' title='bbox 1269 1917 1413 1943; x_wconf 81' lang='lat' dir='ltr'><strong>ostrolabio</strong></span> <span class='ocrx_word' id='word_1_572' title='bbox 1437 1917 1464 1944; x_wconf 92' lang='lat' dir='ltr'><strong>in</strong></span> <span class='ocrx_word' id='word_1_573' title='bbox 1485 1917 1611 1945; x_wconf 78' lang='lat' dir='ltr'><strong>Vaticana</strong></span> <span class='ocrx_word' id='word_1_574' title='bbox 1637 1919 1805 1947; x_wconf 81' lang='lat' dir='ltr'><strong>bibliotheca</strong></span> <span class='ocrx_word' id='word_1_575' title='bbox 1823 1928 1876 1947; x_wconf 81' lang='lat' dir='ltr'><strong>ser-</strong></span> 
     </span>
    </p>
   </div>
   <div class='ocr_carea' id='block_1_86' title="bbox 1094 1961 1874 2002">
    <p class='ocr_par' dir='ltr' id='par_1_86' title="bbox 1094 1961 1874 2002">
     <span class='ocr_line' id='line_1_86' title="bbox 1094 1961 1874 2002; baseline 0.008 -16"><span class='ocrx_word' id='word_1_576' title='bbox 1094 1961 1163 1987; x_wconf 87' lang='lat' dir='ltr'><strong>vari.</strong></span> <span class='ocrx_word' id='word_1_577' title='bbox 1193 1961 1352 1996; x_wconf 88' lang='lat' dir='ltr'><strong>Argumenti</strong></span> <span class='ocrx_word' id='word_1_578' title='bbox 1382 1964 1460 1998; x_wconf 89' lang='lat' dir='ltr'><strong>hujus</strong></span> <span class='ocrx_word' id='word_1_579' title='bbox 1490 1965 1665 1999; x_wconf 90' lang='lat' dir='ltr'><strong>scriptionem</strong></span> <span class='ocrx_word' id='word_1_580' title='bbox 1699 1967 1735 1993; x_wconf 85' lang='lat' dir='ltr'><strong>ab</strong></span> <span class='ocrx_word' id='word_1_581' title='bbox 1763 1965 1874 2002; x_wconf 81' lang='lat' dir='ltr'><strong>Origene</strong></span> 
     </span>
    </p>
   </div>
   <div class='ocr_carea' id='block_1_87' title="bbox 1093 2006 1874 2045">
    <p class='ocr_par' dir='ltr' id='par_1_87' title="bbox 1093 2006 1874 2045">
     <span class='ocr_line' id='line_1_87' title="bbox 1093 2006 1874 2045; baseline 0.006 -13"><span class='ocrx_word' id='word_1_582' title='bbox 1093 2006 1192 2033; x_wconf 79' lang='lat' dir='ltr'><strong>exiisse</strong></span> <span class='ocrx_word' id='word_1_583' title='bbox 1207 2014 1297 2039; x_wconf 86' lang='lat' dir='ltr'><strong>nemo,</strong></span> <span class='ocrx_word' id='word_1_584' title='bbox 1311 2008 1381 2042; x_wconf 86' lang='lat' dir='ltr'><strong>quod</strong></span> <span class='ocrx_word' id='word_1_585' title='bbox 1395 2009 1491 2041; x_wconf 82' lang='lat' dir='ltr'><strong>sciam,</strong></span> <span class='ocrx_word' id='word_1_586' title='bbox 1507 2009 1605 2036; x_wconf 80' lang='lat' dir='ltr'><strong>litteris</strong></span> <span class='ocrx_word' id='word_1_587' title='bbox 1616 2010 1750 2044; x_wconf 88' lang='lat' dir='ltr'><strong>prodidit.</strong></span> <span class='ocrx_word' id='word_1_588' title='bbox 1764 2010 1806 2038; x_wconf 80' lang='lat' dir='ltr'><strong>Ne</strong></span> <span class='ocrx_word' id='word_1_589' title='bbox 1816 2012 1874 2045; x_wconf 82' lang='lat' dir='ltr'><strong>quid</strong></span> 
     </span>
    </p>
   </div>
   <div class='ocr_carea' id='block_1_88' title="bbox 1095 2052 1875 2088">
    <p class='ocr_par' dir='ltr' id='par_1_88' title="bbox 1095 2052 1875 2088">
     <span class='ocr_line' id='line_1_88' title="bbox 1095 2052 1875 2088; baseline 0.008 -11"><span class='ocrx_word' id='word_1_590' title='bbox 1095 2055 1182 2078; x_wconf 83' lang='lat' dir='ltr'><strong>tamen</strong></span> <span class='ocrx_word' id='word_1_591' title='bbox 1199 2052 1395 2080; x_wconf 83' lang='lat' dir='ltr'><strong>incoasiderate</strong></span> <span class='ocrx_word' id='word_1_592' title='bbox 1417 2054 1600 2088; x_wconf 87' lang='lat' dir='ltr'><strong>decernerem,</strong></span> <span class='ocrx_word' id='word_1_593' title='bbox 1619 2056 1713 2082; x_wconf 83' lang='lat' dir='ltr'><strong>curavi</strong></span> <span class='ocrx_word' id='word_1_594' title='bbox 1733 2055 1875 2084; x_wconf 75' lang='lat' dir='ltr'><strong>Vaticanus</strong></span> 
     </span>
    </p>
   </div>
   <div class='ocr_carea' id='block_1_89' title="bbox 1094 2099 1875 2140">
    <p class='ocr_par' dir='ltr' id='par_1_89' title="bbox 1094 2099 1875 2140">
     <span class='ocr_line' id='line_1_89' title="bbox 1094 2099 1875 2140; baseline 0.01 -16"><span class='ocrx_word' id='word_1_595' title='bbox 1094 2099 1254 2133; x_wconf 86' lang='lat' dir='ltr'><strong>perlustrari</strong></span> <span class='ocrx_word' id='word_1_596' title='bbox 1277 2101 1387 2134; x_wconf 89' lang='lat' dir='ltr'><strong>forulos,</strong></span> <span class='ocrx_word' id='word_1_597' title='bbox 1411 2102 1513 2130; x_wconf 79' lang='lat' dir='ltr'><strong>iudices</strong></span> <span class='ocrx_word' id='word_1_598' title='bbox 1535 2103 1618 2130; x_wconf 92' lang='lat' dir='ltr'><strong>evolvi</strong></span> <span class='ocrx_word' id='word_1_599' title='bbox 1643 2113 1650 2130; x_wconf 90' lang='lat'>:</span> <span class='ocrx_word' id='word_1_600' title='bbox 1671 2104 1778 2132; x_wconf 94' lang='lat' dir='ltr'><strong>nullum</strong></span> <span class='ocrx_word' id='word_1_601' title='bbox 1804 2105 1875 2140; x_wconf 79' lang='lat' dir='ltr'><strong>plane</strong></span> 
     </span>
    </p>
   </div>
   <div class='ocr_carea' id='block_1_90' title="bbox 1095 2143 1874 2183">
    <p class='ocr_par' dir='ltr' id='par_1_90' title="bbox 1095 2143 1874 2183">
     <span class='ocr_line' id='line_1_90' title="bbox 1095 2143 1874 2183; baseline 0.01 -13"><span class='ocrx_word' id='word_1_602' title='bbox 1095 2143 1144 2170; x_wconf 91' lang='lat' dir='ltr'><strong>hoc</strong></span> <span class='ocrx_word' id='word_1_603' title='bbox 1159 2144 1237 2172; x_wconf 90' lang='lat' dir='ltr'><strong>titulo</strong></span> <span class='ocrx_word' id='word_1_604' title='bbox 1258 2145 1354 2172; x_wconf 89' lang='lat' dir='ltr'><strong>librum</strong></span> <span class='ocrx_word' id='word_1_605' title='bbox 1376 2147 1430 2174; x_wconf 88' lang='lat' dir='ltr'><strong>illic</strong></span> <span class='ocrx_word' id='word_1_606' title='bbox 1449 2148 1560 2182; x_wconf 86' lang='lat' dir='ltr'><strong>reperiri</strong></span> <span class='ocrx_word' id='word_1_607' title='bbox 1583 2149 1717 2183; x_wconf 86' lang='lat' dir='ltr'><strong>perlatum</strong></span> <span class='ocrx_word' id='word_1_608' title='bbox 1732 2155 1778 2178; x_wconf 88' lang='lat' dir='ltr'><strong>est</strong></span> <span class='ocrx_word' id='word_1_609' title='bbox 1791 2151 1823 2178; x_wconf 85' lang='lat' dir='ltr'><strong>ad</strong></span> <span class='ocrx_word' id='word_1_610' title='bbox 1838 2160 1874 2177; x_wconf 85' lang='lat' dir='ltr'><strong>me</strong></span> 
     </span>
    </p>
   </div>
   <div class='ocr_carea' id='block_1_91' title="bbox 262 2180 1873 2231">
    <p class='ocr_par' dir='ltr' id='par_1_91' title="bbox 262 2180 1873 2231">
     <span class='ocr_line' id='line_1_91' title="bbox 262 2180 1873 2231; baseline 0.01 -25"><span class='ocrx_word' id='word_1_611' title='bbox 262 2187 313 2206; x_wconf 87' lang='lat' dir='ltr'><strong>nec</strong></span> <span class='ocrx_word' id='word_1_612' title='bbox 331 2180 510 2231; x_wconf 82' lang='lat' dir='ltr'><strong>Augustinum</strong></span> <span class='ocrx_word' id='word_1_613' title='bbox 538 2181 638 2208; x_wconf 88' lang='lat' dir='ltr'><strong>referat</strong></span> <span class='ocrx_word' id='word_1_614' title='bbox 652 2189 659 2208; x_wconf 88' lang='lat'><strong>:</strong></span> <span class='ocrx_word' id='word_1_615' title='bbox 685 2182 798 2216; x_wconf 82' lang='lat' dir='ltr'><strong>proinde</strong></span> <span class='ocrx_word' id='word_1_616' title='bbox 819 2191 872 2210; x_wconf 94' lang='lat' dir='ltr'><strong>non</strong></span> <span class='ocrx_word' id='word_1_617' title='bbox 895 2189 936 2211; x_wconf 89' lang='lat' dir='ltr'><strong>est</strong></span> <span class='ocrx_word' id='word_1_618' title='bbox 959 2185 1042 2212; x_wconf 88' lang='lat' dir='ltr'><strong>visqu</strong></span> <span class='ocrx_word' id='word_1_619' title='bbox 1059 2193 1080 2221; x_wconf 80' lang='grc' dir='ltr'><strong>ι]</strong></span> <span class='ocrx_word' id='word_1_620' title='bbox 1096 2191 1130 2215; x_wconf 86' lang='lat' dir='ltr'><strong>ab</strong></span> <span class='ocrx_word' id='word_1_621' title='bbox 1144 2189 1249 2222; x_wconf 85' lang='lat' dir='ltr'><strong>amicis,</strong></span> <span class='ocrx_word' id='word_1_622' title='bbox 1264 2191 1362 2225; x_wconf 87' lang='lat' dir='ltr'><strong>quibus</strong></span> <span class='ocrx_word' id='word_1_623' title='bbox 1384 2192 1408 2219; x_wconf 87' lang='lat' dir='ltr'><strong>id</strong></span> <span class='ocrx_word' id='word_1_624' title='bbox 1429 2180 1528 2227; x_wconf 74' lang='lat' dir='ltr'><strong>negotii</strong></span> <span class='ocrx_word' id='word_1_625' title='bbox 1543 2180 1679 2222; x_wconf 81' lang='lat' dir='ltr'><strong>dederam.</strong></span> <span class='ocrx_word' id='word_1_626' title='bbox 1696 2195 1774 2223; x_wconf 87' lang='lat' dir='ltr'><strong>Inter</strong></span> <span class='ocrx_word' id='word_1_627' title='bbox 1790 2198 1873 2231; x_wconf 76' lang='lat' dir='ltr'><strong>spuria</strong></span> 
     </span>
    </p>
   </div>
   <div class='ocr_carea' id='block_1_92' title="bbox 261 2227 1043 2259">
    <p class='ocr_par' dir='ltr' id='par_1_92' title="bbox 261 2227 1043 2259">
     <span class='ocr_line' id='line_1_92' title="bbox 261 2227 1043 2259; baseline 0.01 -8"><span class='ocrx_word' id='word_1_628' title='bbox 261 2232 294 2251; x_wconf 88' lang='lat' dir='ltr'><strong>co</strong></span> <span class='ocrx_word' id='word_1_629' title='bbox 321 2233 439 2259; x_wconf 65' lang='lat' dir='ltr'><strong>pratseus</strong></span> <span class='ocrx_word' id='word_1_630' title='bbox 463 2227 588 2254; x_wconf 90' lang='lat' dir='ltr'><strong>volumen</strong></span> <span class='ocrx_word' id='word_1_631' title='bbox 615 2235 738 2255; x_wconf 87' lang='lat' dir='ltr'><strong>onerare.</strong></span> <span class='ocrx_word' id='word_1_632' title='bbox 764 2238 773 2255; x_wconf 77' lang='grc' dir='ltr'><strong><em>ι</em></strong></span> <span class='ocrx_word' id='word_1_633' title='bbox 804 2229 981 2258; x_wconf 74' lang='lat' dir='ltr'><strong>Bcllarmintts</strong></span> <span class='ocrx_word' id='word_1_634' title='bbox 1005 2231 1043 2258; x_wconf 78' lang='lat' dir='ltr'><strong>De</strong></span> 
     </span>
    </p>
   </div>
   <div class='ocr_carea' id='block_1_93' title="bbox 261 2270 1040 2311">
    <p class='ocr_par' dir='ltr' id='par_1_93' title="bbox 261 2270 1040 2311">
     <span class='ocr_line' id='line_1_93' title="bbox 261 2270 1040 2311; baseline 0.012 -16"><span class='ocrx_word' id='word_1_635' title='bbox 261 2270 350 2303; x_wconf 73' lang='lat' dir='ltr'><strong>script.</strong></span> <span class='ocrx_word' id='word_1_636' title='bbox 378 2271 522 2300; x_wconf 76' lang='lat' dir='ltr'><strong>ecclesiou.</strong></span> <span class='ocrx_word' id='word_1_637' title='bbox 549 2273 574 2299; x_wconf 92' lang='lat' dir='ltr'><strong>in</strong></span> <span class='ocrx_word' id='word_1_638' title='bbox 603 2273 757 2308; x_wconf 87' lang='lat' dir='ltr'><strong>Cypriano,</strong></span> <span class='ocrx_word' id='word_1_639' title='bbox 794 2283 879 2309; x_wconf 89' lang='lat' dir='ltr'><strong>neque</strong></span> <span class='ocrx_word' id='word_1_640' title='bbox 906 2276 1040 2311; x_wconf 87' lang='lat' dir='ltr'><strong>Origenis,</strong></span> 
     </span>
    </p>
   </div>
   <div class='ocr_carea' id='block_1_94' title="bbox 261 2316 1042 2356">
    <p class='ocr_par' dir='ltr' id='par_1_94' title="bbox 261 2316 1042 2356">
     <span class='ocr_line' id='line_1_94' title="bbox 261 2316 1042 2356; baseline 0.013 -15"><span class='ocrx_word' id='word_1_641' title='bbox 261 2323 348 2349; x_wconf 84' lang='lat' dir='ltr'><strong>neque</strong></span> <span class='ocrx_word' id='word_1_642' title='bbox 362 2316 500 2350; x_wconf 87' lang='lat' dir='ltr'><strong>Cypriani,</strong></span> <span class='ocrx_word' id='word_1_643' title='bbox 520 2319 566 2345; x_wconf 86' lang='lat' dir='ltr'><strong>sed</strong></span> <span class='ocrx_word' id='word_1_644' title='bbox 592 2318 680 2346; x_wconf 86' lang='lat' dir='ltr'><strong>Latini</strong></span> <span class='ocrx_word' id='word_1_645' title='bbox 706 2325 794 2348; x_wconf 89' lang='lat' dir='ltr'><strong>tamen</strong></span> <span class='ocrx_word' id='word_1_646' title='bbox 820 2322 961 2356; x_wconf 87' lang='lat' dir='ltr'><strong>scriptoris</strong></span> <span class='ocrx_word' id='word_1_647' title='bbox 981 2330 1042 2351; x_wconf 89' lang='lat' dir='ltr'><strong>esse</strong></span> 
     </span>
    </p>
   </div>
   <div class='ocr_carea' id='block_1_95' title="bbox 261 2361 1040 2401">
    <p class='ocr_par' dir='ltr' id='par_1_95' title="bbox 261 2361 1040 2401">
     <span class='ocr_line' id='line_1_95' title="bbox 261 2361 1040 2401; baseline 0.013 -15"><span class='ocrx_word' id='word_1_648' title='bbox 261 2365 363 2388; x_wconf 87' lang='lat' dir='ltr'><strong>censet.</strong></span> <span class='ocrx_word' id='word_1_649' title='bbox 380 2361 513 2390; x_wconf 87' lang='lat' dir='ltr'><strong>Pamclius</strong></span> <span class='ocrx_word' id='word_1_650' title='bbox 531 2369 632 2397; x_wconf 86' lang='lat' dir='ltr'><strong>autem,</strong></span> <span class='ocrx_word' id='word_1_651' title='bbox 645 2369 672 2391; x_wconf 89' lang='lat' dir='ltr'><strong>ct</strong></span> <span class='ocrx_word' id='word_1_652' title='bbox 684 2370 745 2400; x_wconf 88' lang='lat' dir='ltr'><strong>post</strong></span> <span class='ocrx_word' id='word_1_653' title='bbox 759 2373 820 2393; x_wconf 94' lang='lat' dir='ltr'><strong>eum</strong></span> <span class='ocrx_word' id='word_1_654' title='bbox 836 2367 946 2395; x_wconf 84' lang='lat' dir='ltr'><strong>Rivetus</strong></span> <span class='ocrx_word' id='word_1_655' title='bbox 957 2369 992 2401; x_wconf 80' lang='lat'><strong>“,</strong></span> <span class='ocrx_word' id='word_1_656' title='bbox 1008 2377 1040 2397; x_wconf 84' lang='lat' dir='ltr'><strong>ex</strong></span> 
     </span>
    </p>
   </div>
   <div class='ocr_carea' id='block_1_96' title="bbox 259 2404 1039 2445">
    <p class='ocr_par' dir='ltr' id='par_1_96' title="bbox 259 2404 1039 2445">
     <span class='ocr_line' id='line_1_96' title="bbox 259 2404 1039 2445; baseline 0.013 -13"><span class='ocrx_word' id='word_1_657' title='bbox 259 2404 427 2434; x_wconf 83' lang='lat' dir='ltr'><strong>hellenistnis</strong></span> <span class='ocrx_word' id='word_1_658' title='bbox 441 2408 603 2442; x_wconf 89' lang='lat' dir='ltr'><strong>quibusdam</strong></span> <span class='ocrx_word' id='word_1_659' title='bbox 623 2411 751 2445; x_wconf 77' lang='lat' dir='ltr'><strong>suspicati</strong></span> <span class='ocrx_word' id='word_1_660' title='bbox 769 2417 833 2440; x_wconf 88' lang='lat' dir='ltr'><strong>sunt</strong></span> <span class='ocrx_word' id='word_1_661' title='bbox 852 2421 867 2440; x_wconf 89' lang='lat' dir='ltr'><strong>e</strong></span> <span class='ocrx_word' id='word_1_662' title='bbox 879 2413 975 2441; x_wconf 69' lang='lat' dir='ltr'><strong>Grasco</strong></span> <span class='ocrx_word' id='word_1_663' title='bbox 986 2414 1039 2442; x_wconf 87' lang='lat' dir='ltr'><strong>La-</strong></span> 
     </span>
    </p>
   </div>
   <div class='ocr_carea' id='block_1_97' title="bbox 261 2452 1041 2491">
    <p class='ocr_par' dir='ltr' id='par_1_97' title="bbox 261 2452 1041 2491">
     <span class='ocr_line' id='line_1_97' title="bbox 261 2452 1041 2491; baseline 0.013 -13"><span class='ocrx_word' id='word_1_664' title='bbox 261 2452 318 2480; x_wconf 87' lang='lat' dir='ltr'><strong>tine</strong></span> <span class='ocrx_word' id='word_1_665' title='bbox 331 2459 392 2480; x_wconf 87' lang='lat' dir='ltr'><strong>esse</strong></span> <span class='ocrx_word' id='word_1_666' title='bbox 404 2460 577 2482; x_wconf 85' lang='lat' dir='ltr'><strong>conversum.</strong></span> <span class='ocrx_word' id='word_1_667' title='bbox 599 2455 713 2491; x_wconf 74' lang='lat' dir='ltr'><strong>Sulljicil</strong></span> <span class='ocrx_word' id='word_1_668' title='bbox 732 2458 865 2486; x_wconf 84' lang='lat' dir='ltr'><strong>Pamelius</strong></span> <span class='ocrx_word' id='word_1_669' title='bbox 883 2466 995 2488; x_wconf 88' lang='lat' dir='ltr'><strong>censere</strong></span> <span class='ocrx_word' id='word_1_670' title='bbox 1011 2469 1041 2488; x_wconf 91' lang='lat' dir='ltr'><strong>se</strong></span> 
     </span>
    </p>
   </div>
   <div class='ocr_carea' id='block_1_98' title="bbox 259 2499 1041 2540">
    <p class='ocr_par' dir='ltr' id='par_1_98' title="bbox 259 2499 1041 2540">
     <span class='ocr_line' id='line_1_98' title="bbox 259 2499 1041 2540; baseline 0.013 -16"><span class='ocrx_word' id='word_1_671' title='bbox 259 2505 419 2526; x_wconf 87' lang='lat' dir='ltr'><strong>conversum</strong></span> <span class='ocrx_word' id='word_1_672' title='bbox 447 2499 498 2527; x_wconf 80' lang='lat' dir='ltr'><strong>hoc</strong></span> <span class='ocrx_word' id='word_1_673' title='bbox 515 2508 583 2534; x_wconf 91' lang='lat' dir='ltr'><strong>opus</strong></span> <span class='ocrx_word' id='word_1_674' title='bbox 602 2501 657 2536; x_wconf 88' lang='lat' dir='ltr'><strong>jam</strong></span> <span class='ocrx_word' id='word_1_675' title='bbox 675 2503 736 2530; x_wconf 84' lang='lat' dir='ltr'><strong>inde</strong></span> <span class='ocrx_word' id='word_1_676' title='bbox 758 2504 792 2531; x_wconf 92' lang='lat' dir='ltr'><strong>ab</strong></span> <span class='ocrx_word' id='word_1_677' title='bbox 805 2510 884 2532; x_wconf 68' lang='lat' dir='ltr'><strong>aetate</strong></span> <span class='ocrx_word' id='word_1_678' title='bbox 902 2505 1041 2540; x_wconf 83' lang='lat' dir='ltr'><strong>Cypriani,</strong></span> 
     </span>
    </p>
   </div>
   <div class='ocr_carea' id='block_1_99' title="bbox 259 2543 1040 2581">
    <p class='ocr_par' dir='ltr' id='par_1_99' title="bbox 259 2543 1040 2581">
     <span class='ocr_line' id='line_1_99' title="bbox 259 2543 1040 2581; baseline 0.013 -12"><span class='ocrx_word' id='word_1_679' title='bbox 259 2543 295 2570; x_wconf 86' lang='lat' dir='ltr'><strong>ob</strong></span> <span class='ocrx_word' id='word_1_680' title='bbox 313 2543 451 2572; x_wconf 86' lang='lat' dir='ltr'><strong>schemata</strong></span> <span class='ocrx_word' id='word_1_681' title='bbox 474 2550 502 2572; x_wconf 88' lang='lat' dir='ltr'><strong>et</strong></span> <span class='ocrx_word' id='word_1_682' title='bbox 521 2546 635 2580; x_wconf 79' lang='lat' dir='ltr'><strong>phrases</strong></span> <span class='ocrx_word' id='word_1_683' title='bbox 656 2547 714 2581; x_wconf 84' lang='lat' dir='ltr'><strong>ejus</strong></span> <span class='ocrx_word' id='word_1_684' title='bbox 726 2549 825 2577; x_wconf 63' lang='lat' dir='ltr'><strong>aetatis.</strong></span> <span class='ocrx_word' id='word_1_685' title='bbox 842 2550 942 2578; x_wconf 86' lang='lat' dir='ltr'><strong>Contra</strong></span> <span class='ocrx_word' id='word_1_686' title='bbox 954 2551 1040 2580; x_wconf 86' lang='lat' dir='ltr'><strong>Baro-</strong></span> 
     </span>
    </p>
   </div>
   <div class='ocr_carea' id='block_1_100' title="bbox 296 2669 821 2708">
    <p class='ocr_par' dir='ltr' id='par_1_100' title="bbox 296 2669 821 2708">
     <span class='ocr_line' id='line_1_100' title="bbox 296 2669 821 2708; baseline 0.017 -12"><span class='ocrx_word' id='word_1_687' title='bbox 296 2669 440 2708; x_wconf 43' lang='lat' dir='ltr'><strong>:‘Ullaron.</strong></span> <span class='ocrx_word' id='word_1_688' title='bbox 465 2680 510 2702; x_wconf 87' lang='lat' dir='ltr'><strong>an.</strong></span> <span class='ocrx_word' id='word_1_689' title='bbox 532 2673 596 2706; x_wconf 70' lang='lat'><strong>255,</strong></span> <span class='ocrx_word' id='word_1_690' title='bbox 621 2683 680 2708; x_wconf 86' lang='lat' dir='ltr'><strong>cap.</strong></span> <span class='ocrx_word' id='word_1_691' title='bbox 705 2677 750 2708; x_wconf 80' lang='lat' dir='ltr'><strong>I5,</strong></span> <span class='ocrx_word' id='word_1_692' title='bbox 776 2677 821 2706; x_wconf 68' lang='grc'><strong>44.</strong></span> 
     </span>
    </p>
   </div>
   <div class='ocr_carea' id='block_1_101' title="bbox 258 2702 1009 2750">
    <p class='ocr_par' dir='ltr' id='par_1_101' title="bbox 258 2702 1009 2750">
     <span class='ocr_line' id='line_1_101' title="bbox 258 2702 1009 2750; baseline 0.016 -20"><span class='ocrx_word' id='word_1_693' title='bbox 258 2702 408 2741; x_wconf 67' lang='lat' dir='ltr'><strong>“Philipp.</strong></span> <span class='ocrx_word' id='word_1_694' title='bbox 427 2715 457 2739; x_wconf 89' lang='grc' dir='ltr'>ιι,</span> <span class='ocrx_word' id='word_1_695' title='bbox 471 2708 498 2737; x_wconf 85' lang='lat'><strong>6.</strong></span> <span class='ocrx_word' id='word_1_696' title='bbox 537 2709 559 2725; x_wconf 78' lang='grc'><strong>⁸⁸</strong></span> <span class='ocrx_word' id='word_1_697' title='bbox 580 2702 890 2741; x_wconf 29' lang='lat' dir='ltr'><strong>Pussévinradvcalcem</strong></span> 
     </span>
    </p>
   </div>
   <div class='ocr_carea' id='block_1_102' title="bbox 867 2679 1563 2722">
    <p class='ocr_par' dir='ltr' id='par_1_102' title="bbox 867 2679 1563 2722">
     <span class='ocr_line' id='line_1_102' title="bbox 867 2679 1563 2722; baseline 0.014 -17"><span class='ocrx_word' id='word_1_698' title='bbox 867 2679 889 2695; x_wconf 82' lang='lat'><strong><em>“</em></strong></span> <span class='ocrx_word' id='word_1_699' title='bbox 911 2679 999 2722; x_wconf 46' lang='lat' dir='ltr'><strong>liivet.</strong></span> <span class='ocrx_word' id='word_1_700' title='bbox 1021 2680 1114 2709; x_wconf 70' lang='lat' dir='ltr'><strong>Critia.</strong></span> <span class='ocrx_word' id='word_1_701' title='bbox 1145 2692 1215 2711; x_wconf 81' lang='lat' dir='ltr'><strong>sacr.</strong></span> <span class='ocrx_word' id='word_1_702' title='bbox 1232 2685 1279 2714; x_wconf 88' lang='lat' dir='ltr'><strong>lib.</strong></span> <span class='ocrx_word' id='word_1_703' title='bbox 1297 2693 1327 2718; x_wconf 89' lang='lat' dir='ltr'><strong>tl,</strong></span> <span class='ocrx_word' id='word_1_704' title='bbox 1344 2694 1403 2722; x_wconf 79' lang='lat' dir='ltr'><strong>cap.</strong></span> <span class='ocrx_word' id='word_1_705' title='bbox 1423 2688 1456 2716; x_wconf 78' lang='lat' dir='ltr'>I5</span> <span class='ocrx_word' id='word_1_706' title='bbox 1470 2693 1496 2715; x_wconf 88' lang='lat' dir='ltr'><strong>et</strong></span> <span class='ocrx_word' id='word_1_707' title='bbox 1520 2688 1563 2716; x_wconf 78' lang='lat' dir='ltr'><strong>I5.</strong></span> 
     </span>
    </p>
   </div>
   <div class='ocr_carea' id='block_1_103' title="bbox 1092 2235 1873 2275">
    <p class='ocr_par' dir='ltr' id='par_1_103' title="bbox 1092 2235 1873 2275">
     <span class='ocr_line' id='line_1_103' title="bbox 1092 2235 1873 2275; baseline 0.009 -13"><span class='ocrx_word' id='word_1_708' title='bbox 1092 2235 1193 2270; x_wconf 85' lang='lat' dir='ltr'><strong>itaque,</strong></span> <span class='ocrx_word' id='word_1_709' title='bbox 1207 2242 1234 2264; x_wconf 81' lang='lat' dir='ltr'><strong>et</strong></span> <span class='ocrx_word' id='word_1_710' title='bbox 1250 2237 1319 2265; x_wconf 89' lang='lat' dir='ltr'><strong>falso</strong></span> <span class='ocrx_word' id='word_1_711' title='bbox 1333 2238 1418 2265; x_wconf 87' lang='lat' dir='ltr'><strong>aIIicta</strong></span> <span class='ocrx_word' id='word_1_712' title='bbox 1436 2239 1545 2275; x_wconf 89' lang='lat' dir='ltr'><strong>Origeui</strong></span> <span class='ocrx_word' id='word_1_713' title='bbox 1561 2248 1640 2275; x_wconf 85' lang='lat' dir='ltr'><strong>opera</strong></span> <span class='ocrx_word' id='word_1_714' title='bbox 1659 2241 1734 2269; x_wconf 90' lang='lat' dir='ltr'><strong>istud</strong></span> <span class='ocrx_word' id='word_1_715' title='bbox 1750 2245 1873 2270; x_wconf 79' lang='lat' dir='ltr'><strong>amarule-</strong></span> 
     </span>
    </p>
   </div>
   <div class='ocr_carea' id='block_1_104' title="bbox 1094 2282 1872 2318">
    <p class='ocr_par' dir='ltr' id='par_1_104' title="bbox 1094 2282 1872 2318">
     <span class='ocr_line' id='line_1_104' title="bbox 1094 2282 1872 2318; baseline 0.01 -11"><span class='ocrx_word' id='word_1_716' title='bbox 1094 2285 1147 2309; x_wconf 87' lang='lat' dir='ltr'><strong>tur.</strong></span> <span class='ocrx_word' id='word_1_717' title='bbox 1170 2282 1240 2309; x_wconf 90' lang='lat' dir='ltr'><strong>ldem</strong></span> <span class='ocrx_word' id='word_1_718' title='bbox 1264 2289 1355 2318; x_wconf 89' lang='lat' dir='ltr'><strong>aperte</strong></span> <span class='ocrx_word' id='word_1_719' title='bbox 1373 2285 1488 2313; x_wconf 85' lang='lat' dir='ltr'><strong>delinire</strong></span> <span class='ocrx_word' id='word_1_720' title='bbox 1515 2294 1567 2314; x_wconf 89' lang='lat' dir='ltr'><strong>non</strong></span> <span class='ocrx_word' id='word_1_721' title='bbox 1580 2287 1665 2314; x_wconf 87' lang='lat' dir='ltr'><strong>ausim</strong></span> <span class='ocrx_word' id='word_1_722' title='bbox 1688 2288 1723 2315; x_wconf 87' lang='lat' dir='ltr'><strong>de</strong></span> <span class='ocrx_word' id='word_1_723' title='bbox 1742 2289 1872 2316; x_wconf 72' lang='lat' dir='ltr'><strong>Bretiorio</strong></span> 
     </span>
    </p>
   </div>
   <div class='ocr_carea' id='block_1_105' title="bbox 1092 2326 1870 2369">
    <p class='ocr_par' dir='ltr' id='par_1_105' title="bbox 1092 2326 1870 2369">
     <span class='ocr_line' id='line_1_105' title="bbox 1092 2326 1870 2369; baseline 0.015 -16"><span class='ocrx_word' id='word_1_724' title='bbox 1092 2326 1226 2362; x_wconf 81' lang='lat' dir='ltr'><strong>Origenis,</strong></span> <span class='ocrx_word' id='word_1_725' title='bbox 1247 2329 1318 2363; x_wconf 87' lang='lat' dir='ltr'><strong>quod</strong></span> <span class='ocrx_word' id='word_1_726' title='bbox 1337 2330 1362 2357; x_wconf 91' lang='lat' dir='ltr'><strong>iu</strong></span> <span class='ocrx_word' id='word_1_727' title='bbox 1378 2330 1525 2359; x_wconf 60' lang='lat' dir='ltr'><strong>Ceseualis</strong></span> <span class='ocrx_word' id='word_1_728' title='bbox 1548 2332 1719 2360; x_wconf 76' lang='lat' dir='ltr'><strong>bibliotheca:</strong></span> <span class='ocrx_word' id='word_1_729' title='bbox 1736 2333 1870 2369; x_wconf 78' lang='lat' dir='ltr'><strong>Catalogo.</strong></span> 
     </span>
    </p>
   </div>
   <div class='ocr_carea' id='block_1_106' title="bbox 1092 2372 1871 2409">
    <p class='ocr_par' dir='ltr' id='par_1_106' title="bbox 1092 2372 1871 2409">
     <span class='ocr_line' id='line_1_106' title="bbox 1092 2372 1871 2409; baseline 0.012 -11"><span class='ocrx_word' id='word_1_730' title='bbox 1092 2372 1126 2399; x_wconf 88' lang='lat' dir='ltr'><strong>ab</strong></span> <span class='ocrx_word' id='word_1_731' title='bbox 1149 2372 1312 2409; x_wconf 85' lang='lat' dir='ltr'><strong>Hieronymo</strong></span> <span class='ocrx_word' id='word_1_732' title='bbox 1334 2382 1495 2403; x_wconf 87' lang='lat' dir='ltr'><strong>conversum</strong></span> <span class='ocrx_word' id='word_1_733' title='bbox 1516 2378 1607 2405; x_wconf 88' lang='lat' dir='ltr'><strong>haberi</strong></span> <span class='ocrx_word' id='word_1_734' title='bbox 1628 2379 1727 2406; x_wconf 88' lang='lat' dir='ltr'><strong>scribit</strong></span> <span class='ocrx_word' id='word_1_735' title='bbox 1752 2379 1871 2407; x_wconf 82' lang='lat' dir='ltr'><strong>Possevi-</strong></span> 
     </span>
    </p>
   </div>
   <div class='ocr_carea' id='block_1_107' title="bbox 1093 2419 1872 2458">
    <p class='ocr_par' dir='ltr' id='par_1_107' title="bbox 1093 2419 1872 2458">
     <span class='ocr_line' id='line_1_107' title="bbox 1093 2419 1872 2458; baseline 0.012 -14"><span class='ocrx_word' id='word_1_736' title='bbox 1093 2426 1144 2446; x_wconf 91' lang='lat' dir='ltr'><strong>nus</strong></span> <span class='ocrx_word' id='word_1_737' title='bbox 1158 2419 1198 2452; x_wconf 73' lang='lat'><strong>&quot;;</strong></span> <span class='ocrx_word' id='word_1_738' title='bbox 1216 2427 1303 2453; x_wconf 81' lang='lat' dir='ltr'><strong>neque</strong></span> <span class='ocrx_word' id='word_1_739' title='bbox 1320 2421 1353 2448; x_wconf 91' lang='lat' dir='ltr'><strong>de</strong></span> <span class='ocrx_word' id='word_1_740' title='bbox 1369 2421 1508 2454; x_wconf 80' lang='lat' dir='ltr'><strong>Sermone,</strong></span> <span class='ocrx_word' id='word_1_741' title='bbox 1525 2424 1570 2458; x_wconf 89' lang='lat' dir='ltr'><strong>qui</strong></span> <span class='ocrx_word' id='word_1_742' title='bbox 1583 2423 1622 2451; x_wconf 76' lang='lat' dir='ltr'><strong>De</strong></span> <span class='ocrx_word' id='word_1_743' title='bbox 1638 2425 1770 2452; x_wconf 76' lang='lat' dir='ltr'><strong>catechesi</strong></span> <span class='ocrx_word' id='word_1_744' title='bbox 1784 2427 1872 2453; x_wconf 89' lang='lat' dir='ltr'><strong>inscri-</strong></span> 
     </span>
    </p>
   </div>
   <div class='ocr_carea' id='block_1_108' title="bbox 1093 2466 1869 2504">
    <p class='ocr_par' dir='ltr' id='par_1_108' title="bbox 1093 2466 1869 2504">
     <span class='ocr_line' id='line_1_108' title="bbox 1093 2466 1869 2504; baseline 0.009 -13"><span class='ocrx_word' id='word_1_745' title='bbox 1093 2469 1154 2499; x_wconf 89' lang='lat' dir='ltr'><strong>ptus</strong></span> <span class='ocrx_word' id='word_1_746' title='bbox 1164 2471 1216 2496; x_wconf 84' lang='lat' dir='ltr'><strong>est,</strong></span> <span class='ocrx_word' id='word_1_747' title='bbox 1230 2471 1257 2493; x_wconf 89' lang='lat' dir='ltr'><strong>et</strong></span> <span class='ocrx_word' id='word_1_748' title='bbox 1272 2466 1298 2493; x_wconf 89' lang='lat' dir='ltr'><strong>in</strong></span> <span class='ocrx_word' id='word_1_749' title='bbox 1318 2466 1550 2504; x_wconf 83' lang='lat' dir='ltr'><strong>Heidelbergensis</strong></span> <span class='ocrx_word' id='word_1_750' title='bbox 1567 2469 1739 2498; x_wconf 60' lang='lat' dir='ltr'><strong>bibliotheca</strong></span> <span class='ocrx_word' id='word_1_751' title='bbox 1748 2471 1869 2503; x_wconf 71' lang='lat' dir='ltr'><strong>Caulogo</strong></span> 
     </span>
    </p>
   </div>
   <div class='ocr_carea' id='block_1_109' title="bbox 1093 2510 1868 2549">
    <p class='ocr_par' dir='ltr' id='par_1_109' title="bbox 1093 2510 1868 2549">
     <span class='ocr_line' id='line_1_109' title="bbox 1093 2510 1868 2549; baseline 0.009 -13"><span class='ocrx_word' id='word_1_752' title='bbox 1093 2510 1127 2537; x_wconf 81' lang='lat' dir='ltr'><strong>ab</strong></span> <span class='ocrx_word' id='word_1_753' title='bbox 1150 2511 1243 2538; x_wconf 89' lang='lat' dir='ltr'><strong>eodem</strong></span> <span class='ocrx_word' id='word_1_754' title='bbox 1270 2518 1426 2541; x_wconf 85' lang='lat' dir='ltr'><strong>recensetur</strong></span> <span class='ocrx_word' id='word_1_755' title='bbox 1442 2523 1449 2541; x_wconf 92' lang='lat'><strong>:</strong></span> <span class='ocrx_word' id='word_1_756' title='bbox 1467 2516 1591 2549; x_wconf 89' lang='lat' dir='ltr'><strong>quamvis</strong></span> <span class='ocrx_word' id='word_1_757' title='bbox 1617 2517 1676 2544; x_wconf 66' lang='lat' dir='ltr'><strong>haec</strong></span> <span class='ocrx_word' id='word_1_758' title='bbox 1701 2518 1770 2545; x_wconf 89' lang='lat' dir='ltr'><strong>mihi</strong></span> <span class='ocrx_word' id='word_1_759' title='bbox 1799 2518 1868 2544; x_wconf 77' lang='lat' dir='ltr'><strong>valde</strong></span> 
     </span>
    </p>
   </div>
   <div class='ocr_carea' id='block_1_110' title="bbox 1093 2557 1295 2590">
    <p class='ocr_par' dir='ltr' id='par_1_110' title="bbox 1093 2557 1295 2590">
     <span class='ocr_line' id='line_1_110' title="bbox 1093 2557 1295 2590; baseline 0.01 -8"><span class='ocrx_word' id='word_1_760' title='bbox 1093 2561 1215 2590; x_wconf 87' lang='lat' dir='ltr'><strong>suspecta</strong></span> <span class='ocrx_word' id='word_1_761' title='bbox 1231 2557 1295 2584; x_wconf 86' lang='lat' dir='ltr'><strong>sint.</strong></span> 
     </span>
    </p>
   </div>
   <div class='ocr_carea' id='block_1_111' title="bbox 1615 2689 1862 2724">
    <p class='ocr_par' dir='ltr' id='par_1_111' title="bbox 1615 2689 1862 2724">
     <span class='ocr_line' id='line_1_111' title="bbox 1615 2689 1862 2724; baseline 0.016 -8"><span class='ocrx_word' id='word_1_762' title='bbox 1615 2689 1641 2724; x_wconf 48' lang='grc'><strong>⁵³,</strong></span> <span class='ocrx_word' id='word_1_763' title='bbox 1652 2689 1732 2718; x_wconf 86' lang='lat' dir='ltr'><strong>.loan.</strong></span> <span class='ocrx_word' id='word_1_764' title='bbox 1759 2699 1812 2724; x_wconf 79' lang='lat' dir='ltr'><strong>xiv,</strong></span> <span class='ocrx_word' id='word_1_765' title='bbox 1826 2690 1862 2719; x_wconf 68' lang='lat' dir='ltr'><strong>ES.</strong></span> 
     </span>
    </p>
   </div>
  </div>
