  <div class='ocr_page' id='page_1' title='image "/cluster/home/n/w/nwhite01/storage/ocr_20150623/17/njp.32101010944583/892.png"; bbox 0 0 1908 3071; ppageno 0'>
   <div class='ocr_carea' id='block_1_1' title="bbox 83 87 167 116">
    <p class='ocr_par' dir='ltr' id='par_1_1' title="bbox 83 87 167 116">
     <span class='ocr_line' id='line_1_1' title="bbox 83 87 167 116; baseline 0.024 -2"><span class='ocrx_word' id='word_1_1' title='bbox 83 87 96 114; x_wconf 71' lang='grc'>1</span> <span class='ocrx_word' id='word_1_2' title='bbox 103 87 167 116; x_wconf 69' lang='grc' dir='ltr'><strong>Ξεῖὶ</strong></span> 
     </span>
    </p>
   </div>
   <div class='ocr_carea' id='block_1_2' title="bbox 90 163 1492 187">
    <p class='ocr_par' dir='ltr' id='par_1_2' title="bbox 90 163 1492 187">
     <span class='ocr_line' id='line_1_2' title="bbox 90 163 1492 187; baseline 0.003 -10"><span class='ocrx_word' id='word_1_3' title='bbox 90 163 1492 187; x_wconf 44' lang='lat' dir='ltr'><strong>amr——</strong></span> 
     </span>
    </p>
   </div>
   <div class='ocr_carea' id='block_1_3' title="bbox 486 88 1318 122">
    <p class='ocr_par' dir='ltr' id='par_1_3' title="bbox 486 88 1318 122">
     <span class='ocr_line' id='line_1_3' title="bbox 486 88 1318 122; baseline 0.006 -7"><span class='ocrx_word' id='word_1_4' title='bbox 486 88 698 116; x_wconf 76' lang='lat' dir='ltr'><strong>EXCERPTUM</strong></span> <span class='ocrx_word' id='word_1_5' title='bbox 718 89 763 116; x_wconf 68' lang='lat' dir='ltr'><strong>EX</strong></span> <span class='ocrx_word' id='word_1_6' title='bbox 784 90 815 118; x_wconf 68' lang='grc' dir='ltr'><strong>(ἶ.</strong></span> <span class='ocrx_word' id='word_1_7' title='bbox 837 89 935 118; x_wconf 84' lang='lat' dir='ltr'><strong>BULLI</strong></span> <span class='ocrx_word' id='word_1_8' title='bbox 957 91 1030 118; x_wconf 84' lang='lat' dir='ltr'><strong>DEF.</strong></span> <span class='ocrx_word' id='word_1_9' title='bbox 1050 92 1139 119; x_wconf 84' lang='lat' dir='ltr'><strong>FlDEI</strong></span> <span class='ocrx_word' id='word_1_10' title='bbox 1160 93 1318 122; x_wconf 73' lang='grc' dir='ltr'><strong>ΝΙΟᾹΞΝᾸΞ.</strong></span> 
     </span>
    </p>
   </div>
   <div class='ocr_carea' id='block_1_4' title="bbox 684 228 1114 313">
    <p class='ocr_par' dir='ltr' id='par_1_4' title="bbox 684 228 1114 313">
     <span class='ocr_line' id='line_1_4' title="bbox 684 228 1114 313; baseline 0.009 -4"><span class='ocrx_word' id='word_1_11' title='bbox 684 228 1114 313; x_wconf 81' lang='lat' dir='ltr'><strong>EXCERPTUM</strong></span> 
     </span>
    </p>
   </div>
   <div class='ocr_carea' id='block_1_5' title="bbox 882 374 922 395">
    <p class='ocr_par' dir='ltr' id='par_1_5' title="bbox 882 374 922 395">
     <span class='ocr_line' id='line_1_5' title="bbox 882 374 922 395; baseline 0.025 -1"><span class='ocrx_word' id='word_1_12' title='bbox 882 374 922 395; x_wconf 74' lang='lat' dir='ltr'><strong>EX</strong></span> 
     </span>
    </p>
   </div>
   <div class='ocr_carea' id='block_1_6' title="bbox 562 452 1242 510">
    <p class='ocr_par' dir='ltr' id='par_1_6' title="bbox 562 452 1242 510">
     <span class='ocr_line' id='line_1_6' title="bbox 562 452 1242 510; baseline 0.003 -2"><span class='ocrx_word' id='word_1_13' title='bbox 562 452 940 510; x_wconf 76' lang='lat' dir='ltr'><strong>GEORGII</strong></span> <span class='ocrx_word' id='word_1_14' title='bbox 975 453 1242 510; x_wconf 78' lang='lat' dir='ltr'><strong>BULLI</strong></span> 
     </span>
    </p>
   </div>
   <div class='ocr_carea' id='block_1_7' title="bbox 747 559 1061 590">
    <p class='ocr_par' dir='ltr' id='par_1_7' title="bbox 747 559 1061 590">
     <span class='ocr_line' id='line_1_7' title="bbox 747 559 1061 590; baseline 0.003 -1"><span class='ocrx_word' id='word_1_15' title='bbox 747 559 879 590; x_wconf 85' lang='lat' dir='ltr'><strong>PRESB.</strong></span> <span class='ocrx_word' id='word_1_16' title='bbox 904 559 981 589; x_wconf 81' lang='lat' dir='ltr'><strong>ANG</strong></span> <span class='ocrx_word' id='word_1_17' title='bbox 988 560 1061 590; x_wconf 88' lang='lat' dir='ltr'><strong>LlC.</strong></span> 
     </span>
    </p>
   </div>
   <div class='ocr_carea' id='block_1_8' title="bbox 444 648 1355 695">
    <p class='ocr_par' dir='ltr' id='par_1_8' title="bbox 444 648 1355 695">
     <span class='ocr_line' id='line_1_8' title="bbox 444 648 1355 695; baseline 0.001 -2"><span class='ocrx_word' id='word_1_18' title='bbox 444 648 827 694; x_wconf 85' lang='lat' dir='ltr'><strong>DEFENSIONE</strong></span> <span class='ocrx_word' id='word_1_19' title='bbox 867 649 1030 692; x_wconf 80' lang='lat' dir='ltr'><strong>FIDE]</strong></span> <span class='ocrx_word' id='word_1_20' title='bbox 1071 650 1355 695; x_wconf 68' lang='lat' dir='ltr'><strong>NICIENIE.</strong></span> 
     </span>
    </p>
   </div>
   <div class='ocr_carea' id='block_1_9' title="bbox 644 742 1154 781">
    <p class='ocr_par' dir='ltr' id='par_1_9' title="bbox 644 742 1154 781">
     <span class='ocr_line' id='line_1_9' title="bbox 644 742 1154 781; baseline 0 -9"><span class='ocrx_word' id='word_1_21' title='bbox 644 745 720 780; x_wconf 75' lang='lat' dir='ltr'><strong>(Cap.</strong></span> <span class='ocrx_word' id='word_1_22' title='bbox 735 744 782 778; x_wconf 84' lang='lat' dir='ltr'><strong>IX,</strong></span> <span class='ocrx_word' id='word_1_23' title='bbox 797 743 835 770; x_wconf 79' lang='lat' dir='ltr'><strong>De</strong></span> <span class='ocrx_word' id='word_1_24' title='bbox 851 742 914 770; x_wconf 80' lang='lat' dir='ltr'><strong><em>Filii</em></strong></span> <span class='ocrx_word' id='word_1_25' title='bbox 928 742 969 776; x_wconf 85' lang='grc' dir='ltr'><strong>τῷ</strong></span> <span class='ocrx_word' id='word_1_26' title='bbox 982 744 1154 781; x_wconf 81' lang='grc' dir='ltr'><strong>δμοουσίῳ.)</strong></span> 
     </span>
    </p>
   </div>
   <div class='ocr_carea' id='block_1_10' title="bbox 82 888 1706 928">
    <p class='ocr_par' dir='ltr' id='par_1_10' title="bbox 82 888 1706 928">
     <span class='ocr_line' id='line_1_10' title="bbox 82 888 1706 928; baseline 0.001 -9"><span class='ocrx_word' id='word_1_27' title='bbox 82 891 214 927; x_wconf 79' lang='lat' dir='ltr'><strong>Origem&#39;s</strong></span> <span class='ocrx_word' id='word_1_28' title='bbox 230 891 380 918; x_wconf 71' lang='lat' dir='ltr'><strong>doctrinam</strong></span> <span class='ocrx_word' id='word_1_29' title='bbox 395 890 428 928; x_wconf 72' lang='lat' dir='ltr'><strong>de</strong></span> <span class='ocrx_word' id='word_1_30' title='bbox 535 889 582 917; x_wconf 79' lang='lat' dir='ltr'><strong>Dei</strong></span> <span class='ocrx_word' id='word_1_31' title='bbox 602 897 670 928; x_wconf 83' lang='lat' dir='ltr'><strong>_vera</strong></span> <span class='ocrx_word' id='word_1_32' title='bbox 692 889 828 928; x_wconf 65' lang='lat' dir='ltr'><strong>divinitate</strong></span> <span class='ocrx_word' id='word_1_33' title='bbox 857 888 964 928; x_wconf 78' lang='lat' dir='ltr'><strong>omnino</strong></span> <span class='ocrx_word' id='word_1_34' title='bbox 992 889 1162 928; x_wconf 79' lang='lat' dir='ltr'><strong>catltolicam_</strong></span> <span class='ocrx_word' id='word_1_35' title='bbox 1177 895 1201 928; x_wconf 72' lang='lat' dir='ltr'><strong>et</strong></span> <span class='ocrx_word' id='word_1_36' title='bbox 1229 890 1346 928; x_wconf 68' lang='lat' dir='ltr'><strong>Nica&#39;na:</strong></span> <span class='ocrx_word' id='word_1_37' title='bbox 1376 892 1438 926; x_wconf 74' lang='lat' dir='ltr'><strong>ﬁdei</strong></span> <span class='ocrx_word' id='word_1_38' title='bbox 1465 892 1542 925; x_wconf 79' lang='lat' dir='ltr'><strong>plane</strong></span> <span class='ocrx_word' id='word_1_39' title='bbox 1566 902 1706 921; x_wconf 74' lang='lat' dir='ltr'><strong>consonam</strong></span> 
     </span>
    </p>
   </div>
   <div class='ocr_carea' id='block_1_11' title="bbox 121 925 1707 965">
    <p class='ocr_par' dir='ltr' id='par_1_11' title="bbox 121 925 1707 965">
     <span class='ocr_line' id='line_1_11' title="bbox 121 925 1707 965; baseline 0.005 -16"><span class='ocrx_word' id='word_1_40' title='bbox 121 925 218 965; x_wconf 54' lang='grc' dir='ltr'><strong>ρῇδες,</strong></span> <span class='ocrx_word' id='word_1_41' title='bbox 234 928 362 965; x_wconf 56' lang='grc' dir='ltr'><strong>ρτωιξῇρυε</strong></span> <span class='ocrx_word' id='word_1_42' title='bbox 373 934 404 953; x_wconf 72' lang='lat' dir='ltr'><strong>ea:</strong></span> <span class='ocrx_word' id='word_1_43' title='bbox 419 926 566 965; x_wconf 59' lang='lat' dir='ltr'><strong>indubitata</strong></span> <span class='ocrx_word' id='word_1_44' title='bbox 583 925 652 965; x_wconf 63' lang='lat' dir='ltr'><strong>eius,</strong></span> <span class='ocrx_word' id='word_1_45' title='bbox 673 930 697 950; x_wconf 85' lang='lat' dir='ltr'><strong>et</strong></span> <span class='ocrx_word' id='word_1_46' title='bbox 725 925 849 965; x_wconf 70' lang='lat' dir='ltr'><strong>maxime</strong></span> <span class='ocrx_word' id='word_1_47' title='bbox 861 925 1021 965; x_wconf 66' lang='lat' dir='ltr'><strong>incorrupto,</strong></span> <span class='ocrx_word' id='word_1_48' title='bbox 1042 929 1119 960; x_wconf 80' lang='lat' dir='ltr'><strong>atque</strong></span> <span class='ocrx_word' id='word_1_49' title='bbox 1136 926 1167 951; x_wconf 84' lang='lat' dir='ltr'><strong>ab</strong></span> <span class='ocrx_word' id='word_1_50' title='bbox 1188 926 1244 960; x_wconf 77' lang='lat' dir='ltr'><strong>ipso</strong></span> <span class='ocrx_word' id='word_1_51' title='bbox 1253 927 1311 960; x_wconf 80' lang='lat' dir='ltr'><strong>jam</strong></span> <span class='ocrx_word' id='word_1_52' title='bbox 1329 925 1387 954; x_wconf 74' lang='lat' dir='ltr'><strong>seno</strong></span> <span class='ocrx_word' id='word_1_53' title='bbox 1403 930 1560 956; x_wconf 77' lang='lat' dir='ltr'><strong>accuratiori</strong></span> <span class='ocrx_word' id='word_1_54' title='bbox 1571 929 1707 965; x_wconf 80' lang='lat' dir='ltr'><strong>diligentia</strong></span> 
     </span>
    </p>
   </div>
   <div class='ocr_carea' id='block_1_12' title="bbox 118 959 1051 996">
    <p class='ocr_par' dir='ltr' id='par_1_12' title="bbox 118 959 1051 996">
     <span class='ocr_line' id='line_1_12' title="bbox 118 959 1051 996; baseline -0.002 -7"><span class='ocrx_word' id='word_1_55' title='bbox 118 959 275 990; x_wconf 72' lang='lat' dir='ltr'><strong>elucubroto</strong></span> <span class='ocrx_word' id='word_1_56' title='bbox 293 959 374 996; x_wconf 82' lang='lat' dir='ltr'><strong>Opere</strong></span> <span class='ocrx_word' id='word_1_57' title='bbox 386 966 480 988; x_wconf 85' lang='lat' dir='ltr'><strong>contra</strong></span> <span class='ocrx_word' id='word_1_58' title='bbox 491 960 610 994; x_wconf 78' lang='lat' dir='ltr'><strong>Celsum,</strong></span> <span class='ocrx_word' id='word_1_59' title='bbox 628 960 684 994; x_wconf 70' lang='lat' dir='ltr'><strong>fuse</strong></span> <span class='ocrx_word' id='word_1_60' title='bbox 698 966 722 987; x_wconf 82' lang='lat' dir='ltr'><strong>et</strong></span> <span class='ocrx_word' id='word_1_61' title='bbox 738 959 879 986; x_wconf 75' lang='lat' dir='ltr'><strong>luculenter</strong></span> <span class='ocrx_word' id='word_1_62' title='bbox 895 959 1051 987; x_wconf 74' lang='lat' dir='ltr'><strong>ostenditur.</strong></span> 
     </span>
    </p>
   </div>
   <div class='ocr_carea' id='block_1_13' title="bbox 116 1115 1704 1156">
    <p class='ocr_par' dir='ltr' id='par_1_13' title="bbox 116 1115 1704 1156">
     <span class='ocr_line' id='line_1_13' title="bbox 116 1115 1704 1156; baseline 0.002 -12"><span class='ocrx_word' id='word_1_63' title='bbox 116 1119 134 1155; x_wconf 61' lang='grc' dir='ltr'><strong>ξ</strong></span> <span class='ocrx_word' id='word_1_64' title='bbox 151 1119 170 1147; x_wconf 94' lang='grc' dir='ltr'><strong>Ι.</strong></span> <span class='ocrx_word' id='word_1_65' title='bbox 199 1119 274 1146; x_wconf 90' lang='lat' dir='ltr'><strong>Dictu</strong></span> <span class='ocrx_word' id='word_1_66' title='bbox 303 1119 400 1147; x_wconf 90' lang='lat' dir='ltr'><strong>mirum</strong></span> <span class='ocrx_word' id='word_1_67' title='bbox 416 1123 468 1151; x_wconf 82' lang='lat' dir='ltr'><strong>est,</strong></span> <span class='ocrx_word' id='word_1_68' title='bbox 496 1125 576 1152; x_wconf 83' lang='lat' dir='ltr'><strong>quam</strong></span> <span class='ocrx_word' id='word_1_69' title='bbox 601 1124 681 1152; x_wconf 85' lang='lat' dir='ltr'><strong>super</strong></span> <span class='ocrx_word' id='word_1_70' title='bbox 711 1117 789 1151; x_wconf 87' lang='lat' dir='ltr'><strong>hujus</strong></span> <span class='ocrx_word' id='word_1_71' title='bbox 816 1116 866 1143; x_wconf 87' lang='lat' dir='ltr'><strong>viri</strong></span> <span class='ocrx_word' id='word_1_72' title='bbox 883 1119 904 1147; x_wconf 79' lang='grc' dir='ltr'>Α</span> <span class='ocrx_word' id='word_1_73' title='bbox 919 1115 1035 1144; x_wconf 86' lang='lat' dir='ltr'><strong>versiam</strong></span> <span class='ocrx_word' id='word_1_74' title='bbox 1051 1117 1180 1144; x_wconf 83' lang='lat' dir='ltr'><strong>Arianam</strong></span> <span class='ocrx_word' id='word_1_75' title='bbox 1200 1118 1321 1153; x_wconf 79' lang='lat' dir='ltr'><strong>scripsit,</strong></span> <span class='ocrx_word' id='word_1_76' title='bbox 1339 1126 1400 1146; x_wconf 91' lang='lat' dir='ltr'><strong>cum</strong></span> <span class='ocrx_word' id='word_1_77' title='bbox 1416 1119 1491 1154; x_wconf 89' lang='lat' dir='ltr'><strong>prius</strong></span> <span class='ocrx_word' id='word_1_78' title='bbox 1508 1119 1590 1147; x_wconf 79' lang='lat' dir='ltr'><strong>fuerit</strong></span> <span class='ocrx_word' id='word_1_79' title='bbox 1612 1120 1704 1156; x_wconf 75' lang='lat' dir='ltr'><strong>Orige-</strong></span> 
     </span>
    </p>
   </div>
   <div class='ocr_carea' id='block_1_14' title="bbox 74 1165 868 1201">
    <p class='ocr_par' dir='ltr' id='par_1_14' title="bbox 74 1165 868 1201">
     <span class='ocr_line' id='line_1_14' title="bbox 74 1165 868 1201; baseline -0.001 -10"><span class='ocrx_word' id='word_1_80' title='bbox 74 1165 303 1201; x_wconf 81' lang='grc' dir='ltr'><strong>πολυθρυλλήτου</strong></span> <span class='ocrx_word' id='word_1_81' title='bbox 325 1166 460 1197; x_wconf 76' lang='lat' dir='ltr'><strong>doctrina,</strong></span> <span class='ocrx_word' id='word_1_82' title='bbox 489 1165 514 1192; x_wconf 93' lang='lat' dir='ltr'><strong>in</strong></span> <span class='ocrx_word' id='word_1_83' title='bbox 543 1169 632 1198; x_wconf 88' lang='lat' dir='ltr'><strong>partes</strong></span> <span class='ocrx_word' id='word_1_84' title='bbox 650 1165 758 1195; x_wconf 81' lang='lat' dir='ltr'><strong>iverint,</strong></span> <span class='ocrx_word' id='word_1_85' title='bbox 787 1168 868 1198; x_wconf 86' lang='lat' dir='ltr'><strong>atque</strong></span> 
     </span>
    </p>
   </div>
   <div class='ocr_carea' id='block_1_15' title="bbox 74 1210 867 1246">
    <p class='ocr_par' dir='ltr' id='par_1_15' title="bbox 74 1210 867 1246">
     <span class='ocr_line' id='line_1_15' title="bbox 74 1210 867 1246; baseline 0 -10"><span class='ocrx_word' id='word_1_86' title='bbox 74 1211 220 1237; x_wconf 82' lang='lat' dir='ltr'><strong>acerrime</strong></span> <span class='ocrx_word' id='word_1_87' title='bbox 239 1211 308 1238; x_wconf 88' lang='lat' dir='ltr'><strong>inter</strong></span> <span class='ocrx_word' id='word_1_88' title='bbox 332 1219 362 1239; x_wconf 87' lang='lat' dir='ltr'><strong>se</strong></span> <span class='ocrx_word' id='word_1_89' title='bbox 383 1211 521 1246; x_wconf 83' lang='lat' dir='ltr'><strong>digladiati</strong></span> <span class='ocrx_word' id='word_1_90' title='bbox 549 1211 650 1238; x_wconf 79' lang='lat' dir='ltr'><strong>fuerint</strong></span> <span class='ocrx_word' id='word_1_91' title='bbox 675 1210 789 1245; x_wconf 78' lang='lat' dir='ltr'><strong>theologi</strong></span> <span class='ocrx_word' id='word_1_92' title='bbox 815 1217 867 1245; x_wconf 87' lang='lat' dir='ltr'><strong>qua</strong></span> 
     </span>
    </p>
   </div>
   <div class='ocr_carea' id='block_1_16' title="bbox 75 1254 866 1290">
    <p class='ocr_par' dir='ltr' id='par_1_16' title="bbox 75 1254 866 1290">
     <span class='ocr_line' id='line_1_16' title="bbox 75 1254 866 1290; baseline 0 -9"><span class='ocrx_word' id='word_1_93' title='bbox 75 1259 203 1286; x_wconf 84' lang='lat' dir='ltr'><strong>veteres,</strong></span> <span class='ocrx_word' id='word_1_94' title='bbox 221 1263 273 1290; x_wconf 87' lang='lat' dir='ltr'><strong>qua</strong></span> <span class='ocrx_word' id='word_1_95' title='bbox 297 1257 471 1283; x_wconf 85' lang='lat' dir='ltr'><strong>recentiores.</strong></span> <span class='ocrx_word' id='word_1_96' title='bbox 500 1255 535 1283; x_wconf 87' lang='lat' dir='ltr'><strong>Ut</strong></span> <span class='ocrx_word' id='word_1_97' title='bbox 551 1256 584 1282; x_wconf 89' lang='lat' dir='ltr'><strong>de</strong></span> <span class='ocrx_word' id='word_1_98' title='bbox 610 1255 745 1282; x_wconf 71' lang='lat' dir='ltr'><strong>veteribus</strong></span> <span class='ocrx_word' id='word_1_99' title='bbox 769 1254 866 1286; x_wconf 87' lang='lat' dir='ltr'><strong>solum.</strong></span> 
     </span>
    </p>
   </div>
   <div class='ocr_carea' id='block_1_17' title="bbox 76 1301 866 1337">
    <p class='ocr_par' dir='ltr' id='par_1_17' title="bbox 76 1301 866 1337">
     <span class='ocr_line' id='line_1_17' title="bbox 76 1301 866 1337; baseline 0.001 -10"><span class='ocrx_word' id='word_1_100' title='bbox 76 1308 189 1328; x_wconf 88' lang='lat' dir='ltr'><strong>memor</strong></span> <span class='ocrx_word' id='word_1_101' title='bbox 208 1301 323 1329; x_wconf 87' lang='lat' dir='ltr'><strong>instituti</strong></span> <span class='ocrx_word' id='word_1_102' title='bbox 343 1303 406 1334; x_wconf 85' lang='lat' dir='ltr'><strong>mei,</strong></span> <span class='ocrx_word' id='word_1_103' title='bbox 428 1310 519 1337; x_wconf 80' lang='lat' dir='ltr'><strong>agant;</strong></span> <span class='ocrx_word' id='word_1_104' title='bbox 551 1309 583 1329; x_wconf 80' lang='lat' dir='ltr'><strong>ex</strong></span> <span class='ocrx_word' id='word_1_105' title='bbox 605 1302 638 1328; x_wconf 80' lang='lat' dir='ltr'><strong>iis</strong></span> <span class='ocrx_word' id='word_1_106' title='bbox 656 1302 700 1328; x_wconf 89' lang='lat' dir='ltr'><strong>alii</strong></span> <span class='ocrx_word' id='word_1_107' title='bbox 724 1302 866 1336; x_wconf 72' lang='lat' dir='ltr'><strong>Origeuem</strong></span> 
     </span>
    </p>
   </div>
   <div class='ocr_carea' id='block_1_18' title="bbox 76 1345 868 1380">
    <p class='ocr_par' dir='ltr' id='par_1_18' title="bbox 76 1345 868 1380">
     <span class='ocr_line' id='line_1_18' title="bbox 76 1345 868 1380; baseline 0.001 -9"><span class='ocrx_word' id='word_1_108' title='bbox 76 1345 117 1371; x_wconf 78' lang='lat' dir='ltr'><strong>ad</strong></span> <span class='ocrx_word' id='word_1_109' title='bbox 134 1346 232 1372; x_wconf 76' lang='lat' dir='ltr'><strong>cmlunt</strong></span> <span class='ocrx_word' id='word_1_110' title='bbox 249 1353 335 1380; x_wconf 88' lang='lat' dir='ltr'><strong>usque</strong></span> <span class='ocrx_word' id='word_1_111' title='bbox 352 1347 476 1373; x_wconf 85' lang='lat' dir='ltr'><strong>laudibus</strong></span> <span class='ocrx_word' id='word_1_112' title='bbox 501 1346 648 1379; x_wconf 82' lang='lat' dir='ltr'><strong>extollunt;</strong></span> <span class='ocrx_word' id='word_1_113' title='bbox 665 1346 709 1372; x_wconf 84' lang='lat' dir='ltr'><strong><em>alii</em></strong></span> <span class='ocrx_word' id='word_1_114' title='bbox 728 1346 812 1380; x_wconf 86' lang='lat' dir='ltr'><strong>ipsum</strong></span> <span class='ocrx_word' id='word_1_115' title='bbox 839 1350 868 1372; x_wconf 88' lang='lat' dir='ltr'><strong>ttt</strong></span> 
     </span>
    </p>
   </div>
   <div class='ocr_carea' id='block_1_19' title="bbox 73 1392 867 1426">
    <p class='ocr_par' dir='ltr' id='par_1_19' title="bbox 73 1392 867 1426">
     <span class='ocr_line' id='line_1_19' title="bbox 73 1392 867 1426; baseline 0.001 -9"><span class='ocrx_word' id='word_1_116' title='bbox 73 1392 232 1425; x_wconf 83' lang='lat' dir='ltr'><strong>pessituum</strong></span> <span class='ocrx_word' id='word_1_117' title='bbox 257 1392 483 1424; x_wconf 77' lang='lat' dir='ltr'><strong>bzeresiarcham,</strong></span> <span class='ocrx_word' id='word_1_118' title='bbox 511 1393 631 1426; x_wconf 79' lang='lat' dir='ltr'><strong>adeoque</strong></span> <span class='ocrx_word' id='word_1_119' title='bbox 653 1393 770 1418; x_wconf 88' lang='lat' dir='ltr'><strong>omnium</strong></span> <span class='ocrx_word' id='word_1_120' title='bbox 800 1398 867 1425; x_wconf 86' lang='lat' dir='ltr'><strong>pene</strong></span> 
     </span>
    </p>
   </div>
   <div class='ocr_carea' id='block_1_20' title="bbox 77 1436 865 1473">
    <p class='ocr_par' dir='ltr' id='par_1_20' title="bbox 77 1436 865 1473">
     <span class='ocr_line' id='line_1_20' title="bbox 77 1436 865 1473; baseline -0.001 -9"><span class='ocrx_word' id='word_1_121' title='bbox 77 1438 239 1469; x_wconf 68' lang='lat' dir='ltr'><strong>Ilmresiuni,</strong></span> <span class='ocrx_word' id='word_1_122' title='bbox 262 1439 409 1472; x_wconf 67' lang='lat' dir='ltr'><strong>praesertim</strong></span> <span class='ocrx_word' id='word_1_123' title='bbox 428 1446 488 1473; x_wconf 64' lang='lat' dir='ltr'><strong>qua:</strong></span> <span class='ocrx_word' id='word_1_124' title='bbox 508 1438 634 1465; x_wconf 66' lang='lat' dir='ltr'><strong>Ecclesia:</strong></span> <span class='ocrx_word' id='word_1_125' title='bbox 655 1438 732 1464; x_wconf 82' lang='lat' dir='ltr'><strong>[idem</strong></span> <span class='ocrx_word' id='word_1_126' title='bbox 757 1437 791 1464; x_wconf 86' lang='lat' dir='ltr'><strong>de</strong></span> <span class='ocrx_word' id='word_1_127' title='bbox 815 1436 865 1464; x_wconf 88' lang='lat' dir='ltr'><strong>SS.</strong></span> 
     </span>
    </p>
   </div>
   <div class='ocr_carea' id='block_1_21' title="bbox 75 1482 866 1518">
    <p class='ocr_par' dir='ltr' id='par_1_21' title="bbox 75 1482 866 1518">
     <span class='ocr_line' id='line_1_21' title="bbox 75 1482 866 1518; baseline -0.001 -8"><span class='ocrx_word' id='word_1_128' title='bbox 75 1483 216 1511; x_wconf 85' lang='lat' dir='ltr'><strong>&#39;l‘riuitate</strong></span> <span class='ocrx_word' id='word_1_129' title='bbox 230 1489 365 1518; x_wconf 85' lang='lat' dir='ltr'><strong>spectant,</strong></span> <span class='ocrx_word' id='word_1_130' title='bbox 390 1484 492 1511; x_wconf 84' lang='lat' dir='ltr'><strong>fontem</strong></span> <span class='ocrx_word' id='word_1_131' title='bbox 518 1489 546 1512; x_wconf 88' lang='lat' dir='ltr'><strong>et</strong></span> <span class='ocrx_word' id='word_1_132' title='bbox 578 1483 774 1518; x_wconf 69' lang='lat' dir='ltr'><strong>scaturriginem</strong></span> <span class='ocrx_word' id='word_1_133' title='bbox 800 1482 866 1509; x_wconf 92' lang='lat' dir='ltr'><strong>diris</strong></span> 
     </span>
    </p>
   </div>
   <div class='ocr_carea' id='block_1_22' title="bbox 74 1528 865 1563">
    <p class='ocr_par' dir='ltr' id='par_1_22' title="bbox 74 1528 865 1563">
     <span class='ocr_line' id='line_1_22' title="bbox 74 1528 865 1563; baseline 0.001 -9"><span class='ocrx_word' id='word_1_134' title='bbox 74 1529 226 1555; x_wconf 79' lang='lat' dir='ltr'><strong>devovent.</strong></span> <span class='ocrx_word' id='word_1_135' title='bbox 254 1528 306 1555; x_wconf 88' lang='lat' dir='ltr'><strong>Sed</strong></span> <span class='ocrx_word' id='word_1_136' title='bbox 335 1529 491 1556; x_wconf 80' lang='lat' dir='ltr'><strong>Catholicos</strong></span> <span class='ocrx_word' id='word_1_137' title='bbox 511 1530 581 1563; x_wconf 90' lang='lat' dir='ltr'><strong>quod</strong></span> <span class='ocrx_word' id='word_1_138' title='bbox 608 1530 705 1556; x_wconf 76' lang='lat' dir='ltr'><strong>attinet</strong></span> <span class='ocrx_word' id='word_1_139' title='bbox 732 1529 865 1560; x_wconf 82' lang='lat' dir='ltr'><strong>doctores,</strong></span> 
     </span>
    </p>
   </div>
   <div class='ocr_carea' id='block_1_23' title="bbox 75 1573 867 1609">
    <p class='ocr_par' dir='ltr' id='par_1_23' title="bbox 75 1573 867 1609">
     <span class='ocr_line' id='line_1_23' title="bbox 75 1573 867 1609; baseline 0.004 -11"><span class='ocrx_word' id='word_1_140' title='bbox 75 1573 129 1608; x_wconf 87' lang='lat' dir='ltr'><strong>qui</strong></span> <span class='ocrx_word' id='word_1_141' title='bbox 146 1573 271 1608; x_wconf 78' lang='lat' dir='ltr'><strong>Origenis</strong></span> <span class='ocrx_word' id='word_1_142' title='bbox 284 1579 364 1601; x_wconf 67' lang='lat' dir='ltr'><strong>aetate</strong></span> <span class='ocrx_word' id='word_1_143' title='bbox 379 1575 524 1602; x_wconf 77' lang='lat' dir='ltr'><strong>vicinior-es</strong></span> <span class='ocrx_word' id='word_1_144' title='bbox 539 1575 615 1602; x_wconf 81' lang='lat' dir='ltr'><strong>l&#39;uere</strong></span> <span class='ocrx_word' id='word_1_145' title='bbox 627 1594 635 1606; x_wconf 86' lang='lat'><strong>,</strong></span> <span class='ocrx_word' id='word_1_146' title='bbox 653 1575 738 1609; x_wconf 85' lang='lat' dir='ltr'><strong>major</strong></span> <span class='ocrx_word' id='word_1_147' title='bbox 750 1579 777 1602; x_wconf 91' lang='lat' dir='ltr'><strong>et</strong></span> <span class='ocrx_word' id='word_1_148' title='bbox 790 1575 867 1609; x_wconf 74' lang='lat' dir='ltr'><strong>longe</strong></span> 
     </span>
    </p>
   </div>
   <div class='ocr_carea' id='block_1_24' title="bbox 76 1619 864 1655">
    <p class='ocr_par' dir='ltr' id='par_1_24' title="bbox 76 1619 864 1655">
     <span class='ocr_line' id='line_1_24' title="bbox 76 1619 864 1655; baseline 0.004 -10"><span class='ocrx_word' id='word_1_149' title='bbox 76 1619 171 1653; x_wconf 88' lang='lat' dir='ltr'><strong>potior</strong></span> <span class='ocrx_word' id='word_1_150' title='bbox 185 1620 236 1647; x_wconf 82' lang='lat' dir='ltr'><strong>fuit</strong></span> <span class='ocrx_word' id='word_1_151' title='bbox 251 1628 377 1648; x_wconf 86' lang='lat' dir='ltr'><strong>numerus</strong></span> <span class='ocrx_word' id='word_1_152' title='bbox 388 1628 495 1652; x_wconf 82' lang='lat' dir='ltr'><strong>eorum.</strong></span> <span class='ocrx_word' id='word_1_153' title='bbox 516 1621 560 1655; x_wconf 87' lang='lat' dir='ltr'><strong>qui</strong></span> <span class='ocrx_word' id='word_1_154' title='bbox 577 1621 625 1655; x_wconf 88' lang='lat' dir='ltr'><strong>ipsi</strong></span> <span class='ocrx_word' id='word_1_155' title='bbox 640 1621 776 1655; x_wconf 84' lang='lat' dir='ltr'><strong>astipulati</strong></span> <span class='ocrx_word' id='word_1_156' title='bbox 791 1625 864 1648; x_wconf 89' lang='lat' dir='ltr'><strong>sunt.</strong></span> 
     </span>
    </p>
   </div>
   <div class='ocr_carea' id='block_1_25' title="bbox 75 1664 866 1700">
    <p class='ocr_par' dir='ltr' id='par_1_25' title="bbox 75 1664 866 1700">
     <span class='ocr_line' id='line_1_25' title="bbox 75 1664 866 1700; baseline 0.004 -10"><span class='ocrx_word' id='word_1_157' title='bbox 75 1664 235 1692; x_wconf 77' lang='lat' dir='ltr'><strong>Alexander</strong></span> <span class='ocrx_word' id='word_1_158' title='bbox 257 1665 521 1700; x_wconf 84' lang='lat' dir='ltr'><strong>llierosolymitauus</strong></span> <span class='ocrx_word' id='word_1_159' title='bbox 539 1685 547 1696; x_wconf 94' lang='lat'><strong>,</strong></span> <span class='ocrx_word' id='word_1_160' title='bbox 576 1665 748 1692; x_wconf 83' lang='lat' dir='ltr'><strong>&#39;l&#39;heoctistus</strong></span> <span class='ocrx_word' id='word_1_161' title='bbox 776 1665 866 1693; x_wconf 62' lang='lat' dir='ltr'><strong>Caesa-</strong></span> 
     </span>
    </p>
   </div>
   <div class='ocr_carea' id='block_1_26' title="bbox 76 1710 867 1746">
    <p class='ocr_par' dir='ltr' id='par_1_26' title="bbox 76 1710 867 1746">
     <span class='ocr_line' id='line_1_26' title="bbox 76 1710 867 1746; baseline 0.004 -10"><span class='ocrx_word' id='word_1_162' title='bbox 76 1710 191 1743; x_wconf 87' lang='lat' dir='ltr'><strong>riensis,</strong></span> <span class='ocrx_word' id='word_1_163' title='bbox 208 1711 351 1746; x_wconf 88' lang='lat' dir='ltr'><strong>Dionysius</strong></span> <span class='ocrx_word' id='word_1_164' title='bbox 376 1711 575 1738; x_wconf 81' lang='lat' dir='ltr'><strong>Alexandrinus</strong></span> <span class='ocrx_word' id='word_1_165' title='bbox 591 1711 765 1738; x_wconf 87' lang='lat' dir='ltr'><strong>Firmilianus</strong></span> <span class='ocrx_word' id='word_1_166' title='bbox 778 1712 867 1739; x_wconf 64' lang='lat' dir='ltr'><strong>Caesa-</strong></span> 
     </span>
    </p>
   </div>
   <div class='ocr_carea' id='block_1_27' title="bbox 76 1756 864 1792">
    <p class='ocr_par' dir='ltr' id='par_1_27' title="bbox 76 1756 864 1792">
     <span class='ocr_line' id='line_1_27' title="bbox 76 1756 864 1792; baseline 0.003 -9"><span class='ocrx_word' id='word_1_167' title='bbox 76 1756 193 1787; x_wconf 83' lang='lat' dir='ltr'><strong>riensis,</strong></span> <span class='ocrx_word' id='word_1_168' title='bbox 207 1756 353 1792; x_wconf 74' lang='lat' dir='ltr'><strong>Gregorius</strong></span> <span class='ocrx_word' id='word_1_169' title='bbox 366 1757 600 1792; x_wconf 78' lang='lat' dir='ltr'><strong>Thaumaturgus,</strong></span> <span class='ocrx_word' id='word_1_170' title='bbox 623 1763 649 1784; x_wconf 89' lang='lat' dir='ltr'><strong>et</strong></span> <span class='ocrx_word' id='word_1_171' title='bbox 667 1758 864 1790; x_wconf 83' lang='lat' dir='ltr'><strong>Athenodorus.</strong></span> 
     </span>
    </p>
   </div>
   <div class='ocr_carea' id='block_1_28' title="bbox 75 1801 865 1838">
    <p class='ocr_par' dir='ltr' id='par_1_28' title="bbox 75 1801 865 1838">
     <span class='ocr_line' id='line_1_28' title="bbox 75 1801 865 1838; baseline 0.004 -10"><span class='ocrx_word' id='word_1_172' title='bbox 75 1801 207 1836; x_wconf 72' lang='lat' dir='ltr'><strong>Origenis</strong></span> <span class='ocrx_word' id='word_1_173' title='bbox 223 1804 364 1836; x_wconf 69' lang='lat' dir='ltr'><strong>comtanei,</strong></span> <span class='ocrx_word' id='word_1_174' title='bbox 383 1804 468 1838; x_wconf 80' lang='lat' dir='ltr'><strong>ipsum</strong></span> <span class='ocrx_word' id='word_1_175' title='bbox 484 1804 509 1830; x_wconf 92' lang='lat' dir='ltr'><strong>iu</strong></span> <span class='ocrx_word' id='word_1_176' title='bbox 524 1804 639 1830; x_wconf 79' lang='lat' dir='ltr'><strong>Inaximo</strong></span> <span class='ocrx_word' id='word_1_177' title='bbox 652 1805 738 1838; x_wconf 84' lang='lat' dir='ltr'><strong>pretio</strong></span> <span class='ocrx_word' id='word_1_178' title='bbox 759 1811 865 1838; x_wconf 78' lang='lat' dir='ltr'><strong>semper</strong></span> 
     </span>
    </p>
   </div>
   <div class='ocr_carea' id='block_1_29' title="bbox 76 1849 863 1880">
    <p class='ocr_par' dir='ltr' id='par_1_29' title="bbox 76 1849 863 1880">
     <span class='ocr_line' id='line_1_29' title="bbox 76 1849 863 1880; baseline 0.003 -5"><span class='ocrx_word' id='word_1_179' title='bbox 76 1849 256 1877; x_wconf 84' lang='lat' dir='ltr'><strong>habuerunt:</strong></span> <span class='ocrx_word' id='word_1_180' title='bbox 274 1854 301 1876; x_wconf 86' lang='lat' dir='ltr'><strong>et</strong></span> <span class='ocrx_word' id='word_1_181' title='bbox 332 1855 385 1877; x_wconf 88' lang='lat' dir='ltr'><strong>tota</strong></span> <span class='ocrx_word' id='word_1_182' title='bbox 413 1849 567 1880; x_wconf 82' lang='lat' dir='ltr'><strong>Palaestina,</strong></span> <span class='ocrx_word' id='word_1_183' title='bbox 593 1849 703 1880; x_wconf 84' lang='lat' dir='ltr'><strong>Arabia,</strong></span> <span class='ocrx_word' id='word_1_184' title='bbox 726 1849 863 1877; x_wconf 72' lang='lat' dir='ltr'><strong>thnicia</strong></span> 
     </span>
    </p>
   </div>
   <div class='ocr_carea' id='block_1_30' title="bbox 75 1895 863 1931">
    <p class='ocr_par' dir='ltr' id='par_1_30' title="bbox 75 1895 863 1931">
     <span class='ocr_line' id='line_1_30' title="bbox 75 1895 863 1931; baseline 0.001 -10"><span class='ocrx_word' id='word_1_185' title='bbox 75 1899 108 1921; x_wconf 85' lang='lat' dir='ltr'><strong>et</strong></span> <span class='ocrx_word' id='word_1_186' title='bbox 130 1895 231 1922; x_wconf 80' lang='lat' dir='ltr'><strong>Achaia</strong></span> <span class='ocrx_word' id='word_1_187' title='bbox 256 1902 365 1923; x_wconf 77' lang='lat' dir='ltr'><strong>causam</strong></span> <span class='ocrx_word' id='word_1_188' title='bbox 390 1895 514 1931; x_wconf 79' lang='lat' dir='ltr'><strong>Origenis</strong></span> <span class='ocrx_word' id='word_1_189' title='bbox 542 1895 671 1922; x_wconf 84' lang='lat' dir='ltr'><strong>adversus</strong></span> <span class='ocrx_word' id='word_1_190' title='bbox 701 1895 863 1922; x_wconf 78' lang='lat' dir='ltr'><strong>Demetrium</strong></span> 
     </span>
    </p>
   </div>
   <div class='ocr_carea' id='block_1_31' title="bbox 75 1938 863 1975">
    <p class='ocr_par' dir='ltr' id='par_1_31' title="bbox 75 1938 863 1975">
     <span class='ocr_line' id='line_1_31' title="bbox 75 1938 863 1975; baseline 0.001 -10"><span class='ocrx_word' id='word_1_191' title='bbox 75 1938 291 1966; x_wconf 80' lang='lat' dir='ltr'><strong>Alexandrinum</strong></span> <span class='ocrx_word' id='word_1_192' title='bbox 306 1945 519 1975; x_wconf 78' lang='lat' dir='ltr'><strong>propugnarunt.</strong></span> <span class='ocrx_word' id='word_1_193' title='bbox 535 1940 661 1967; x_wconf 82' lang='lat' dir='ltr'><strong>Eatndctn</strong></span> <span class='ocrx_word' id='word_1_194' title='bbox 671 1940 766 1967; x_wconf 86' lang='lat' dir='ltr'><strong>deinde</strong></span> <span class='ocrx_word' id='word_1_195' title='bbox 786 1941 863 1967; x_wconf 85' lang='lat' dir='ltr'><strong>tutati</strong></span> 
     </span>
    </p>
   </div>
   <div class='ocr_carea' id='block_1_32' title="bbox 77 1984 864 2020">
    <p class='ocr_par' dir='ltr' id='par_1_32' title="bbox 77 1984 864 2020">
     <span class='ocr_line' id='line_1_32' title="bbox 77 1984 864 2020; baseline 0.001 -9"><span class='ocrx_word' id='word_1_196' title='bbox 77 1989 144 2011; x_wconf 85' lang='lat' dir='ltr'><strong>sunt</strong></span> <span class='ocrx_word' id='word_1_197' title='bbox 173 1984 330 2019; x_wconf 85' lang='lat' dir='ltr'><strong>Pamphilus</strong></span> <span class='ocrx_word' id='word_1_198' title='bbox 361 1990 463 2020; x_wconf 87' lang='lat' dir='ltr'><strong>martyr</strong></span> <span class='ocrx_word' id='word_1_199' title='bbox 489 1990 515 2013; x_wconf 87' lang='lat' dir='ltr'><strong>et</strong></span> <span class='ocrx_word' id='word_1_200' title='bbox 543 1986 672 2013; x_wconf 75' lang='lat' dir='ltr'><strong>Eusebius</strong></span> <span class='ocrx_word' id='word_1_201' title='bbox 691 1985 864 2012; x_wconf 69' lang='lat' dir='ltr'><strong>Caesariensis</strong></span> 
     </span>
    </p>
   </div>
   <div class='ocr_carea' id='block_1_33' title="bbox 75 2029 864 2065">
    <p class='ocr_par' dir='ltr' id='par_1_33' title="bbox 75 2029 864 2065">
     <span class='ocr_line' id='line_1_33' title="bbox 75 2029 864 2065; baseline 0.001 -9"><span class='ocrx_word' id='word_1_202' title='bbox 75 2037 128 2064; x_wconf 85' lang='lat' dir='ltr'><strong>per</strong></span> <span class='ocrx_word' id='word_1_203' title='bbox 138 2029 292 2065; x_wconf 85' lang='lat' dir='ltr'><strong>Apologiam</strong></span> <span class='ocrx_word' id='word_1_204' title='bbox 308 2039 354 2058; x_wconf 75' lang='lat' dir='ltr'><strong>sex</strong></span> <span class='ocrx_word' id='word_1_205' title='bbox 368 2031 452 2058; x_wconf 60' lang='lat' dir='ltr'><strong>libras</strong></span> <span class='ocrx_word' id='word_1_206' title='bbox 470 2031 648 2065; x_wconf 82' lang='lat' dir='ltr'><strong>complexam,</strong></span> <span class='ocrx_word' id='word_1_207' title='bbox 676 2038 787 2065; x_wconf 84' lang='lat' dir='ltr'><strong>quorum</strong></span> <span class='ocrx_word' id='word_1_208' title='bbox 804 2031 864 2058; x_wconf 90' lang='lat' dir='ltr'><strong>uui-</strong></span> 
     </span>
    </p>
   </div>
   <div class='ocr_carea' id='block_1_34' title="bbox 75 2077 863 2111">
    <p class='ocr_par' dir='ltr' id='par_1_34' title="bbox 75 2077 863 2111">
     <span class='ocr_line' id='line_1_34' title="bbox 75 2077 863 2111; baseline 0 -7"><span class='ocrx_word' id='word_1_209' title='bbox 75 2084 128 2104; x_wconf 89' lang='lat' dir='ltr'><strong>cus</strong></span> <span class='ocrx_word' id='word_1_210' title='bbox 153 2081 285 2111; x_wconf 88' lang='lat' dir='ltr'><strong>superest.</strong></span> <span class='ocrx_word' id='word_1_211' title='bbox 304 2077 377 2104; x_wconf 79' lang='lat' dir='ltr'><strong>Alios</strong></span> <span class='ocrx_word' id='word_1_212' title='bbox 403 2085 511 2111; x_wconf 85' lang='lat' dir='ltr'><strong>quoque</strong></span> <span class='ocrx_word' id='word_1_213' title='bbox 541 2078 630 2111; x_wconf 79' lang='lat' dir='ltr'><strong>magni</strong></span> <span class='ocrx_word' id='word_1_214' title='bbox 653 2078 770 2105; x_wconf 89' lang='lat' dir='ltr'><strong>nominis</strong></span> <span class='ocrx_word' id='word_1_215' title='bbox 790 2077 863 2104; x_wconf 86' lang='lat' dir='ltr'><strong>viros</strong></span> 
     </span>
    </p>
   </div>
   <div class='ocr_carea' id='block_1_35' title="bbox 77 2123 859 2159">
    <p class='ocr_par' dir='ltr' id='par_1_35' title="bbox 77 2123 859 2159">
     <span class='ocr_line' id='line_1_35' title="bbox 77 2123 859 2159; baseline 0.001 -9"><span class='ocrx_word' id='word_1_216' title='bbox 77 2123 233 2158; x_wconf 80' lang='lat' dir='ltr'><strong>complures</strong></span> <span class='ocrx_word' id='word_1_217' title='bbox 254 2123 364 2151; x_wconf 83' lang='lat' dir='ltr'><strong>Eusebii</strong></span> <span class='ocrx_word' id='word_1_218' title='bbox 381 2125 548 2158; x_wconf 87' lang='lat' dir='ltr'><strong>temporibus</strong></span> <span class='ocrx_word' id='word_1_219' title='bbox 567 2124 711 2159; x_wconf 78' lang='lat' dir='ltr'><strong>Apologias</strong></span> <span class='ocrx_word' id='word_1_220' title='bbox 729 2131 777 2158; x_wconf 88' lang='lat' dir='ltr'><strong>pro</strong></span> <span class='ocrx_word' id='word_1_221' title='bbox 796 2124 859 2151; x_wconf 29' lang='lat' dir='ltr'><strong>Ori-l</strong></span> 
     </span>
    </p>
   </div>
   <div class='ocr_carea' id='block_1_36' title="bbox 76 2169 861 2205">
    <p class='ocr_par' dir='ltr' id='par_1_36' title="bbox 76 2169 861 2205">
     <span class='ocr_line' id='line_1_36' title="bbox 76 2169 861 2205; baseline 0.001 -9"><span class='ocrx_word' id='word_1_222' title='bbox 76 2176 146 2203; x_wconf 74' lang='lat' dir='ltr'><strong>gene</strong></span> <span class='ocrx_word' id='word_1_223' title='bbox 158 2170 298 2205; x_wconf 81' lang='lat' dir='ltr'><strong>scripsisse</strong></span> <span class='ocrx_word' id='word_1_224' title='bbox 316 2171 396 2198; x_wconf 86' lang='lat' dir='ltr'><strong>tradit</strong></span> <span class='ocrx_word' id='word_1_225' title='bbox 409 2169 520 2197; x_wconf 82' lang='lat' dir='ltr'><strong>Photius</strong></span> <span class='ocrx_word' id='word_1_226' title='bbox 533 2171 592 2198; x_wconf 90' lang='lat' dir='ltr'><strong>cod.</strong></span> <span class='ocrx_word' id='word_1_227' title='bbox 611 2178 704 2198; x_wconf 78' lang='lat' dir='ltr'><strong>cxvnt.</strong></span> <span class='ocrx_word' id='word_1_228' title='bbox 719 2170 861 2205; x_wconf 71' lang='lat' dir='ltr'><strong>Origenem</strong></span> 
     </span>
    </p>
   </div>
   <div class='ocr_carea' id='block_1_37' title="bbox 77 2215 861 2250">
    <p class='ocr_par' dir='ltr' id='par_1_37' title="bbox 77 2215 861 2250">
     <span class='ocr_line' id='line_1_37' title="bbox 77 2215 861 2250; baseline 0 -8"><span class='ocrx_word' id='word_1_229' title='bbox 77 2222 161 2250; x_wconf 90' lang='lat' dir='ltr'><strong>porro</strong></span> <span class='ocrx_word' id='word_1_230' title='bbox 176 2220 303 2248; x_wconf 88' lang='lat' dir='ltr'><strong>tanquam</strong></span> <span class='ocrx_word' id='word_1_231' title='bbox 326 2215 466 2243; x_wconf 69' lang='lat' dir='ltr'><strong>catholica:</strong></span> <span class='ocrx_word' id='word_1_232' title='bbox 490 2216 550 2243; x_wconf 83' lang='lat' dir='ltr'><strong>ﬁdei</strong></span> <span class='ocrx_word' id='word_1_233' title='bbox 576 2217 706 2244; x_wconf 71' lang='lat' dir='ltr'><strong>adversus</strong></span> <span class='ocrx_word' id='word_1_234' title='bbox 724 2216 861 2248; x_wconf 60' lang='lat' dir='ltr'><strong>hatresim,</strong></span> 
     </span>
    </p>
   </div>
   <div class='ocr_carea' id='block_1_38' title="bbox 75 2262 861 2297">
    <p class='ocr_par' dir='ltr' id='par_1_38' title="bbox 75 2262 861 2297">
     <span class='ocr_line' id='line_1_38' title="bbox 75 2262 861 2297; baseline 0 -9"><span class='ocrx_word' id='word_1_235' title='bbox 75 2270 138 2297; x_wconf 64' lang='lat' dir='ltr'><strong>quae</strong></span> <span class='ocrx_word' id='word_1_236' title='bbox 153 2269 245 2297; x_wconf 86' lang='lat' dir='ltr'><strong>postea</strong></span> <span class='ocrx_word' id='word_1_237' title='bbox 263 2263 362 2289; x_wconf 86' lang='lat' dir='ltr'><strong>Ariana</strong></span> <span class='ocrx_word' id='word_1_238' title='bbox 383 2263 456 2290; x_wconf 85' lang='lat' dir='ltr'><strong>dicta</strong></span> <span class='ocrx_word' id='word_1_239' title='bbox 474 2262 536 2295; x_wconf 77' lang='lat' dir='ltr'><strong>fuit,</strong></span> <span class='ocrx_word' id='word_1_240' title='bbox 551 2269 689 2290; x_wconf 90' lang='lat' dir='ltr'><strong>strenuum</strong></span> <span class='ocrx_word' id='word_1_241' title='bbox 706 2269 861 2297; x_wconf 77' lang='lat' dir='ltr'><strong>propugna-</strong></span> 
     </span>
    </p>
   </div>
   <div class='ocr_carea' id='block_1_39' title="bbox 77 2306 862 2342">
    <p class='ocr_par' dir='ltr' id='par_1_39' title="bbox 77 2306 862 2342">
     <span class='ocr_line' id='line_1_39' title="bbox 77 2306 862 2342; baseline 0.001 -9"><span class='ocrx_word' id='word_1_242' title='bbox 77 2311 165 2334; x_wconf 91' lang='lat' dir='ltr'><strong>torem</strong></span> <span class='ocrx_word' id='word_1_243' title='bbox 193 2307 312 2334; x_wconf 76' lang='lat' dir='ltr'><strong>laudavit</strong></span> <span class='ocrx_word' id='word_1_244' title='bbox 337 2315 450 2342; x_wconf 75' lang='lat' dir='ltr'><strong>magnus</strong></span> <span class='ocrx_word' id='word_1_245' title='bbox 475 2308 642 2334; x_wconf 76' lang='lat' dir='ltr'><strong>Athanasius</strong></span> <span class='ocrx_word' id='word_1_246' title='bbox 672 2307 698 2334; x_wconf 92' lang='lat' dir='ltr'><strong>in</strong></span> <span class='ocrx_word' id='word_1_247' title='bbox 726 2307 794 2334; x_wconf 89' lang='lat' dir='ltr'><strong>libro</strong></span> <span class='ocrx_word' id='word_1_248' title='bbox 823 2306 862 2334; x_wconf 83' lang='lat' dir='ltr'><strong>De</strong></span> 
     </span>
    </p>
   </div>
   <div class='ocr_carea' id='block_1_40' title="bbox 75 2352 862 2388">
    <p class='ocr_par' dir='ltr' id='par_1_40' title="bbox 75 2352 862 2388">
     <span class='ocr_line' id='line_1_40' title="bbox 75 2352 862 2388; baseline 0 -9"><span class='ocrx_word' id='word_1_249' title='bbox 75 2353 188 2380; x_wconf 71' lang='lat' dir='ltr'><strong>decretis</strong></span> <span class='ocrx_word' id='word_1_250' title='bbox 210 2352 327 2381; x_wconf 65' lang='lat' dir='ltr'><strong>Nicena:</strong></span> <span class='ocrx_word' id='word_1_251' title='bbox 341 2353 445 2388; x_wconf 74' lang='lat' dir='ltr'><strong>synodi.</strong></span> <span class='ocrx_word' id='word_1_252' title='bbox 471 2352 517 2380; x_wconf 85' lang='lat' dir='ltr'><strong>His</strong></span> <span class='ocrx_word' id='word_1_253' title='bbox 532 2352 717 2380; x_wconf 86' lang='lat' dir='ltr'><strong>accensendus</strong></span> <span class='ocrx_word' id='word_1_254' title='bbox 736 2353 862 2388; x_wconf 80' lang='lat' dir='ltr'><strong>Didymus</strong></span> 
     </span>
    </p>
   </div>
   <div class='ocr_carea' id='block_1_41' title="bbox 75 2398 856 2433">
    <p class='ocr_par' dir='ltr' id='par_1_41' title="bbox 75 2398 856 2433">
     <span class='ocr_line' id='line_1_41' title="bbox 75 2398 856 2433; baseline -0.004 -7"><span class='ocrx_word' id='word_1_255' title='bbox 75 2398 275 2426; x_wconf 78' lang='lat' dir='ltr'><strong>Alexandrinus</strong></span> <span class='ocrx_word' id='word_1_256' title='bbox 290 2400 348 2433; x_wconf 87' lang='lat' dir='ltr'><strong>(vir</strong></span> <span class='ocrx_word' id='word_1_257' title='bbox 378 2399 502 2429; x_wconf 82' lang='lat' dir='ltr'><strong>celebris,</strong></span> <span class='ocrx_word' id='word_1_258' title='bbox 521 2406 575 2433; x_wconf 91' lang='lat' dir='ltr'><strong>quo</strong></span> <span class='ocrx_word' id='word_1_259' title='bbox 593 2398 722 2432; x_wconf 75' lang='lat' dir='ltr'><strong>magistro</strong></span> <span class='ocrx_word' id='word_1_260' title='bbox 738 2405 767 2424; x_wconf 90' lang='lat' dir='ltr'><strong>se</strong></span> <span class='ocrx_word' id='word_1_261' title='bbox 780 2405 856 2424; x_wconf 90' lang='lat' dir='ltr'><strong>usum</strong></span> 
     </span>
    </p>
   </div>
   <div class='ocr_carea' id='block_1_42' title="bbox 75 2442 860 2479">
    <p class='ocr_par' dir='ltr' id='par_1_42' title="bbox 75 2442 860 2479">
     <span class='ocr_line' id='line_1_42' title="bbox 75 2442 860 2479; baseline -0.004 -8"><span class='ocrx_word' id='word_1_262' title='bbox 75 2444 177 2478; x_wconf 64' lang='lat' dir='ltr'><strong>saepius</strong></span> <span class='ocrx_word' id='word_1_263' title='bbox 200 2443 378 2479; x_wconf 83' lang='lat' dir='ltr'><strong>Hieronymus</strong></span> <span class='ocrx_word' id='word_1_264' title='bbox 405 2444 558 2479; x_wconf 74' lang='lat' dir='ltr'><strong>gloriatur),</strong></span> <span class='ocrx_word' id='word_1_265' title='bbox 590 2443 635 2477; x_wconf 93' lang='lat' dir='ltr'><strong>qui</strong></span> <span class='ocrx_word' id='word_1_266' title='bbox 666 2450 714 2476; x_wconf 83' lang='lat' dir='ltr'><strong>pro</strong></span> <span class='ocrx_word' id='word_1_267' title='bbox 745 2442 860 2476; x_wconf 61' lang='lat' dir='ltr'><strong>Origene</strong></span> 
     </span>
    </p>
   </div>
   <div class='ocr_carea' id='block_1_43' title="bbox 76 2490 861 2526">
    <p class='ocr_par' dir='ltr' id='par_1_43' title="bbox 76 2490 861 2526">
     <span class='ocr_line' id='line_1_43' title="bbox 76 2490 861 2526; baseline -0.001 -9"><span class='ocrx_word' id='word_1_268' title='bbox 76 2490 279 2526; x_wconf 79' lang='lat' dir='ltr'><strong>Apologeticum</strong></span> <span class='ocrx_word' id='word_1_269' title='bbox 293 2491 388 2523; x_wconf 83' lang='lat' dir='ltr'><strong>edidit,</strong></span> <span class='ocrx_word' id='word_1_270' title='bbox 404 2496 432 2518; x_wconf 89' lang='lat' dir='ltr'><strong>et</strong></span> <span class='ocrx_word' id='word_1_271' title='bbox 447 2490 524 2518; x_wconf 82' lang='lat' dir='ltr'><strong>Titus</strong></span> <span class='ocrx_word' id='word_1_272' title='bbox 539 2490 696 2518; x_wconf 88' lang='lat' dir='ltr'><strong>Bostrorum</strong></span> <span class='ocrx_word' id='word_1_273' title='bbox 708 2491 861 2524; x_wconf 87' lang='lat' dir='ltr'><strong>episcopus,</strong></span> 
     </span>
    </p>
   </div>
   <div class='ocr_carea' id='block_1_44' title="bbox 76 2534 862 2573">
    <p class='ocr_par' dir='ltr' id='par_1_44' title="bbox 76 2534 862 2573">
     <span class='ocr_line' id='line_1_44' title="bbox 76 2534 862 2573; baseline -0.003 -9"><span class='ocrx_word' id='word_1_274' title='bbox 76 2543 104 2565; x_wconf 91' lang='lat' dir='ltr'><strong>et</strong></span> <span class='ocrx_word' id='word_1_275' title='bbox 115 2537 305 2573; x_wconf 76' lang='lat' dir='ltr'><strong>Gregoriorum</strong></span> <span class='ocrx_word' id='word_1_276' title='bbox 324 2537 413 2564; x_wconf 90' lang='lat' dir='ltr'><strong>nobile</strong></span> <span class='ocrx_word' id='word_1_277' title='bbox 435 2545 495 2571; x_wconf 89' lang='lat' dir='ltr'><strong>par,</strong></span> <span class='ocrx_word' id='word_1_278' title='bbox 515 2535 702 2563; x_wconf 71' lang='lat' dir='ltr'><strong>Nazianzenus</strong></span> <span class='ocrx_word' id='word_1_279' title='bbox 720 2540 747 2562; x_wconf 87' lang='lat' dir='ltr'><strong>et</strong></span> <span class='ocrx_word' id='word_1_280' title='bbox 765 2534 862 2570; x_wconf 76' lang='lat' dir='ltr'><strong>Nysse-</strong></span> 
     </span>
    </p>
   </div>
   <div class='ocr_carea' id='block_1_45' title="bbox 77 2581 857 2617">
    <p class='ocr_par' dir='ltr' id='par_1_45' title="bbox 77 2581 857 2617">
     <span class='ocr_line' id='line_1_45' title="bbox 77 2581 857 2617; baseline -0.006 -5"><span class='ocrx_word' id='word_1_281' title='bbox 77 2592 138 2617; x_wconf 85' lang='lat' dir='ltr'><strong>nus,</strong></span> <span class='ocrx_word' id='word_1_282' title='bbox 152 2590 179 2611; x_wconf 87' lang='lat' dir='ltr'><strong>et</strong></span> <span class='ocrx_word' id='word_1_283' title='bbox 192 2584 311 2612; x_wconf 78' lang='lat' dir='ltr'><strong>Joannes</strong></span> <span class='ocrx_word' id='word_1_284' title='bbox 326 2584 598 2617; x_wconf 84' lang='lat' dir='ltr'><strong>Hierosolymilanus,</strong></span> <span class='ocrx_word' id='word_1_285' title='bbox 615 2581 733 2610; x_wconf 85' lang='lat' dir='ltr'><strong>assiduis</strong></span> <span class='ocrx_word' id='word_1_286' title='bbox 748 2589 808 2608; x_wconf 89' lang='lat' dir='ltr'><strong>eam</strong></span> <span class='ocrx_word' id='word_1_287' title='bbox 823 2581 857 2607; x_wconf 91' lang='lat' dir='ltr'><strong>ob</strong></span> 
     </span>
    </p>
   </div>
   <div class='ocr_carea' id='block_1_46' title="bbox 78 2627 860 2665">
    <p class='ocr_par' dir='ltr' id='par_1_46' title="bbox 78 2627 860 2665">
     <span class='ocr_line' id='line_1_46' title="bbox 78 2627 860 2665; baseline -0.004 -8"><span class='ocrx_word' id='word_1_288' title='bbox 78 2638 134 2657; x_wconf 84' lang='lat' dir='ltr'><strong>rem</strong></span> <span class='ocrx_word' id='word_1_289' title='bbox 160 2630 301 2664; x_wconf 85' lang='lat' dir='ltr'><strong>Epiphanii</strong></span> <span class='ocrx_word' id='word_1_290' title='bbox 336 2635 364 2657; x_wconf 91' lang='lat' dir='ltr'><strong>et</strong></span> <span class='ocrx_word' id='word_1_291' title='bbox 389 2629 543 2665; x_wconf 87' lang='lat' dir='ltr'><strong>Hieronymi</strong></span> <span class='ocrx_word' id='word_1_292' title='bbox 568 2628 675 2663; x_wconf 83' lang='lat' dir='ltr'><strong>probris</strong></span> <span class='ocrx_word' id='word_1_293' title='bbox 707 2627 860 2654; x_wconf 81' lang='lat' dir='ltr'><strong>lacessitus.</strong></span> 
     </span>
    </p>
   </div>
   <div class='ocr_carea' id='block_1_47' title="bbox 76 2676 892 2711">
    <p class='ocr_par' dir='ltr' id='par_1_47' title="bbox 76 2676 892 2711">
     <span class='ocr_line' id='line_1_47' title="bbox 76 2676 892 2711; baseline -0.006 -7"><span class='ocrx_word' id='word_1_294' title='bbox 76 2676 227 2704; x_wconf 82' lang='lat' dir='ltr'><strong>Metltodius</strong></span> <span class='ocrx_word' id='word_1_295' title='bbox 239 2683 363 2711; x_wconf 86' lang='lat' dir='ltr'><strong>quoque.</strong></span> <span class='ocrx_word' id='word_1_296' title='bbox 386 2676 431 2710; x_wconf 92' lang='lat' dir='ltr'><strong>qui</strong></span> <span class='ocrx_word' id='word_1_297' title='bbox 452 2676 498 2702; x_wconf 91' lang='lat' dir='ltr'><strong>d.u</strong></span> <span class='ocrx_word' id='word_1_298' title='bbox 521 2679 584 2702; x_wconf 82' lang='lat' dir='ltr'><strong>ante</strong></span> <span class='ocrx_word' id='word_1_299' title='bbox 604 2680 724 2702; x_wconf 82' lang='lat' dir='ltr'><strong>exortam</strong></span> <span class='ocrx_word' id='word_1_300' title='bbox 754 2679 861 2700; x_wconf 48' lang='lat' dir='ltr'><strong>contro.</strong></span> <span class='ocrx_word' id='word_1_301' title='bbox 886 2695 892 2700; x_wconf 87' lang='lat'><strong>.</strong></span> 
     </span>
    </p>
   </div>
   <div class='ocr_carea' id='block_1_48' title="bbox 111 2732 856 2768">
    <p class='ocr_par' dir='ltr' id='par_1_48' title="bbox 111 2732 856 2768">
     <span class='ocr_line' id='line_1_48' title="bbox 111 2732 856 2768; baseline -0.004 -8"><span class='ocrx_word' id='word_1_302' title='bbox 111 2734 168 2767; x_wconf 70' lang='lat' dir='ltr'><strong>I22)</strong></span> <span class='ocrx_word' id='word_1_303' title='bbox 187 2733 223 2762; x_wconf 80' lang='lat' dir='ltr'><strong>Ut</strong></span> <span class='ocrx_word' id='word_1_304' title='bbox 237 2734 315 2768; x_wconf 81' lang='lat' dir='ltr'><strong>facile</strong></span> <span class='ocrx_word' id='word_1_305' title='bbox 327 2733 462 2768; x_wconf 75' lang='lat' dir='ltr'><strong>conjicias,</strong></span> <span class='ocrx_word' id='word_1_306' title='bbox 485 2738 584 2768; x_wconf 73' lang='lat' dir='ltr'><strong>quanto</strong></span> <span class='ocrx_word' id='word_1_307' title='bbox 603 2732 698 2767; x_wconf 85' lang='lat' dir='ltr'><strong>majori</strong></span> <span class='ocrx_word' id='word_1_308' title='bbox 720 2736 777 2766; x_wconf 79' lang='lat' dir='ltr'><strong>post</strong></span> <span class='ocrx_word' id='word_1_309' title='bbox 799 2738 856 2764; x_wconf 72' lang='lat' dir='ltr'><strong>qus</strong></span> 
     </span>
    </p>
   </div>
   <div class='ocr_carea' id='block_1_49' title="bbox 77 2767 854 2803">
    <p class='ocr_par' dir='ltr' id='par_1_49' title="bbox 77 2767 854 2803">
     <span class='ocr_line' id='line_1_49' title="bbox 77 2767 854 2803; baseline -0.008 -6"><span class='ocrx_word' id='word_1_310' title='bbox 77 2770 175 2798; x_wconf 78' lang='lat' dir='ltr'><strong>obitum</strong></span> <span class='ocrx_word' id='word_1_311' title='bbox 198 2767 378 2803; x_wconf 42' lang='lat' dir='ltr'><strong>conﬁdentia,</strong></span> <span class='ocrx_word' id='word_1_312' title='bbox 394 2773 447 2796; x_wconf 89' lang='lat' dir='ltr'><strong>etc.</strong></span> <span class='ocrx_word' id='word_1_313' title='bbox 474 2768 539 2795; x_wconf 82' lang='lat' dir='ltr'><strong>Vide</strong></span> <span class='ocrx_word' id='word_1_314' title='bbox 563 2767 750 2803; x_wconf 75' lang='lat' dir='ltr'><strong>Przcl&#39;atiooem</strong></span> <span class='ocrx_word' id='word_1_315' title='bbox 783 2771 854 2803; x_wconf 63' lang='lat' dir='ltr'><strong>[omo</strong></span> 
     </span>
    </p>
   </div>
   <div class='ocr_carea' id='block_1_50' title="bbox 78 2800 856 2839">
    <p class='ocr_par' dir='ltr' id='par_1_50' title="bbox 78 2800 856 2839">
     <span class='ocr_line' id='line_1_50' title="bbox 78 2800 856 2839; baseline -0.006 -6"><span class='ocrx_word' id='word_1_316' title='bbox 78 2810 169 2833; x_wconf 87' lang='lat' dir='ltr'><strong>nostro</strong></span> <span class='ocrx_word' id='word_1_317' title='bbox 177 2800 257 2839; x_wconf 79' lang='lat' dir='ltr'><strong>priori</strong></span> <span class='ocrx_word' id='word_1_318' title='bbox 270 2800 419 2839; x_wconf 67' lang='lat' dir='ltr'><strong>przetixam,</strong></span> <span class='ocrx_word' id='word_1_319' title='bbox 436 2811 496 2839; x_wconf 81' lang='lat' dir='ltr'><strong>pag.</strong></span> <span class='ocrx_word' id='word_1_320' title='bbox 508 2802 536 2836; x_wconf 75' lang='lat'><strong>‘2,</strong></span> <span class='ocrx_word' id='word_1_321' title='bbox 549 2803 566 2830; x_wconf 77' lang='lat'><strong>3</strong></span> <span class='ocrx_word' id='word_1_322' title='bbox 578 2807 606 2830; x_wconf 84' lang='lat' dir='ltr'><strong>et</strong></span> <span class='ocrx_word' id='word_1_323' title='bbox 622 2802 650 2836; x_wconf 67' lang='lat'><strong>4,</strong></span> <span class='ocrx_word' id='word_1_324' title='bbox 666 2803 710 2830; x_wconf 87' lang='lat' dir='ltr'><strong>ubi</strong></span> <span class='ocrx_word' id='word_1_325' title='bbox 721 2802 777 2829; x_wconf 79' lang='lat' dir='ltr'><strong>ha-c</strong></span> <span class='ocrx_word' id='word_1_326' title='bbox 789 2800 856 2828; x_wconf 84' lang='lat' dir='ltr'><strong>Bulli</strong></span> 
     </span>
    </p>
   </div>
   <div class='ocr_carea' id='block_1_51' title="bbox 919 1161 1704 1201">
    <p class='ocr_par' dir='ltr' id='par_1_51' title="bbox 919 1161 1704 1201">
     <span class='ocr_line' id='line_1_51' title="bbox 919 1161 1704 1201; baseline 0.008 -13"><span class='ocrx_word' id='word_1_327' title='bbox 919 1161 961 1189; x_wconf 89' lang='lat' dir='ltr'><strong>nis</strong></span> <span class='ocrx_word' id='word_1_328' title='bbox 996 1162 1167 1190; x_wconf 85' lang='lat' dir='ltr'><strong>adversarius</strong></span> <span class='ocrx_word' id='word_1_329' title='bbox 1195 1163 1413 1198; x_wconf 79' lang='lat' dir='ltr'><strong>inl&#39;ensissimus;</strong></span> <span class='ocrx_word' id='word_1_330' title='bbox 1453 1174 1531 1192; x_wconf 90' lang='lat' dir='ltr'><strong>suum</strong></span> <span class='ocrx_word' id='word_1_331' title='bbox 1561 1167 1704 1201; x_wconf 83' lang='lat' dir='ltr'><strong>aliquando</strong></span> 
     </span>
    </p>
   </div>
   <div class='ocr_carea' id='block_1_52' title="bbox 918 1207 1703 1246">
    <p class='ocr_par' dir='ltr' id='par_1_52' title="bbox 918 1207 1703 1246">
     <span class='ocr_line' id='line_1_52' title="bbox 918 1207 1703 1246; baseline 0.01 -13"><span class='ocrx_word' id='word_1_332' title='bbox 918 1207 1008 1233; x_wconf 87' lang='lat' dir='ltr'><strong>odium</strong></span> <span class='ocrx_word' id='word_1_333' title='bbox 1021 1207 1154 1242; x_wconf 82' lang='lat' dir='ltr'><strong>deposuit,</strong></span> <span class='ocrx_word' id='word_1_334' title='bbox 1172 1216 1204 1235; x_wconf 84' lang='lat' dir='ltr'><strong>ac</strong></span> <span class='ocrx_word' id='word_1_335' title='bbox 1222 1209 1330 1236; x_wconf 87' lang='lat' dir='ltr'><strong>tandem</strong></span> <span class='ocrx_word' id='word_1_336' title='bbox 1356 1211 1426 1238; x_wconf 89' lang='lat' dir='ltr'><strong>inter</strong></span> <span class='ocrx_word' id='word_1_337' title='bbox 1448 1212 1506 1246; x_wconf 84' lang='lat' dir='ltr'><strong>ejus</strong></span> <span class='ocrx_word' id='word_1_338' title='bbox 1525 1212 1703 1242; x_wconf 85' lang='lat' dir='ltr'><strong>admiratores</strong></span> 
     </span>
    </p>
   </div>
   <div class='ocr_carea' id='block_1_53' title="bbox 918 1255 1703 1292">
    <p class='ocr_par' dir='ltr' id='par_1_53' title="bbox 918 1255 1703 1292">
     <span class='ocr_line' id='line_1_53' title="bbox 918 1255 1703 1292; baseline 0.009 -13"><span class='ocrx_word' id='word_1_339' title='bbox 918 1260 1014 1280; x_wconf 86' lang='lat' dir='ltr'><strong>nomen</strong></span> <span class='ocrx_word' id='word_1_340' title='bbox 1025 1261 1101 1280; x_wconf 90' lang='lat' dir='ltr'><strong>suum</strong></span> <span class='ocrx_word' id='word_1_341' title='bbox 1117 1255 1236 1288; x_wconf 83' lang='lat' dir='ltr'><strong>proliteri</strong></span> <span class='ocrx_word' id='word_1_342' title='bbox 1252 1263 1304 1282; x_wconf 91' lang='lat' dir='ltr'><strong>non</strong></span> <span class='ocrx_word' id='word_1_343' title='bbox 1319 1257 1437 1283; x_wconf 87' lang='lat' dir='ltr'><strong>erubuit.</strong></span> <span class='ocrx_word' id='word_1_344' title='bbox 1455 1257 1573 1292; x_wconf 88' lang='lat' dir='ltr'><strong>Denique</strong></span> <span class='ocrx_word' id='word_1_345' title='bbox 1589 1257 1703 1287; x_wconf 80' lang='lat' dir='ltr'><strong>Ruﬁnus</strong></span> 
     </span>
    </p>
   </div>
   <div class='ocr_carea' id='block_1_54' title="bbox 918 1298 1702 1339">
    <p class='ocr_par' dir='ltr' id='par_1_54' title="bbox 918 1298 1702 1339">
     <span class='ocr_line' id='line_1_54' title="bbox 918 1298 1702 1339; baseline 0.01 -15"><span class='ocrx_word' id='word_1_346' title='bbox 918 1299 943 1333; x_wconf 80' lang='lat' dir='ltr'><strong>(tl</strong></span> <span class='ocrx_word' id='word_1_347' title='bbox 955 1298 1084 1326; x_wconf 82' lang='lat' dir='ltr'><strong>Cassiano</strong></span> <span class='ocrx_word' id='word_1_348' title='bbox 1100 1299 1145 1326; x_wconf 91' lang='lat' dir='ltr'><strong>lib.</strong></span> <span class='ocrx_word' id='word_1_349' title='bbox 1177 1308 1213 1327; x_wconf 85' lang='lat' dir='ltr'><strong>vn</strong></span> <span class='ocrx_word' id='word_1_350' title='bbox 1233 1300 1270 1327; x_wconf 73' lang='lat' dir='ltr'><strong>De</strong></span> <span class='ocrx_word' id='word_1_351' title='bbox 1296 1301 1426 1329; x_wconf 85' lang='lat' dir='ltr'><strong>incarnat.</strong></span> <span class='ocrx_word' id='word_1_352' title='bbox 1446 1303 1541 1334; x_wconf 88' lang='lat' dir='ltr'><strong>dictus,</strong></span> <span class='ocrx_word' id='word_1_353' title='bbox 1573 1305 1702 1339; x_wconf 87' lang='lat' dir='ltr'><strong>quidquid</strong></span> 
     </span>
    </p>
   </div>
   <div class='ocr_carea' id='block_1_55' title="bbox 917 1345 1702 1385">
    <p class='ocr_par' dir='ltr' id='par_1_55' title="bbox 917 1345 1702 1385">
     <span class='ocr_line' id='line_1_55' title="bbox 917 1345 1702 1385; baseline 0.01 -14"><span class='ocrx_word' id='word_1_354' title='bbox 917 1345 950 1372; x_wconf 91' lang='lat' dir='ltr'><strong>de</strong></span> <span class='ocrx_word' id='word_1_355' title='bbox 969 1345 1025 1380; x_wconf 90' lang='lat' dir='ltr'><strong>ipso</strong></span> <span class='ocrx_word' id='word_1_356' title='bbox 1047 1345 1177 1379; x_wconf 85' lang='lat' dir='ltr'><strong>judicavit</strong></span> <span class='ocrx_word' id='word_1_357' title='bbox 1192 1347 1301 1381; x_wconf 84' lang='lat' dir='ltr'><strong>sequior</strong></span> <span class='ocrx_word' id='word_1_358' title='bbox 1315 1353 1393 1380; x_wconf 69' lang='lat' dir='ltr'><strong>telas,</strong></span> <span class='ocrx_word' id='word_1_359' title='bbox 1420 1357 1429 1374; x_wconf 73' lang='grc' dir='ltr'><strong><em>ι</em></strong></span> <span class='ocrx_word' id='word_1_360' title='bbox 1442 1348 1602 1377; x_wconf 66' lang='lat' dir='ltr'><strong>Christianae</strong></span> <span class='ocrx_word' id='word_1_361' title='bbox 1616 1351 1702 1385; x_wconf 90' lang='lat' dir='ltr'><strong>philo-</strong></span> 
     </span>
    </p>
   </div>
   <div class='ocr_carea' id='block_1_56' title="bbox 917 1390 1702 1426">
    <p class='ocr_par' dir='ltr' id='par_1_56' title="bbox 917 1390 1702 1426">
     <span class='ocr_line' id='line_1_56' title="bbox 917 1390 1702 1426; baseline 0.01 -10"><span class='ocrx_word' id='word_1_362' title='bbox 917 1390 1019 1424; x_wconf 77' lang='lat' dir='ltr'><strong>sophia:</strong></span> <span class='ocrx_word' id='word_1_363' title='bbox 1045 1391 1103 1423; x_wconf 86' lang='lat' dir='ltr'><strong>vir,</strong></span> <span class='ocrx_word' id='word_1_364' title='bbox 1131 1392 1201 1419; x_wconf 84' lang='lat' dir='ltr'><strong>haud</strong></span> <span class='ocrx_word' id='word_1_365' title='bbox 1225 1395 1422 1421; x_wconf 86' lang='lat' dir='ltr'><strong>contemnenda</strong></span> <span class='ocrx_word' id='word_1_366' title='bbox 1457 1396 1702 1426; x_wconf 88' lang='lat' dir='ltr'><strong>ecclesiasticorum</strong></span> 
     </span>
    </p>
   </div>
   <div class='ocr_carea' id='block_1_57' title="bbox 917 1435 1701 1475">
    <p class='ocr_par' dir='ltr' id='par_1_57' title="bbox 917 1435 1701 1475">
     <span class='ocr_line' id='line_1_57' title="bbox 917 1435 1701 1475; baseline 0.013 -14"><span class='ocrx_word' id='word_1_367' title='bbox 917 1435 1057 1463; x_wconf 87' lang='lat' dir='ltr'><strong>doctorum</strong></span> <span class='ocrx_word' id='word_1_368' title='bbox 1069 1437 1174 1472; x_wconf 87' lang='lat' dir='ltr'><strong>portio;</strong></span> <span class='ocrx_word' id='word_1_369' title='bbox 1199 1447 1209 1464; x_wconf 70' lang='grc' dir='ltr'><strong><em>ι</em></strong></span> <span class='ocrx_word' id='word_1_370' title='bbox 1232 1438 1307 1473; x_wconf 84' lang='lat' dir='ltr'><strong>cujus</strong></span> <span class='ocrx_word' id='word_1_371' title='bbox 1318 1440 1524 1468; x_wconf 81' lang='lat' dir='ltr'><strong>sanctimoniam</strong></span> <span class='ocrx_word' id='word_1_372' title='bbox 1549 1442 1606 1475; x_wconf 87' lang='lat' dir='ltr'><strong>ipse</strong></span> <span class='ocrx_word' id='word_1_373' title='bbox 1621 1444 1701 1471; x_wconf 86' lang='lat' dir='ltr'><strong>etiam</strong></span> 
     </span>
    </p>
   </div>
   <div class='ocr_carea' id='block_1_58' title="bbox 917 1480 1700 1521">
    <p class='ocr_par' dir='ltr' id='par_1_58' title="bbox 917 1480 1700 1521">
     <span class='ocr_line' id='line_1_58' title="bbox 917 1480 1700 1521; baseline 0.011 -14"><span class='ocrx_word' id='word_1_374' title='bbox 917 1480 1101 1517; x_wconf 71' lang='lat' dir='ltr'><strong>Hieroiiymus</strong></span> <span class='ocrx_word' id='word_1_375' title='bbox 1119 1483 1261 1518; x_wconf 85' lang='lat' dir='ltr'><strong>aliquando</strong></span> <span class='ocrx_word' id='word_1_376' title='bbox 1274 1486 1388 1512; x_wconf 84' lang='lat' dir='ltr'><strong>summis</strong></span> <span class='ocrx_word' id='word_1_377' title='bbox 1407 1486 1532 1515; x_wconf 90' lang='lat' dir='ltr'><strong>laudibus</strong></span> <span class='ocrx_word' id='word_1_378' title='bbox 1548 1489 1655 1521; x_wconf 81' lang='lat' dir='ltr'><strong>extulit,</strong></span> <span class='ocrx_word' id='word_1_379' title='bbox 1670 1495 1700 1516; x_wconf 87' lang='lat' dir='ltr'><strong>ut</strong></span> 
     </span>
    </p>
   </div>
   <div class='ocr_carea' id='block_1_59' title="bbox 916 1528 1700 1569">
    <p class='ocr_par' dir='ltr' id='par_1_59' title="bbox 916 1528 1700 1569">
     <span class='ocr_line' id='line_1_59' title="bbox 916 1528 1700 1569; baseline 0.006 -15"><span class='ocrx_word' id='word_1_380' title='bbox 916 1535 948 1554; x_wconf 80' lang='lat' dir='ltr'><strong>ex</strong></span> <span class='ocrx_word' id='word_1_381' title='bbox 962 1529 1074 1562; x_wconf 86' lang='lat' dir='ltr'><strong>epistola</strong></span> <span class='ocrx_word' id='word_1_382' title='bbox 1100 1528 1157 1561; x_wconf 78' lang='lat' dir='ltr'><strong>ejus</strong></span> <span class='ocrx_word' id='word_1_383' title='bbox 1174 1530 1277 1564; x_wconf 85' lang='lat' dir='ltr'><strong>quinta,</strong></span> <span class='ocrx_word' id='word_1_384' title='bbox 1303 1531 1336 1557; x_wconf 88' lang='lat' dir='ltr'><strong>ad</strong></span> <span class='ocrx_word' id='word_1_385' title='bbox 1358 1530 1538 1565; x_wconf 85' lang='lat' dir='ltr'><strong>Florentium,</strong></span> <span class='ocrx_word' id='word_1_386' title='bbox 1564 1535 1700 1569; x_wconf 79' lang='lat' dir='ltr'><strong>constat),</strong></span> 
     </span>
    </p>
   </div>
   <div class='ocr_carea' id='block_1_60' title="bbox 916 1574 1700 1611">
    <p class='ocr_par' dir='ltr' id='par_1_60' title="bbox 916 1574 1700 1611">
     <span class='ocr_line' id='line_1_60' title="bbox 916 1574 1700 1611; baseline 0.008 -10"><span class='ocrx_word' id='word_1_387' title='bbox 916 1574 1042 1609; x_wconf 78' lang='lat' dir='ltr'><strong>Origenis</strong></span> <span class='ocrx_word' id='word_1_388' title='bbox 1070 1576 1220 1602; x_wconf 84' lang='lat' dir='ltr'><strong>acerrimus</strong></span> <span class='ocrx_word' id='word_1_389' title='bbox 1248 1576 1451 1611; x_wconf 84' lang='lat' dir='ltr'><strong>byperaspistes</strong></span> <span class='ocrx_word' id='word_1_390' title='bbox 1477 1578 1540 1611; x_wconf 80' lang='lat' dir='ltr'><strong>fuit;</strong></span> <span class='ocrx_word' id='word_1_391' title='bbox 1578 1585 1606 1606; x_wconf 94' lang='lat' dir='ltr'><strong>ut</strong></span> <span class='ocrx_word' id='word_1_392' title='bbox 1634 1581 1700 1607; x_wconf 89' lang='lat' dir='ltr'><strong>nihil</strong></span> 
     </span>
    </p>
   </div>
   <div class='ocr_carea' id='block_1_61' title="bbox 917 1620 1700 1657">
    <p class='ocr_par' dir='ltr' id='par_1_61' title="bbox 917 1620 1700 1657">
     <span class='ocr_line' id='line_1_61' title="bbox 917 1620 1700 1657; baseline 0.008 -11"><span class='ocrx_word' id='word_1_393' title='bbox 917 1620 1004 1646; x_wconf 87' lang='lat' dir='ltr'><strong>dicam</strong></span> <span class='ocrx_word' id='word_1_394' title='bbox 1019 1620 1053 1647; x_wconf 88' lang='lat' dir='ltr'><strong>de</strong></span> <span class='ocrx_word' id='word_1_395' title='bbox 1069 1621 1219 1648; x_wconf 91' lang='lat' dir='ltr'><strong>innumeris</strong></span> <span class='ocrx_word' id='word_1_396' title='bbox 1234 1629 1282 1655; x_wconf 91' lang='lat' dir='ltr'><strong>per</strong></span> <span class='ocrx_word' id='word_1_397' title='bbox 1296 1621 1441 1656; x_wconf 57' lang='lat' dir='ltr'><strong>(Egyptum</strong></span> <span class='ocrx_word' id='word_1_398' title='bbox 1458 1623 1588 1657; x_wconf 72' lang='lat' dir='ltr'><strong>dispersis</strong></span> <span class='ocrx_word' id='word_1_399' title='bbox 1606 1633 1700 1652; x_wconf 82' lang='lat' dir='ltr'><strong>mona-</strong></span> 
     </span>
    </p>
   </div>
   <div class='ocr_carea' id='block_1_62' title="bbox 916 1666 1699 1705">
    <p class='ocr_par' dir='ltr' id='par_1_62' title="bbox 916 1666 1699 1705">
     <span class='ocr_line' id='line_1_62' title="bbox 916 1666 1699 1705; baseline 0.009 -14"><span class='ocrx_word' id='word_1_400' title='bbox 916 1666 985 1698; x_wconf 89' lang='lat' dir='ltr'><strong>chis,</strong></span> <span class='ocrx_word' id='word_1_401' title='bbox 1002 1666 1047 1700; x_wconf 91' lang='lat' dir='ltr'><strong>qui</strong></span> <span class='ocrx_word' id='word_1_402' title='bbox 1062 1666 1177 1693; x_wconf 78' lang='lat' dir='ltr'><strong>maxima</strong></span> <span class='ocrx_word' id='word_1_403' title='bbox 1194 1666 1317 1701; x_wconf 78' lang='lat' dir='ltr'><strong>Origeuis</strong></span> <span class='ocrx_word' id='word_1_404' title='bbox 1332 1668 1366 1694; x_wconf 85' lang='lat' dir='ltr'><strong>de</strong></span> <span class='ocrx_word' id='word_1_405' title='bbox 1379 1675 1460 1695; x_wconf 85' lang='lat' dir='ltr'><strong>causa</strong></span> <span class='ocrx_word' id='word_1_406' title='bbox 1477 1676 1537 1696; x_wconf 91' lang='lat' dir='ltr'><strong>cum</strong></span> <span class='ocrx_word' id='word_1_407' title='bbox 1550 1669 1699 1705; x_wconf 76' lang='lat' dir='ltr'><strong>Theophila</strong></span> 
     </span>
    </p>
   </div>
   <div class='ocr_carea' id='block_1_63' title="bbox 917 1710 1410 1740">
    <p class='ocr_par' dir='ltr' id='par_1_63' title="bbox 917 1710 1410 1740">
     <span class='ocr_line' id='line_1_63' title="bbox 917 1710 1410 1740; baseline 0.004 -3"><span class='ocrx_word' id='word_1_408' title='bbox 917 1710 1096 1738; x_wconf 79' lang='lat' dir='ltr'><strong>Alexandrino</strong></span> <span class='ocrx_word' id='word_1_409' title='bbox 1114 1712 1260 1739; x_wconf 85' lang='lat' dir='ltr'><strong>certamina</strong></span> <span class='ocrx_word' id='word_1_410' title='bbox 1282 1713 1410 1740; x_wconf 80' lang='lat' dir='ltr'><strong>inierunt.</strong></span> 
     </span>
    </p>
   </div>
   <div class='ocr_carea' id='block_1_64' title="bbox 954 1755 1695 1791">
    <p class='ocr_par' dir='ltr' id='par_1_64' title="bbox 954 1755 1695 1791">
     <span class='ocr_line' id='line_1_64' title="bbox 954 1755 1695 1791; baseline 0.009 -8"><span class='ocrx_word' id='word_1_411' title='bbox 954 1755 1012 1791; x_wconf 79' lang='lat' dir='ltr'><strong>§ll.</strong></span> <span class='ocrx_word' id='word_1_412' title='bbox 1031 1756 1058 1783; x_wconf 90' lang='lat' dir='ltr'><strong>In</strong></span> <span class='ocrx_word' id='word_1_413' title='bbox 1079 1756 1131 1784; x_wconf 89' lang='lat' dir='ltr'><strong>hoc</strong></span> <span class='ocrx_word' id='word_1_414' title='bbox 1158 1762 1232 1784; x_wconf 86' lang='lat' dir='ltr'><strong>tanto</strong></span> <span class='ocrx_word' id='word_1_415' title='bbox 1264 1763 1399 1785; x_wconf 86' lang='lat' dir='ltr'><strong>tantorum</strong></span> <span class='ocrx_word' id='word_1_416' title='bbox 1429 1760 1548 1786; x_wconf 84' lang='lat' dir='ltr'><strong>virorum</strong></span> <span class='ocrx_word' id='word_1_417' title='bbox 1572 1761 1695 1790; x_wconf 88' lang='lat' dir='ltr'><strong>dissensu</strong></span> 
     </span>
    </p>
   </div>
   <div class='ocr_carea' id='block_1_65' title="bbox 880 1796 1695 1838">
    <p class='ocr_par' dir='ltr' id='par_1_65' title="bbox 880 1796 1695 1838">
     <span class='ocr_line' id='line_1_65' title="bbox 880 1796 1695 1838; baseline 0.01 -11"><span class='ocrx_word' id='word_1_418' title='bbox 880 1796 1058 1834; x_wconf 78' lang='lat' dir='ltr'><strong>Boptandum</strong></span> <span class='ocrx_word' id='word_1_419' title='bbox 1070 1807 1139 1835; x_wconf 85' lang='lat' dir='ltr'><strong>erat,</strong></span> <span class='ocrx_word' id='word_1_420' title='bbox 1160 1808 1187 1829; x_wconf 92' lang='lat' dir='ltr'><strong>ut</strong></span> <span class='ocrx_word' id='word_1_421' title='bbox 1213 1811 1247 1830; x_wconf 83' lang='lat' dir='ltr'><strong>ex</strong></span> <span class='ocrx_word' id='word_1_422' title='bbox 1273 1804 1395 1835; x_wconf 81' lang='lat' dir='ltr'><strong>iutinitis,</strong></span> <span class='ocrx_word' id='word_1_423' title='bbox 1418 1812 1477 1838; x_wconf 72' lang='lat' dir='ltr'><strong>qua:</strong></span> <span class='ocrx_word' id='word_1_424' title='bbox 1501 1806 1695 1835; x_wconf 81' lang='lat' dir='ltr'><strong>Chalcenterus</strong></span> 
     </span>
    </p>
   </div>
   <div class='ocr_carea' id='block_1_66' title="bbox 915 1848 1697 1884">
    <p class='ocr_par' dir='ltr' id='par_1_66' title="bbox 915 1848 1697 1884">
     <span class='ocr_line' id='line_1_66' title="bbox 915 1848 1697 1884; baseline 0.008 -9"><span class='ocrx_word' id='word_1_425' title='bbox 915 1848 960 1875; x_wconf 88' lang='lat' dir='ltr'><strong>ille</strong></span> <span class='ocrx_word' id='word_1_426' title='bbox 973 1848 1151 1880; x_wconf 73' lang='lat' dir='ltr'><strong>elucubravit,</strong></span> <span class='ocrx_word' id='word_1_427' title='bbox 1176 1850 1284 1882; x_wconf 87' lang='lat' dir='ltr'><strong>scriptis</strong></span> <span class='ocrx_word' id='word_1_428' title='bbox 1300 1849 1377 1884; x_wconf 88' lang='lat' dir='ltr'><strong>plura</strong></span> <span class='ocrx_word' id='word_1_429' title='bbox 1401 1851 1434 1877; x_wconf 86' lang='lat' dir='ltr'><strong>ad</strong></span> <span class='ocrx_word' id='word_1_430' title='bbox 1453 1858 1502 1877; x_wconf 87' lang='lat' dir='ltr'><strong>nos</strong></span> <span class='ocrx_word' id='word_1_431' title='bbox 1525 1853 1697 1881; x_wconf 72' lang='lat' dir='ltr'><strong>devonissent</strong></span> 
     </span>
    </p>
   </div>
   <div class='ocr_carea' id='block_1_67' title="bbox 915 1893 1694 1931">
    <p class='ocr_par' dir='ltr' id='par_1_67' title="bbox 915 1893 1694 1931">
     <span class='ocr_line' id='line_1_67' title="bbox 915 1893 1694 1931; baseline 0.006 -11"><span class='ocrx_word' id='word_1_432' title='bbox 915 1893 1018 1928; x_wconf 77' lang='lat' dir='ltr'><strong>integra</strong></span> <span class='ocrx_word' id='word_1_433' title='bbox 1036 1899 1064 1921; x_wconf 90' lang='lat' dir='ltr'><strong>et</strong></span> <span class='ocrx_word' id='word_1_434' title='bbox 1081 1893 1197 1927; x_wconf 87' lang='lat' dir='ltr'><strong>illibata;</strong></span> <span class='ocrx_word' id='word_1_435' title='bbox 1214 1895 1285 1922; x_wconf 87' lang='lat' dir='ltr'><strong>unde</strong></span> <span class='ocrx_word' id='word_1_436' title='bbox 1307 1895 1374 1930; x_wconf 86' lang='lat' dir='ltr'><strong>ipsi,</strong></span> <span class='ocrx_word' id='word_1_437' title='bbox 1399 1897 1486 1922; x_wconf 91' lang='lat' dir='ltr'><strong>neutri</strong></span> <span class='ocrx_word' id='word_1_438' title='bbox 1500 1898 1568 1931; x_wconf 87' lang='lat' dir='ltr'><strong>parti</strong></span> <span class='ocrx_word' id='word_1_439' title='bbox 1585 1899 1694 1931; x_wconf 85' lang='lat' dir='ltr'><strong>addicti,</strong></span> 
     </span>
    </p>
   </div>
   <div class='ocr_carea' id='block_1_68' title="bbox 914 1939 1694 1976">
    <p class='ocr_par' dir='ltr' id='par_1_68' title="bbox 914 1939 1694 1976">
     <span class='ocr_line' id='line_1_68' title="bbox 914 1939 1694 1976; baseline 0.006 -10"><span class='ocrx_word' id='word_1_440' title='bbox 914 1939 946 1966; x_wconf 87' lang='lat' dir='ltr'><strong>de</strong></span> <span class='ocrx_word' id='word_1_441' title='bbox 970 1940 1028 1974; x_wconf 82' lang='lat' dir='ltr'><strong>ejus</strong></span> <span class='ocrx_word' id='word_1_442' title='bbox 1051 1939 1173 1967; x_wconf 89' lang='lat' dir='ltr'><strong>doctrina</strong></span> <span class='ocrx_word' id='word_1_443' title='bbox 1205 1941 1304 1967; x_wconf 83' lang='lat' dir='ltr'><strong>certius</strong></span> <span class='ocrx_word' id='word_1_444' title='bbox 1326 1940 1475 1973; x_wconf 72' lang='lat' dir='ltr'><strong>diiudicare</strong></span> <span class='ocrx_word' id='word_1_445' title='bbox 1504 1943 1694 1976; x_wconf 88' lang='lat' dir='ltr'><strong>potuissemus.</strong></span> 
     </span>
    </p>
   </div>
   <div class='ocr_carea' id='block_1_69' title="bbox 913 1985 1695 2022">
    <p class='ocr_par' dir='ltr' id='par_1_69' title="bbox 913 1985 1695 2022">
     <span class='ocr_line' id='line_1_69' title="bbox 913 1985 1695 2022; baseline 0.006 -10"><span class='ocrx_word' id='word_1_446' title='bbox 913 1987 962 2013; x_wconf 83' lang='lat' dir='ltr'><strong>Ast</strong></span> <span class='ocrx_word' id='word_1_447' title='bbox 985 1985 1072 2020; x_wconf 91' lang='lat' dir='ltr'><strong>(proh</strong></span> <span class='ocrx_word' id='word_1_448' title='bbox 1093 1985 1210 2020; x_wconf 87' lang='lat' dir='ltr'><strong>dolor!)</strong></span> <span class='ocrx_word' id='word_1_449' title='bbox 1238 1993 1271 2013; x_wconf 85' lang='lat' dir='ltr'><strong>ex</strong></span> <span class='ocrx_word' id='word_1_450' title='bbox 1302 1986 1378 2013; x_wconf 88' lang='lat' dir='ltr'><strong>libris</strong></span> <span class='ocrx_word' id='word_1_451' title='bbox 1406 1985 1529 2021; x_wconf 79' lang='lat' dir='ltr'><strong>Origenis</strong></span> <span class='ocrx_word' id='word_1_452' title='bbox 1555 1990 1695 2022; x_wconf 85' lang='lat' dir='ltr'><strong>quosdam.</strong></span> 
     </span>
    </p>
   </div>
   <div class='ocr_carea' id='block_1_70' title="bbox 913 2030 1696 2062">
    <p class='ocr_par' dir='ltr' id='par_1_70' title="bbox 913 2030 1696 2062">
     <span class='ocr_line' id='line_1_70' title="bbox 913 2030 1696 2062; baseline 0.008 -6"><span class='ocrx_word' id='word_1_453' title='bbox 913 2030 975 2056; x_wconf 91' lang='lat' dir='ltr'><strong>dum</strong></span> <span class='ocrx_word' id='word_1_454' title='bbox 988 2030 1011 2056; x_wconf 91' lang='lat' dir='ltr'><strong>is</strong></span> <span class='ocrx_word' id='word_1_455' title='bbox 1022 2030 1109 2057; x_wconf 79' lang='lat' dir='ltr'><strong>adhuc</strong></span> <span class='ocrx_word' id='word_1_456' title='bbox 1120 2031 1233 2062; x_wconf 84' lang='lat' dir='ltr'><strong>viveret,</strong></span> <span class='ocrx_word' id='word_1_457' title='bbox 1253 2039 1267 2057; x_wconf 84' lang='lat' dir='ltr'><strong>a</strong></span> <span class='ocrx_word' id='word_1_458' title='bbox 1281 2031 1455 2058; x_wconf 86' lang='lat' dir='ltr'><strong>malcleriatis</strong></span> <span class='ocrx_word' id='word_1_459' title='bbox 1470 2033 1623 2061; x_wconf 88' lang='lat' dir='ltr'><strong>hominibus</strong></span> <span class='ocrx_word' id='word_1_460' title='bbox 1636 2042 1696 2062; x_wconf 92' lang='lat' dir='ltr'><strong>cor-</strong></span> 
     </span>
    </p>
   </div>
   <div class='ocr_carea' id='block_1_71' title="bbox 914 2075 1695 2111">
    <p class='ocr_par' dir='ltr' id='par_1_71' title="bbox 914 2075 1695 2111">
     <span class='ocr_line' id='line_1_71' title="bbox 914 2075 1695 2111; baseline 0.008 -11"><span class='ocrx_word' id='word_1_461' title='bbox 914 2079 1007 2108; x_wconf 90' lang='lat' dir='ltr'><strong>ruptos</strong></span> <span class='ocrx_word' id='word_1_462' title='bbox 1036 2080 1117 2109; x_wconf 85' lang='lat' dir='ltr'><strong>atque</strong></span> <span class='ocrx_word' id='word_1_463' title='bbox 1141 2075 1335 2109; x_wconf 87' lang='lat' dir='ltr'><strong>interpolatos;</strong></span> <span class='ocrx_word' id='word_1_464' title='bbox 1371 2080 1398 2103; x_wconf 87' lang='lat' dir='ltr'><strong>et</strong></span> <span class='ocrx_word' id='word_1_465' title='bbox 1432 2077 1530 2111; x_wconf 89' lang='lat' dir='ltr'><strong>scripta</strong></span> <span class='ocrx_word' id='word_1_466' title='bbox 1568 2079 1695 2106; x_wconf 88' lang='lat' dir='ltr'><strong>nonnulla</strong></span> 
     </span>
    </p>
   </div>
   <div class='ocr_carea' id='block_1_72' title="bbox 913 2121 1696 2155">
    <p class='ocr_par' dir='ltr' id='par_1_72' title="bbox 913 2121 1696 2155">
     <span class='ocr_line' id='line_1_72' title="bbox 913 2121 1696 2155; baseline 0.005 -8"><span class='ocrx_word' id='word_1_467' title='bbox 913 2121 998 2147; x_wconf 85' lang='lat' dir='ltr'><strong>aliena</strong></span> <span class='ocrx_word' id='word_1_468' title='bbox 1018 2128 1129 2155; x_wconf 88' lang='lat' dir='ltr'><strong>prorsus</strong></span> <span class='ocrx_word' id='word_1_469' title='bbox 1140 2128 1172 2148; x_wconf 88' lang='lat' dir='ltr'><strong>ac</strong></span> <span class='ocrx_word' id='word_1_470' title='bbox 1187 2122 1278 2155; x_wconf 83' lang='lat' dir='ltr'><strong>spuria</strong></span> <span class='ocrx_word' id='word_1_471' title='bbox 1302 2122 1352 2148; x_wconf 85' lang='lat' dir='ltr'><strong>sub</strong></span> <span class='ocrx_word' id='word_1_472' title='bbox 1372 2122 1430 2154; x_wconf 82' lang='lat' dir='ltr'><strong>ejus</strong></span> <span class='ocrx_word' id='word_1_473' title='bbox 1445 2124 1553 2150; x_wconf 83' lang='lat' dir='ltr'><strong>nomine</strong></span> <span class='ocrx_word' id='word_1_474' title='bbox 1574 2125 1696 2152; x_wconf 84' lang='lat' dir='ltr'><strong>celebra-</strong></span> 
     </span>
    </p>
   </div>
   <div class='ocr_carea' id='block_1_73' title="bbox 913 2165 1695 2203">
    <p class='ocr_par' dir='ltr' id='par_1_73' title="bbox 913 2165 1695 2203">
     <span class='ocr_line' id='line_1_73' title="bbox 913 2165 1695 2203; baseline 0.006 -11"><span class='ocrx_word' id='word_1_475' title='bbox 913 2166 1015 2193; x_wconf 83' lang='lat' dir='ltr'><strong>tissimo</strong></span> <span class='ocrx_word' id='word_1_476' title='bbox 1025 2165 1096 2193; x_wconf 79' lang='lat' dir='ltr'><strong>edita</strong></span> <span class='ocrx_word' id='word_1_477' title='bbox 1114 2166 1198 2194; x_wconf 84' lang='lat' dir='ltr'><strong>fuisse</strong></span> <span class='ocrx_word' id='word_1_478' title='bbox 1220 2167 1276 2202; x_wconf 88' lang='lat' dir='ltr'><strong>ipse</strong></span> <span class='ocrx_word' id='word_1_479' title='bbox 1294 2172 1463 2202; x_wconf 83' lang='lat' dir='ltr'><strong>conquestus</strong></span> <span class='ocrx_word' id='word_1_480' title='bbox 1478 2173 1520 2195; x_wconf 85' lang='lat' dir='ltr'><strong>est</strong></span> <span class='ocrx_word' id='word_1_481' title='bbox 1534 2169 1559 2195; x_wconf 91' lang='lat' dir='ltr'><strong>in</strong></span> <span class='ocrx_word' id='word_1_482' title='bbox 1576 2169 1695 2203; x_wconf 81' lang='lat' dir='ltr'><strong>Epistula</strong></span> 
     </span>
    </p>
   </div>
   <div class='ocr_carea' id='block_1_74' title="bbox 913 2212 1695 2249">
    <p class='ocr_par' dir='ltr' id='par_1_74' title="bbox 913 2212 1695 2249">
     <span class='ocr_line' id='line_1_74' title="bbox 913 2212 1695 2249; baseline 0.003 -10"><span class='ocrx_word' id='word_1_483' title='bbox 913 2212 946 2239; x_wconf 85' lang='lat' dir='ltr'><strong>ad</strong></span> <span class='ocrx_word' id='word_1_484' title='bbox 967 2212 1097 2246; x_wconf 81' lang='lat' dir='ltr'><strong>quosdam</strong></span> <span class='ocrx_word' id='word_1_485' title='bbox 1122 2212 1313 2240; x_wconf 80' lang='lat' dir='ltr'><strong>Alexandriam</strong></span> <span class='ocrx_word' id='word_1_486' title='bbox 1339 2214 1451 2248; x_wconf 90' lang='lat' dir='ltr'><strong>scripta.</strong></span> <span class='ocrx_word' id='word_1_487' title='bbox 1480 2213 1535 2249; x_wconf 64' lang='grc' dir='ltr'><strong>(ἓῖ)</strong></span> <span class='ocrx_word' id='word_1_488' title='bbox 1560 2213 1593 2241; x_wconf 93' lang='lat' dir='ltr'><strong>Ut</strong></span> <span class='ocrx_word' id='word_1_489' title='bbox 1614 2215 1695 2243; x_wconf 69' lang='lat' dir='ltr'><strong>facile.</strong></span> 
     </span>
    </p>
   </div>
   <div class='ocr_carea' id='block_1_75' title="bbox 912 2257 1694 2294">
    <p class='ocr_par' dir='ltr' id='par_1_75' title="bbox 912 2257 1694 2294">
     <span class='ocr_line' id='line_1_75' title="bbox 912 2257 1694 2294; baseline 0.005 -10"><span class='ocrx_word' id='word_1_490' title='bbox 912 2257 1051 2292; x_wconf 86' lang='lat' dir='ltr'><strong>conjicias,</strong></span> <span class='ocrx_word' id='word_1_491' title='bbox 1069 2263 1174 2292; x_wconf 86' lang='lat' dir='ltr'><strong>quanto</strong></span> <span class='ocrx_word' id='word_1_492' title='bbox 1186 2259 1280 2292; x_wconf 89' lang='lat' dir='ltr'><strong>majori</strong></span> <span class='ocrx_word' id='word_1_493' title='bbox 1291 2259 1418 2294; x_wconf 81' lang='lat' dir='ltr'><strong>postcjus</strong></span> <span class='ocrx_word' id='word_1_494' title='bbox 1430 2261 1532 2287; x_wconf 89' lang='lat' dir='ltr'><strong>obitum</strong></span> <span class='ocrx_word' id='word_1_495' title='bbox 1554 2261 1694 2289; x_wconf 81' lang='lat' dir='ltr'><strong>conliden-</strong></span> 
     </span>
    </p>
   </div>
   <div class='ocr_carea' id='block_1_76' title="bbox 913 2304 1695 2341">
    <p class='ocr_par' dir='ltr' id='par_1_76' title="bbox 913 2304 1695 2341">
     <span class='ocr_line' id='line_1_76' title="bbox 913 2304 1695 2341; baseline 0.006 -11"><span class='ocrx_word' id='word_1_496' title='bbox 913 2304 949 2331; x_wconf 84' lang='lat' dir='ltr'><strong>tia</strong></span> <span class='ocrx_word' id='word_1_497' title='bbox 975 2304 1018 2331; x_wconf 91' lang='lat' dir='ltr'><strong>isti</strong></span> <span class='ocrx_word' id='word_1_498' title='bbox 1040 2305 1209 2331; x_wconf 89' lang='lat' dir='ltr'><strong>tenebrioues</strong></span> <span class='ocrx_word' id='word_1_499' title='bbox 1234 2305 1258 2331; x_wconf 89' lang='lat' dir='ltr'><strong>id</strong></span> <span class='ocrx_word' id='word_1_500' title='bbox 1282 2313 1367 2338; x_wconf 75' lang='lat' dir='ltr'><strong>genus</strong></span> <span class='ocrx_word' id='word_1_501' title='bbox 1388 2306 1506 2334; x_wconf 78' lang='lat' dir='ltr'><strong>facinora</strong></span> <span class='ocrx_word' id='word_1_502' title='bbox 1524 2313 1695 2341; x_wconf 82' lang='lat' dir='ltr'><strong>perpetrave-</strong></span> 
     </span>
    </p>
   </div>
   <div class='ocr_carea' id='block_1_77' title="bbox 913 2348 1696 2387">
    <p class='ocr_par' dir='ltr' id='par_1_77' title="bbox 913 2348 1696 2387">
     <span class='ocr_line' id='line_1_77' title="bbox 913 2348 1696 2387; baseline 0.006 -12"><span class='ocrx_word' id='word_1_503' title='bbox 913 2349 982 2380; x_wconf 92' lang='lat' dir='ltr'><strong>rint,</strong></span> <span class='ocrx_word' id='word_1_504' title='bbox 997 2353 1070 2375; x_wconf 85' lang='lat' dir='ltr'><strong>certe</strong></span> <span class='ocrx_word' id='word_1_505' title='bbox 1086 2348 1308 2382; x_wconf 72' lang='lat' dir='ltr'><strong>Origeniauorum</strong></span> <span class='ocrx_word' id='word_1_506' title='bbox 1331 2358 1441 2385; x_wconf 89' lang='lat' dir='ltr'><strong>operum</strong></span> <span class='ocrx_word' id='word_1_507' title='bbox 1456 2359 1519 2386; x_wconf 90' lang='lat' dir='ltr'><strong>pars</strong></span> <span class='ocrx_word' id='word_1_508' title='bbox 1542 2352 1619 2387; x_wconf 76' lang='lat' dir='ltr'><strong>longe</strong></span> <span class='ocrx_word' id='word_1_509' title='bbox 1637 2361 1696 2380; x_wconf 87' lang='lat' dir='ltr'><strong>ma-</strong></span> 
     </span>
    </p>
   </div>
   <div class='ocr_carea' id='block_1_78' title="bbox 912 2389 1692 2432">
    <p class='ocr_par' dir='ltr' id='par_1_78' title="bbox 912 2389 1692 2432">
     <span class='ocr_line' id='line_1_78' title="bbox 912 2389 1692 2432; baseline 0.006 -12"><span class='ocrx_word' id='word_1_510' title='bbox 912 2394 982 2421; x_wconf 74' lang='lat' dir='ltr'><strong>xima</strong></span> <span class='ocrx_word' id='word_1_511' title='bbox 1003 2389 1193 2428; x_wconf 33' lang='lat' dir='ltr'><strong>jam-penitus</strong></span> <span class='ocrx_word' id='word_1_512' title='bbox 1218 2394 1417 2423; x_wconf 89' lang='lat' dir='ltr'><strong>interciderunt</strong></span> <span class='ocrx_word' id='word_1_513' title='bbox 1438 2407 1445 2424; x_wconf 85' lang='lat'><strong>;</strong></span> <span class='ocrx_word' id='word_1_514' title='bbox 1469 2405 1581 2432; x_wconf 73' lang='lat' dir='ltr'><strong>quaeque</strong></span> <span class='ocrx_word' id='word_1_515' title='bbox 1613 2399 1692 2426; x_wconf 88' lang='lat' dir='ltr'><strong>hodie</strong></span> 
     </span>
    </p>
   </div>
   <div class='ocr_carea' id='block_1_79' title="bbox 912 2440 1695 2476">
    <p class='ocr_par' dir='ltr' id='par_1_79' title="bbox 912 2440 1695 2476">
     <span class='ocr_line' id='line_1_79' title="bbox 912 2440 1695 2476; baseline 0.006 -10"><span class='ocrx_word' id='word_1_516' title='bbox 912 2444 1065 2474; x_wconf 82' lang='lat' dir='ltr'><strong>supersunt,</strong></span> <span class='ocrx_word' id='word_1_517' title='bbox 1097 2446 1140 2470; x_wconf 86' lang='lat' dir='ltr'><strong>ea.</strong></span> <span class='ocrx_word' id='word_1_518' title='bbox 1168 2440 1282 2473; x_wconf 89' lang='lat' dir='ltr'><strong>demptis</strong></span> <span class='ocrx_word' id='word_1_519' title='bbox 1310 2447 1400 2468; x_wconf 80' lang='lat' dir='ltr'><strong>contra</strong></span> <span class='ocrx_word' id='word_1_520' title='bbox 1423 2442 1526 2469; x_wconf 74' lang='lat' dir='ltr'><strong>Celsum</strong></span> <span class='ocrx_word' id='word_1_521' title='bbox 1557 2443 1643 2476; x_wconf 87' lang='lat' dir='ltr'><strong>libris,</strong></span> <span class='ocrx_word' id='word_1_522' title='bbox 1668 2449 1695 2472; x_wconf 88' lang='lat' dir='ltr'><strong>et</strong></span> 
     </span>
    </p>
   </div>
   <div class='ocr_carea' id='block_1_80' title="bbox 913 2483 1694 2521">
    <p class='ocr_par' dir='ltr' id='par_1_80' title="bbox 913 2483 1694 2521">
     <span class='ocr_line' id='line_1_80' title="bbox 913 2483 1694 2521; baseline 0.008 -10"><span class='ocrx_word' id='word_1_523' title='bbox 913 2485 1046 2519; x_wconf 83' lang='lat' dir='ltr'><strong>excerptis</strong></span> <span class='ocrx_word' id='word_1_524' title='bbox 1061 2483 1234 2519; x_wconf 87' lang='lat' dir='ltr'><strong>quibusdam,</strong></span> <span class='ocrx_word' id='word_1_525' title='bbox 1252 2493 1311 2519; x_wconf 86' lang='lat' dir='ltr'><strong>quae</strong></span> <span class='ocrx_word' id='word_1_526' title='bbox 1325 2484 1474 2513; x_wconf 82' lang='lat' dir='ltr'><strong>Philocalia</strong></span> <span class='ocrx_word' id='word_1_527' title='bbox 1491 2496 1629 2521; x_wconf 85' lang='lat' dir='ltr'><strong>vocantur,</strong></span> <span class='ocrx_word' id='word_1_528' title='bbox 1645 2489 1694 2517; x_wconf 87' lang='lat' dir='ltr'><strong>La-</strong></span> 
     </span>
    </p>
   </div>
   <div class='ocr_carea' id='block_1_81' title="bbox 912 2530 1694 2564">
    <p class='ocr_par' dir='ltr' id='par_1_81' title="bbox 912 2530 1694 2564">
     <span class='ocr_line' id='line_1_81' title="bbox 912 2530 1694 2564; baseline 0.006 -7"><span class='ocrx_word' id='word_1_529' title='bbox 912 2531 966 2558; x_wconf 88' lang='lat' dir='ltr'><strong>tine</strong></span> <span class='ocrx_word' id='word_1_530' title='bbox 980 2535 1081 2557; x_wconf 84' lang='lat' dir='ltr'><strong>tantum</strong></span> <span class='ocrx_word' id='word_1_531' title='bbox 1095 2530 1270 2562; x_wconf 78' lang='lat' dir='ltr'><strong>exstiterunt,</strong></span> <span class='ocrx_word' id='word_1_532' title='bbox 1286 2531 1376 2564; x_wconf 85' lang='lat' dir='ltr'><strong>idque,</strong></span> <span class='ocrx_word' id='word_1_533' title='bbox 1395 2536 1424 2557; x_wconf 91' lang='lat' dir='ltr'><strong>ut</strong></span> <span class='ocrx_word' id='word_1_534' title='bbox 1437 2540 1470 2559; x_wconf 86' lang='lat' dir='ltr'><strong>ex</strong></span> <span class='ocrx_word' id='word_1_535' title='bbox 1494 2536 1575 2560; x_wconf 80' lang='lat' dir='ltr'><strong>certis</strong></span> <span class='ocrx_word' id='word_1_536' title='bbox 1590 2535 1694 2562; x_wconf 83' lang='lat' dir='ltr'><strong>indiciis</strong></span> 
     </span>
    </p>
   </div>
   <div class='ocr_carea' id='block_1_82' title="bbox 910 2575 1694 2615">
    <p class='ocr_par' dir='ltr' id='par_1_82' title="bbox 910 2575 1694 2615">
     <span class='ocr_line' id='line_1_82' title="bbox 910 2575 1694 2615; baseline 0.006 -12"><span class='ocrx_word' id='word_1_537' title='bbox 910 2581 1027 2608; x_wconf 82' lang='lat' dir='ltr'><strong>constat,</strong></span> <span class='ocrx_word' id='word_1_538' title='bbox 1041 2575 1152 2603; x_wconf 90' lang='lat' dir='ltr'><strong>multum</strong></span> <span class='ocrx_word' id='word_1_539' title='bbox 1165 2576 1199 2602; x_wconf 87' lang='lat' dir='ltr'><strong>ab</strong></span> <span class='ocrx_word' id='word_1_540' title='bbox 1213 2575 1405 2609; x_wconf 87' lang='lat' dir='ltr'><strong>interpretibus</strong></span> <span class='ocrx_word' id='word_1_541' title='bbox 1426 2577 1587 2613; x_wconf 85' lang='lat' dir='ltr'><strong>interpolata</strong></span> <span class='ocrx_word' id='word_1_542' title='bbox 1614 2586 1694 2615; x_wconf 88' lang='lat' dir='ltr'><strong>atque</strong></span> 
     </span>
    </p>
   </div>
   <div class='ocr_carea' id='block_1_83' title="bbox 910 2621 1693 2656">
    <p class='ocr_par' dir='ltr' id='par_1_83' title="bbox 910 2621 1693 2656">
     <span class='ocr_line' id='line_1_83' title="bbox 910 2621 1693 2656; baseline 0.005 -6"><span class='ocrx_word' id='word_1_543' title='bbox 910 2623 1072 2650; x_wconf 87' lang='lat' dir='ltr'><strong>immutata:</strong></span> <span class='ocrx_word' id='word_1_544' title='bbox 1090 2621 1175 2648; x_wconf 90' lang='lat' dir='ltr'><strong>donec</strong></span> <span class='ocrx_word' id='word_1_545' title='bbox 1193 2629 1277 2656; x_wconf 88' lang='lat' dir='ltr'><strong>nuper</strong></span> <span class='ocrx_word' id='word_1_546' title='bbox 1291 2621 1459 2649; x_wconf 80' lang='lat' dir='ltr'><strong>clarissimus</strong></span> <span class='ocrx_word' id='word_1_547' title='bbox 1477 2623 1569 2651; x_wconf 84' lang='lat' dir='ltr'><strong>Daniel</strong></span> <span class='ocrx_word' id='word_1_548' title='bbox 1582 2625 1693 2654; x_wconf 86' lang='lat' dir='ltr'><strong>lluetius</strong></span> 
     </span>
    </p>
   </div>
   <div class='ocr_carea' id='block_1_84' title="bbox 910 2667 1692 2705">
    <p class='ocr_par' dir='ltr' id='par_1_84' title="bbox 910 2667 1692 2705">
     <span class='ocr_line' id='line_1_84' title="bbox 910 2667 1692 2705; baseline 0.003 -9"><span class='ocrx_word' id='word_1_549' title='bbox 910 2668 1061 2705; x_wconf 80' lang='grc' dir='ltr'><strong>ὲξηγητικά</strong></span> <span class='ocrx_word' id='word_1_550' title='bbox 1073 2667 1196 2702; x_wconf 80' lang='lat' dir='ltr'><strong>Origeuis</strong></span> <span class='ocrx_word' id='word_1_551' title='bbox 1211 2674 1263 2694; x_wconf 91' lang='lat' dir='ltr'><strong>non</strong></span> <span class='ocrx_word' id='word_1_552' title='bbox 1278 2674 1360 2701; x_wconf 84' lang='lat' dir='ltr'><strong>pauca</strong></span> <span class='ocrx_word' id='word_1_553' title='bbox 1379 2674 1412 2693; x_wconf 78' lang='lat' dir='ltr'><strong>ex</strong></span> <span class='ocrx_word' id='word_1_554' title='bbox 1433 2675 1498 2694; x_wconf 88' lang='lat' dir='ltr'><strong>mss.</strong></span> <span class='ocrx_word' id='word_1_555' title='bbox 1524 2669 1618 2697; x_wconf 68' lang='lat' dir='ltr'><strong>erce</strong></span> <span class='ocrx_word' id='word_1_556' title='bbox 1634 2672 1692 2698; x_wconf 85' lang='lat' dir='ltr'><strong>edi-</strong></span> 
     </span>
    </p>
   </div>
   <div class='ocr_carea' id='block_1_85' title="bbox 909 2723 1690 2754">
    <p class='ocr_par' dir='ltr' id='par_1_85' title="bbox 909 2723 1690 2754">
     <span class='ocr_line' id='line_1_85' title="bbox 909 2723 1690 2754; baseline -0.008 0"><span class='ocrx_word' id='word_1_557' title='bbox 909 2731 936 2754; x_wconf 88' lang='lat' dir='ltr'><strong>et</strong></span> <span class='ocrx_word' id='word_1_558' title='bbox 951 2725 1036 2753; x_wconf 85' lang='lat' dir='ltr'><strong>Huetii</strong></span> <span class='ocrx_word' id='word_1_559' title='bbox 1049 2724 1181 2753; x_wconf 86' lang='lat' dir='ltr'><strong>sententia</strong></span> <span class='ocrx_word' id='word_1_560' title='bbox 1204 2724 1237 2751; x_wconf 90' lang='lat' dir='ltr'><strong>de</strong></span> <span class='ocrx_word' id='word_1_561' title='bbox 1261 2723 1457 2751; x_wconf 87' lang='lat' dir='ltr'><strong>adulteratione</strong></span> <span class='ocrx_word' id='word_1_562' title='bbox 1480 2723 1609 2752; x_wconf 89' lang='lat' dir='ltr'><strong>librorum</strong></span> <span class='ocrx_word' id='word_1_563' title='bbox 1631 2726 1690 2754; x_wconf 89' lang='lat' dir='ltr'><strong>Ori.</strong></span> 
     </span>
    </p>
   </div>
   <div class='ocr_carea' id='block_1_86' title="bbox 909 2759 1690 2797">
    <p class='ocr_par' dir='ltr' id='par_1_86' title="bbox 909 2759 1690 2797">
     <span class='ocr_line' id='line_1_86' title="bbox 909 2759 1690 2797; baseline 0 -9"><span class='ocrx_word' id='word_1_564' title='bbox 909 2763 984 2796; x_wconf 79' lang='lat' dir='ltr'><strong>genis</strong></span> <span class='ocrx_word' id='word_1_565' title='bbox 1004 2761 1130 2797; x_wconf 87' lang='lat' dir='ltr'><strong>postejus</strong></span> <span class='ocrx_word' id='word_1_566' title='bbox 1154 2759 1257 2788; x_wconf 89' lang='lat' dir='ltr'><strong>obitum</strong></span> <span class='ocrx_word' id='word_1_567' title='bbox 1281 2759 1314 2786; x_wconf 89' lang='lat' dir='ltr'><strong>ab</strong></span> <span class='ocrx_word' id='word_1_568' title='bbox 1344 2759 1477 2787; x_wconf 67' lang='lat' dir='ltr'><strong>lucrt&#39;ticis</strong></span> <span class='ocrx_word' id='word_1_569' title='bbox 1506 2759 1576 2786; x_wconf 83' lang='lat' dir='ltr'><strong>facta</strong></span> <span class='ocrx_word' id='word_1_570' title='bbox 1598 2762 1690 2789; x_wconf 84' lang='lat' dir='ltr'><strong>contu-</strong></span> 
     </span>
    </p>
   </div>
   <div class='ocr_carea' id='block_1_87' title="bbox 910 2802 989 2825">
    <p class='ocr_par' dir='ltr' id='par_1_87' title="bbox 910 2802 989 2825">
     <span class='ocr_line' id='line_1_87' title="bbox 910 2802 989 2825; baseline 0 -1"><span class='ocrx_word' id='word_1_571' title='bbox 910 2802 989 2825; x_wconf 83' lang='lat' dir='ltr'><strong>tatur.</strong></span> 
     </span>
    </p>
   </div>
  </div>
