1908 3071
251 122 320 151 t‘ls‘l

958 118 1072 148 EXCER
1077 118 1170 146 PTUM

1790 120 1846 148 1288

250 182 298 209 dit.
312 181 382 215 Quin
400 188 434 210 eo
452 180 561 208 nomine
580 181 612 208 de
636 181 808 216 φιλαρχαίοις
829 181 954 208 omnibus
968 189 1038 216 [πω-
1051 183 1074 212 Α
1088 180 1188 214 quique
1201 178 1269 206 adeo
1282 171 1397 213 genuina
1415 177 1473 212 ejus
1491 177 1594 213 scripta
1615 185 1630 205 a
1650 178 1746 212 spuriis
1764 181 1847 214 optime

250 228 322 255 clare
340 228 451 255 meritus
466 227 502 254 sit
514 227 556 254 vir
574 227 758 260 doctissimus.
775 235 855 255 nemo
866 228 916 255 nisi
930 228 1036 255 invidus

250 273 416 301 diliitebitur.
438 273 510 300 ldem
537 277 625 300 tamen
648 272 762 301 Huetius
780 274 922 308 proﬁtetur
940 273 1035 308 Orige-

251 319 321 345 ninn.
340 318 385 345 lib.
402 325 444 348 Ill,
463 325 522 352 cap.
538 317 563 349 1,
584 325 658 345 num.
676 318 703 350 5,
721 318 771 345 sibi
795 325 856 346 esse
879 318 1034 351 verisimile,

252 374 261 389 ι
273 364 409 399 Quotquot
425 363 508 391 libros
523 363 648 397 Origeuis
660 365 692 391 ad
708 371 756 391 nos
780 363 887 391 fortuna
903 365 1016 392 transmi
1027 379 1033 385 -

249 411 294 441 sit,
309 410 420 437 violatos
441 418 511 439 esse.
538 415 566 436 at
590 417 637 437 eos
653 411 834 446 potissimum,
861 411 907 446 qui
939 416 1036 446 praeter

250 457 414 483 notariorum
429 456 575 491 σφάλματα
597 462 625 484 et
655 457 842 486 hasreticorum
863 457 1036 485 adulteratio-

250 511 308 535 nes,
325 503 501 538 interpretum
517 503 599 530 etiam
614 503 838 531 hallucinationes
853 508 880 531 et
894 503 1034 537 perﬁdiam

249 554 400 578 senserunt.
417 559 426 576 ι
459 550 611 584 Excipere,
637 551 662 577 ni
689 550 779 582 fallor,
804 550 933 577 debuerat
953 551 1036 577 libros

248 601 342 622 contra
370 595 494 626 Celsum,-
513 596 612 630 quippe
639 603 708 631 quos
734 601 833 630 praeter
863 596 1034 623 librariorum

250 641 408 676 σφάλματα,
419 649 433 667 a
445 641 543 675 quibus
560 641 623 667 nulli
641 646 760 668 veterum
781 641 841 668 libri
857 649 967 676 prorsus
987 641 1036 668 im-

250 693 346 712 munes
360 690 434 717 sunt,
451 685 532 712 aliam
553 685 724 712 violationem
749 686 895 713 notabilem
920 686 1036 714 subiisse

250 738 340 762 nemo,
359 731 431 765 quod
447 731 541 762 sciam,
561 730 693 758 hactenus
708 732 861 765 suspicatus
877 732 969 759 fuerit.

284 775 354 810 §lll.
369 776 500 803 Ctetrrum
522 775 544 803 si
564 776 653 802 omnia
670 775 794 811 Origenis
815 777 925 812 scripta,
950 784 1036 812 eaque

249 829 316 856 pura
328 826 354 848 et
366 822 533 856 incorrupta,
561 821 641 849 hodie
662 826 820 853 exstarent;
846 822 918 849 haud
944 823 1033 849 omnia

249 872 338 894 tamen
353 874 423 894 verm
434 873 466 893 ac
479 868 601 901 genuitue
624 866 682 899 ejus
704 866 847 894 sententise
867 867 1035 894 declaranda:

248 912 349 947 pariter
363 912 536 940 inservirent.
552 912 808 940 SciliCetvariorum
824 913 942 940 auctoris
956 912 1037 939 πολυ-

247 957 354 993 γράφου
379 965 492 992 operum
518 958 625 985 diversa
652 958 722 985 l'oret
741 959 818 986 ratio.
831 958 888 994 (23)
901 958 967 986 Nam
985 959 1035 986 alia

248 1004 281 1030 ad
308 1003 409 1030 amicos
441 1008 547 1030 secreto
566 1003 686 1037 scripsit,
709 1011 768 1038 quae
790 1003 876 1031 lucem
901 1012 1035 1037 nunquam

249 1049 342 1076 visura
358 1049 498 1085 speravit;
515 1049 542 1076 in
563 1049 661 1083 quibus
683 1049 767 1076 libere
784 1056 816 1076 ac
836 1056 904 1084 pene
920 1050 1036 1084 sceptice

248 1094 387 1126 disseruit,
408 1102 440 1121 ac
458 1095 616 1129 plerumque
638 1102 690 1120 non
710 1099 764 1121 tam
785 1102 861 1122 suam
883 1100 985 1122 certam
1004 1102 1036 1122 ac

248 1141 385 1168 deﬁnitam
406 1142 588 1172 sententiam,
605 1147 685 1174 quam
703 1140 746 1168 vel
762 1140 875 1167 aliorum
889 1140 1036 1168 ratiocina-

250 1188 348 1220 tiones,
360 1188 403 1215 vel
425 1195 489 1215 suos
511 1188 643 1223 quosdam
665 1187 807 1222 scrupulos
821 1194 853 1214 ac
867 1187 1037 1215 dubitatiun-

247 1234 334 1266 culas,
348 1233 381 1260 ad
397 1233 540 1260 clariorem
553 1233 679 1261 veritatis
702 1233 923 1265 elucidationem.
939 1241 1037 1268 propo-

248 1279 312 1306 suit.
343 1278 401 1305 Alia
424 1278 482 1313 ipse
505 1279 531 1306 in
555 1279 690 1314 publicum
719 1279 828 1311 emisit,
860 1279 918 1306 sive
941 1285 1035 1306 contra

247 1324 380 1356 inﬁdeles,
392 1325 448 1352 sive
458 1324 587 1352 adversus
619 1325 769 1357 haereticos.
795 1332 843 1353 seu
868 1326 985 1361 denique
1003 1326 1036 1353 ad

247 1371 438 1397 instruendam
462 1370 566 1404 plebem
587 1371 788 1403 Christianam;
808 1372 833 1398 in
852 1371 950 1406 quibus
963 1391 971 1403 ,
995 1371 1037 1398 via

248 1415 311 1442 trita
326 1421 358 1442 ac
371 1419 428 1442 tuta
443 1414 582 1445 incedens.
602 1422 737 1450 receptam
753 1415 780 1442 in
800 1416 920 1443 Ecclesia
942 1416 1037 1443 catho-

247 1461 326 1488 licam
350 1460 498 1487 doctrinatn
510 1460 657 1487 studiosius
670 1460 790 1487 tradidit.
807 1461 906 1488 Deinde
914 1461 964 1488 alia
977 1468 1036 1496 pro-

247 1510 375 1540 peranter
389 1506 531 1537 dictitavit,
551 1506 602 1532 alia
618 1506 782 1540 dtligeutiori
804 1514 869 1533 cura
891 1506 1031 1534 elucubra-
1047 1526 1068 1554 ο

247 1550 296 1577 vit.
313 1549 434 1584 Denique
446 1550 498 1577 alia
516 1549 557 1586 (ut
570 1550 661 1578 lluetii
674 1550 764 1578 verbis
780 1552 851 1585 utar)
867 1559 951 1578 senex
963 1551 1034 1579 Ada-

248 1597 376 1629 mantius,
391 1597 499 1632 ingenio
513 1605 560 1632 per
574 1602 682 1625 aetatem
702 1597 787 1633 magis
803 1597 927 1630 subacto,
945 1597 1034 1625 elima-

247 1643 305 1676 vit;
319 1643 370 1670 alia
387 1643 516 1670 eli'erente
532 1651 592 1671 sese
607 1644 633 1672 in
651 1644 801 1679 iuventutis
822 1649 888 1672 aestu
911 1643 1035 1672 fecundi-

249 1693 304 1716 tate
320 1689 451 1724 profudit.
469 1689 506 1717 De
520 1690 619 1725 quibus
631 1690 762 1725 praeclare
773 1691 840 1718 dixit
855 1690 1035 1726 Hieronymus

247 1734 275 1762 in
283 1734 397 1769 Prologo
408 1735 442 1761 ad
459 1735 677 1763 Commentarios
688 1736 715 1763 in
731 1735 843 1769 Lucam,
856 1736 998 1771 Origenetn
1007 1737 1034 1763 in

246 1779 408 1815 quibusdam
421 1780 595 1808 Tractatibus
612 1790 622 1807 ‹
634 1781 712 1816 quasi
725 1789 835 1817 puerum
852 1782 913 1809 talis
928 1781 1033 1814 ludere;

247 1826 301 1852 alia
315 1833 375 1853 esse
389 1825 477 1853 virilia
503 1826 561 1860 ejus
585 1831 613 1854 et
640 1828 788 1854 senectutis
804 1828 885 1855 seria.
898 1837 908 1854 ι
937 1827 1034 1864 Negari

247 1875 337 1897 autem
366 1877 419 1897 non
448 1876 545 1904 potest,
577 1870 642 1905 quin
667 1870 794 1906 Origenis
818 1871 975 1906 sulfragium
998 1872 1032 1900 de

246 1915 380 1943 catholica
408 1916 532 1943 doctrina
559 1917 614 1951 peti
647 1917 745 1945 debeat
768 1925 801 1945 ex
835 1918 870 1945 iis
901 1918 1036 1953 prtccipue

247 1961 442 1995 scriptis,qu:e
460 1961 577 1996 publicis
598 1962 691 1990 usibus
711 1962 769 1997 ipse
794 1963 956 1997 destinavit;
976 1971 1035 1998 qua

247 2006 364 2041 cogitate
393 2012 421 2034 et
451 2012 554 2035 attente
591 2009 813 2043 exaravitzqute
841 2010 956 2044 denique
978 2010 1034 2044 jam

247 2060 340 2084 senex,
360 2058 388 2081 et
400 2053 479 2088 longo
504 2062 593 2081 rerutn
609 2062 659 2081 usu
683 2059 711 2082 et
732 2057 897 2090 experientia
924 2056 1036 2084 edoctus

247 2099 408 2133 composuit.
421 2099 579 2133 Huiusmodi
595 2105 668 2133 sunt,
680 2102 800 2128 omnium
811 2109 957 2135 consensu,
973 2102 1035 2130 libri

246 2149 310 2172 octo
328 2149 419 2171 contra
436 2144 541 2172 Celsum
561 2145 733 2180 Epicureum.
747 2146 852 2182 Quippe
867 2147 893 2174 in
906 2148 948 2175 his
962 2155 1037 2175 corn-

1087 230 1189 253 norunt
1199 225 1365 258 discernere,
1386 224 1450 252 mihi
1471 224 1686 259 suppeditarunt.
1716 224 1752 252 Ex
1767 226 1847 260 quibus

1085 272 1212 299 omnibus
1227 278 1306 305 spero
1321 270 1388 304 fore,
1404 275 1433 298 ut
1447 270 1531 298 lector
1541 269 1667 297 cordatus
1676 270 1747 297 clare
1758 272 1846 299 tandem

1087 318 1242 353 perspiciat.
1264 325 1345 351 quam
1369 317 1532 351 impotenter
1550 317 1581 354 [in
1606 316 1748 351 Origeuem
1766 318 1847 345 debac-

1086 365 1180 392 chatus
1194 365 1228 390 sit
1244 363 1380 394 Petavius,
1397 363 1460 390 dum
1476 363 1512 390 ita
1534 362 1567 390 de
1587 362 1664 389 Patre
1680 362 1737 396 (vel
1749 363 1847 392 inimicis

1083 409 1236 444 judicibus)
1252 409 1422 436 sanctissimo
1445 413 1526 442 atque
1547 407 1729 435 eruditissimo
1748 409 1848 438 scribere

1087 463 1137 482 non
1160 461 1202 482 est
1227 455 1352 482 veritus:
1373 462 1382 479 ε
1398 454 1434 480 De
1457 453 1582 489 Origene,
1597 463 1607 479 ι
1633 454 1720 490 inquit
1741 454 1848 482 Petavius

1088 500 1124 527 De
1135 499 1229 526 Trinit.
1246 500 1291 528 lib.
1310 507 1328 532 ι,
1346 507 1405 534 cap.
1430 499 1474 532 12,
1495 507 1570 526 num.
1591 499 1618 532 9,
1646 508 1655 525 ι
1671 504 1781 531 constat,
1799 508 1847 527 eum

1086 546 1120 574 de
1138 546 1206 573 Filio
1219 553 1251 573 ac
1268 546 1370 580 Spiritu
1395 550 1490 573 saneto
1514 546 1596 581 impie
1617 546 1780 581 absurdeque
1796 555 1846 574 sen-

1085 593 1163 620 sisse.
1175 602 1183 618 I
1201 593 1233 620 Et
1249 593 1328 626 paulo
1340 597 1400 627 post
1413 600 1485 619 utrm.
1500 593 1532 619 10
1548 601 1555 619 :
1577 601 1586 618 ι
1601 592 1730 627 Origenes
1747 596 1774 619 ut
1787 597 1849 620 azlate

1089 639 1182 666 Arium
1210 638 1369 669 antecessit,
1397 638 1437 665 sic
1464 638 1600 673 impietate
1624 646 1688 672 par;
1714 638 1766 665 imo
1789 638 1848 673 impii

1087 683 1222 718 dogmatis
1241 690 1334 710 auctor
1352 683 1388 710 illt
1406 683 1466 710 fuit.
1478 692 1487 709 ι
1506 683 1537 710 Et
1548 684 1647 717 passim
1663 683 1727 710 alibi
1739 683 1848 718 ejusmodi

1086 729 1207 756 convicia
1233 729 1260 755 in
1288 728 1432 763 Origenem
1447 728 1522 763 jacit.
1553 729 1680 756 Fortasse
1708 729 1848 756 existimavit

1085 775 1200 806 Jesuita,
1214 782 1244 802 se
1262 774 1390 809 religione
1402 782 1449 801 sua
1466 776 1498 801 ad
1515 775 1539 801 id
1551 775 1712 802 obstrictum
1727 774 1816 806 fuisse,
1827 779 1849 801 ut

1087 822 1123 848 ita
1135 821 1289 848 venerando
1304 820 1376 847 Patri
1394 820 1584 852 malediceret;
1600 821 1673 854 quod
1689 819 1787 847 scilicet
1801 819 1848 848 Ori-

1087 875 1167 903 genes
1182 872 1209 895 et
1223 866 1381 902 Origeuistm
1393 874 1454 894 cum
1468 866 1636 902 dogmatibus
1654 866 1712 893 suis
1720 866 1823 893 damnati
1829 871 1849 893 et

1087 913 1320 941 anathematismis
1330 913 1450 940 confossi
1477 912 1577 939 fuerint
1591 912 1648 947 (24)
1672 912 1699 939 in
1719 912 1805 947 quinta
1816 920 1850 948 sy-

1088 961 1168 987 nodo.
1185 958 1285 989 Yerum
1306 966 1360 986 non
1379 959 1488 986 deluere
1509 959 1560 985 viri
1583 959 1704 986 illustres
1721 966 1737 985 e
1751 958 1849 986 Romam

1088 1006 1206 1033 Ecclesia
1245 1004 1392 1040 (Joannem
1423 1004 1748 1031 PicumMiran-lulmtum
1788 1003 1844 1035 dico,

1086 1052 1216 1079 Jacobum
1256 1051 1398 1078 Merliuum
1433 1050 1646 1078 Victurniensem
1665 1070 1674 1083 ,
1708 1050 1849 1077 Desideriqu

1087 1097 1228 1124 Erasmum
1245 1096 1455 1124 Boterodamum
1466 1115 1474 1127 ,
1494 1096 1599 1123 Sixtum
1615 1095 1773 1128 Seneusem,
1787 1095 1850 1122 Clau-

1087 1144 1160 1170 dium
1173 1143 1360 1178 Espencaaum,
1378 1142 1529 1169 Gilbertum
1556 1141 1760 1169 Gencbrardum
1777 1146 1801 1169 et
1814 1141 1850 1168 Pe-

1089 1195 1158 1217 trum
1172 1189 1322 1216 llalloxium
1333 1188 1354 1224 ),
1371 1188 1414 1222 qui
1432 1188 1498 1214 nihil
1513 1188 1563 1215 sibi
1583 1192 1736 1214 metuentes
1753 1195 1767 1213 a
1781 1186 1850 1220 quinti

1088 1234 1195 1261 concilii
1211 1233 1456 1265 anatbetnatismis,
1485 1233 1629 1267 Origeuem
1650 1241 1704 1259 non
1720 1233 1792 1259 modo
1806 1232 1850 1259 sine

1089 1282 1187 1315 probro
1202 1281 1350 1311 nominare,
1367 1280 1414 1306 sed
1424 1285 1450 1306 et
1461 1279 1548 1313 palam
1564 1284 1713 1314 aperteque
1729 1278 1850 1306 defendere

1089 1327 1146 1354 ausi
1162 1331 1234 1353 sunt.
1254 1325 1386 1353 Nimirum
1411 1330 1483 1352 recte
1505 1324 1663 1359 iudicarunt
1682 1325 1747 1357 isti,
1768 1325 1798 1351 ab
1817 1324 1850 1351 illa

1088 1374 1190 1409 synodo
1217 1380 1270 1400 non
1286 1377 1339 1398 tam
1352 1372 1437 1406 ipsum
1455 1370 1608 1406 Origenem,
1623 1376 1671 1397 aut
1687 1370 1796 1405 genuina
1806 1369 1850 1398 Ori-

1087 1420 1165 1455 genis
1187 1419 1296 1454 placita,
1320 1425 1401 1452 qualn
1417 1417 1645 1452 perniciosissima
1670 1417 1717 1444 illa
1735 1417 1848 1451 dogmata.

1087 1465 1121 1492 de
1144 1465 1277 1492 Triuitate
1307 1463 1469 1499 ἑτερουσιῳ,
1497 1463 1530 1490 de
1555 1462 1727 1497 phantastica
1753 1461 1851 1496 corporis

1089 1512 1287 1539 resurrectione
1309 1518 1370 1546 quae
1386 1510 1412 1537 in
1428 1509 1588 1536 adulteratis
1610 1509 1739 1544 Origcnis
1763 1508 1850 1543 scriptis

1085 1558 1302 1588 continerentur,
1339 1562 1434 1590 quasve
1461 1553 1583 1581 nonnulli
1613 1553 1793 1588 Origeuistaa,
1815 1551 1850 1586 qui

1084 1608 1255 1634 vocarentur,
1276 1602 1363 1637 magni
1379 1601 1450 1628 illius
1471 1600 1588 1628 nominis
1609 1599 1759 1634 patrocinio
1777 1597 1850 1625 delen-

1085 1649 1198 1681 derent,
1223 1648 1396 1676 anathemate
1415 1646 1592 1674 condemnata
1612 1645 1707 1673 fuisse.
1733 1643 1850 1672 Damnavit

1085 1696 1193 1730 quidem
1208 1694 1327 1730 synodus
1343 1700 1395 1720 una
1410 1700 1471 1720 cum
1485 1692 1545 1720 istis
1568 1697 1595 1720 et
1615 1692 1750 1727 paradoxa
1771 1691 1808 1718 illa
1827 1691 1851 1717 de

1085 1740 1298 1776 prteexsistentia
1326 1739 1489 1771 animarum,
1516 1737 1551 1765 de
1575 1738 1660 1765 astris
1682 1743 1710 1764 et
1733 1736 1851 1764 elementis

1085 1787 1222 1817 animatis,
1239 1789 1307 1818 etc.,
1330 1792 1389 1820 qua:
1407 1791 1470 1812 vere
1488 1783 1612 1819 Origenis
1638 1784 1716 1811 fuere
1730 1791 1737 1809 :
1750 1782 1791 1810 sed
1810 1782 1849 1808 ista

1085 1832 1224 1860 damnavit
1238 1835 1343 1858 tantum
1356 1834 1386 1857 ut
1403 1830 1467 1857 falsa
1489 1835 1515 1857 et
1532 1830 1700 1864 perabsurda
1710 1849 1719 1862 ,
1742 1836 1789 1856 non
1802 1833 1848 1854 tan-

1085 1885 1166 1912 quam
1191 1876 1337 1909 hazretica;
1363 1875 1415 1903 nisi
1441 1875 1590 1903 accesserit
1617 1875 1759 1910 prmlracta
1782 1872 1847 1900 animi

1085 1923 1243 1955 obstinatio,
1259 1927 1286 1950 et
1297 1922 1438 1950 catholica:
1451 1922 1592 1949 sententiae
1613 1926 1780 1954 contemptus
1794 1929 1800 1946 :
1813 1918 1847 1953 qui

1086 1974 1115 1996 ut
1129 1968 1164 1996 ab
1177 1969 1234 2003 ipso
1250 1967 1367 2003 Origene
1380 1968 1472 2003 procul
1493 1967 1588 2000 abluit,
1608 1967 1645 1994 ita
1665 1968 1692 1994 in
1712 1964 1848 2002 Origenistit

1084 2014 1221 2050 plerisque
1233 2014 1345 2040 nimium
1360 2020 1389 2041 se
1402 2013 1529 2058 prodidit.
1548 2012 1600 2041 Sed
1624 2012 1733 2040 tandem
1757 2011 1787 2039 ad
1804 2017 1846 2038 retu

1086 2062 1170 2096 ipsam
1186 2060 1356 2088 accedamus.

1121 2105 1134 2142 ς
1153 2105 1196 2133 lV.
1211 2106 1238 2133 ln
1250 2105 1326 2132 libris
1346 2109 1437 2132 contra
1449 2103 1554 2132 Celsum
1570 2104 1651 2131 toties
1665 2103 1788 2138 Origenes
1798 2108 1846 2128 vere

1086 2151 1216 2184 divinam,
1240 2150 1291 2178 hoc
1303 2154 1356 2183 est,
1372 2150 1532 2181 iucreatatn,
1556 2149 1702 2180 inﬁnitam,
1720 2149 1845 2181 iucompre

247 2198 357 2219 munem
373 2190 591 2219 Christianorum
606 2192 770 2224 doctrinam,
791 2193 920 2221 adversus
936 2195 1035 2222 instru-
1049 2192 1073 2221 D
1087 2195 1257 2228 hensibilem,
1269 2195 1466 2223 immutabiletn
1477 2195 1557 2222 Verbi
1570 2200 1597 2222 et
1610 2194 1734 2224 Filii.Dei
1747 2199 1844 2220 naturam

247 2237 397 2264 ctissimum
413 2237 553 2272 religionis
573 2243 672 2265 nostra:
692 2239 795 2266 hostem
811 2245 959 2274 propugnat
976 2250 982 2267 :
1001 2241 1028 2267 hi

249 2290 356 2310 summo
375 2285 494 2311 auctoris
507 2285 607 2316 studio.
630 2285 747 2312 maxima
768 2286 931 2320 eruditione,
955 2287 1035 2321 idque

248 2329 283 2355 ab
296 2329 354 2362 ipso
370 2329 425 2364 jam
443 2331 621 2364 sexagenario
634 2331 730 2366 majori
747 2331 796 2367 (ut
806 2331 906 2360 diserte
921 2337 1035 2361 testatur

247 2374 380 2402 Eusebius
396 2376 466 2402 Hist.
486 2376 630 2404 ecrleriast.
655 2377 702 2404 lib.
723 2385 760 2410 vt,
781 2385 841 2413 cap.
859 2378 917 2413 36)
941 2379 1035 2406 elucu-

248 2420 319 2448 brati
335 2420 421 2449 luere.
434 2420 529 2456 Itaque
545 2430 577 2449 ex
593 2423 635 2449 his
643 2424 865 2458 praecipuelibris
877 2425 1032 2452 testimonia

249 2474 308 2495 mea
322 2468 468 2502 proferam.
493 2467 592 2502 quibus
617 2469 785 2497 Catholicum
819 2470 902 2498 fuisse
928 2471 954 2498 in
984 2471 1034 2499 hoc

248 2513 361 2541 articulo
373 2513 517 2549 Origenem
533 2515 674 2543 ostendam
690 2525 697 2542 :
712 2516 842 2550 subjectis
851 2521 955 2544 tantum
968 2517 1034 2545 locis

248 2560 418 2593 quibusdam,
442 2567 502 2595 quae
524 2567 557 2587 ex
574 2560 635 2587 aliis
656 2561 739 2595 ipsius
766 2561 877 2595 scriptis
905 2562 1032 2590 catholici

248 2605 383 2638 doctores,
393 2606 439 2641 qui
450 2606 575 2642 Origenis
583 2607 750 2642 temporibus
761 2608 939 2643 proximiores
949 2608 1034 2642 fuere,

284 2695 339 2733 (ἓξ)
356 2695 425 2722 Nam
441 2696 495 2723 alia
511 2697 546 2724 ad
559 2699 658 2725 amicos
669 2704 767 2726 secreto
785 2699 903 2733 scripsit,
926 2704 980 2726 etc.
998 2700 1036 2727 De

249 2728 293 2767 his
309 2728 489 2766 Hieronymus
508 2732 534 2758 iu
555 2733 667 2765 epistola
680 2733 725 2767 65,
740 2734 773 2760 ad
788 2728 991 2762 Pammachium
1009 2740 1037 2762 et

248 2764 545 2805 Oceantuu,_i_estatur,
574 2764 726 2805 Origenenr
753 2769 778 2795 itt
811 2770 924 2803 epistola
954 2777 1035 2804 quam

250 2800 402 2839 scripsitad
413 2800 574 2832 Fabianum,
586 2800 774 2839 paenitentiam
793 2800 892 2838 egisse,
911 2800 1037 2831 cur'talia

250 2837 398 2868 scripserit,
423 2839 450 2863 et
473 2837 775 2867 causamltetueritatis
808 2837 835 2866 in
862 2840 1037 2868 Ambrosium

1085 2243 1216 2274 declarat,
1231 2246 1271 2274 ut,
1287 2242 1312 2269 si
1327 2242 1417 2268 omnia
1433 2241 1485 2268 huc
1499 2241 1651 2276 spectantia
1668 2240 1760 2268 vellem
1779 2238 1845 2266 addu-

1084 2295 1158 2322 cere,
1173 2288 1232 2322 ejus
1251 2287 1436 2324 Syntagmatis
1456 2295 1519 2322 pars
1541 2295 1637 2322 magna
1656 2287 1721 2314 mihi
1739 2284 1844 2313 transcri-

1085 2335 1171 2362 benda
1189 2333 1267 2362 foret.
1284 2333 1376 2369 itaque
1394 2341 1427 2361 ex
1440 2341 1474 2360 eo
1490 2341 1573 2368 opere
1594 2333 1654 2361 loca
1677 2338 1774 2360 tantum
1790 2330 1844 2358 sele-

1084 2380 1171 2408 ctiora
1190 2380 1314 2415 quaedam
1342 2379 1522 2414 proferemus.
1553 2378 1580 2406 In
1606 2379 1676 2406 libro
1698 2387 1705 2405 ι
1729 2378 1759 2405 de
1780 2374 1844 2409 Magis

1084 2434 1116 2454 ex
1133 2426 1244 2453 Oriente
1265 2425 1292 2453 in
1314 2424 1434 2452 Iudaeam
1455 2424 1643 2456 venientibus,
1669 2423 1703 2452 ad
1727 2421 1842 2450 visendum

1084 2471 1197 2506 Regem,
1212 2478 1292 2506 quem
1310 2471 1388 2498 stella
1406 2470 1514 2497 insolita
1543 2470 1682 2502 indicavit,
1699 2475 1789 2504 agens,
1811 2466 1841 2492 sic

1084 2517 1202 2552 loquitur
1217 2524 1291 2543 num.
1310 2516 1354 2546 60.
1367 2524 1429 2551 pag.
1439 2516 1492 2542 375
1510 2524 1518 2543 :
1535 2516 1668 2551 Φέροντες
1683 2515 1731 2551 μὲν
1745 2513 1814 2549 δῶρα,
1827 2511 1840 2537 ἅ

1084 2562 1134 2597 (ἵν’
1167 2561 1253 2592 οὕτως
1281 2560 1422 2596 ὀνομάσω)
1453 2560 1572 2596 συνθέτῳ
1599 2560 1652 2586 τινὶ
1679 2561 1710 2586 ὲκ
1731 2557 1789 2585 Θεοῦ
1807 2555 1840 2582 καὶ

1082 2607 1228 2644 ἀνθρώπου
1255 2606 1352 2642 θνητοῦ
1375 2607 1575 2643 προσήνεγκαν,
1594 2606 1713 2641 σὺμὸολα
1734 2605 1786 2640 μὲν,
1813 2601 1840 2631 ὡς

1083 2698 1222 2730 rettulisse.
1237 2698 1308 2732 quod
1319 2703 1426 2726 secreto
1438 2698 1511 2725 edita
1524 2698 1550 2725 in
1569 2697 1703 2733 publicum
1711 2691 1836 2732 protuleril-

1083 2734 1219 2763 GEORCIUS
1235 2733 1350 2761 BULLos.

1120 2760 1176 2804 (24)
1191 2760 1224 2805 in
1234 2760 1449 2805 quintani/nodo.
1469 2767 1521 2805 seu
1535 2768 1624 2805 potius
1642 2768 1667 2795 in
1683 2767 1746 2805 alia_
1757 2760 1835 2805 syt‘tglilf

1084 2796 1318 2838 Coitstantitiopoli
1336 2796 1438 2836 habita,
1451 2796 1544 2837 quinta
1564 2804 1607 2830 illa
1625 2800 1757 2838 anteriori-
1769 2796 1775 2799 ⁷
1787 2796 1835 2823 me

1088 2839 1186 2867 Valesii
1215 2836 1297 2867 Notas
1326 2839 1359 2867 ad
1384 2836 1537 2875 Evagriutn.
1553 2846 1614 2874 pag.
1641 2838 1700 2865 111.
1733 2836 1767 2863 In.
