1908 3071
126 97 197 125 1289

621 98 668 121 ut
693 93 725 121 G.
745 93 845 121 BULLI
866 92 941 120 DEF.
962 91 1049 120 FIDE]
1070 90 1233 120 ΝΙΟΔΕΝΑΞ.

1661 92 1728 117 1290

120 154 227 190 βασιλεί
241 154 285 181 τὸν
297 153 405 190 χρυσδν,
420 153 458 186 ὡς
469 153 498 180 δὲ
509 152 694 189 τεθνηξομένῳ
706 153 755 188 τὴν
767 152 897 188 σμύρναν,

952 159 1021 183 rum,
1032 151 1110 179 dictis
1129 151 1276 186 Scriptura:
1296 151 1364 178 locis
1387 151 1571 184 abutendum;
1593 157 1729 185 quamque

121 201 161 232 ὡς
180 200 210 227 δὲ
229 199 288 235 Θεῷ
299 199 344 226 τὸν
355 199 510 226 λιϐανωτόν·
529 199 546 226 i.
561 205 588 227 e.
605 207 613 226 :
630 208 639 224 ι
654 198 781 226 Ferentes
792 200 860 225 dona
873 199 899 225 ci

121 245 168 279 qui
186 245 394 279 componebatur
409 243 455 279 (ut
465 244 504 271 sic
519 244 628 278 loquar)
641 251 674 271 ex
690 244 743 271 Deo
754 249 781 270 et
792 243 900 270 homine

122 290 243 322 mortali,
255 290 375 326 symbola
387 290 556 322 obtuieruut;
570 297 664 317 aurum
679 294 807 324 tanquam
833 289 899 323 regi,

118 341 152 363 ut
165 336 295 363 morituro
312 337 462 370 myrrham,
475 339 504 362 ut
515 335 569 362 Deo
582 335 653 362 titus.
672 343 683 360 ι
699 334 747 361 Ubi
761 334 787 361 in
800 334 899 361 Christi

118 388 236 416 persona
259 380 381 416 agnoscit
402 385 430 407 et
449 380 583 407 hominem
605 379 746 407 mortalem
765 383 793 406 et
818 379 900 406 Deum

119 426 323 459 immortalem,
348 426 391 454 cui
414 426 500 454 honos
529 426 635 453 divinus
658 425 747 452 thuris
766 425 901 452 oblatione

119 472 187 499 olim
200 472 322 499 exhiberi
349 471 455 503 solitus,
478 471 617 499 debeatur.
638 470 687 498 Cui
708 469 831 506 geminus
858 474 901 497 est

122 517 210 550 locus,
227 517 272 551 qui
289 516 315 543 in
330 516 424 544 eodem
446 516 528 548 libro,
539 515 659 550 pauculis
671 515 819 550 interiectis
830 515 901 550 pagi-

120 562 175 595 nis,
191 562 309 589 occurrit
326 571 332 588 :
349 561 393 588 ubi
408 560 487 588 Celso
500 560 608 588 ludeute
620 561 645 588 in
662 560 818 595 sanguinem
836 559 900 588 Iesu

119 607 263 644 profusum
282 607 310 634 iu
323 614 418 639 cruce,
437 613 469 633 ac
485 606 599 637 dicente,
630 615 639 632 ι
651 613 704 633 non
725 605 808 634 fuisse
827 606 900 633 illum

115 662 265 687 cruorem,
295 653 384 688 qualis
417 653 486 681 divis
519 653 586 681 solet
617 660 678 681 esse
707 653 835 684 beatis“
863 653 899 680 ita

116 699 402 735 respondetOrigcncs
420 707 492 726 num.
507 699 552 732 66,
566 706 626 734 pug.
643 699 706 732 580,
720 699 768 727 38!
785 699 900 735 εἮμεῖς

115 746 150 774 δὲ
168 747 242 782 αὐτῷ
260 746 430 777 πιστεύοντες
456 745 553 780 Ἰησοῦ,
568 745 631 781 περὶ
651 745 700 781 μὲν
713 745 763 780 τῆς
778 746 807 772 ὲν
826 745 900 780 αὺτῷ

117 793 258 828 Θειότητος
270 792 391 827 λέγοντι·
409 791 478 826 Ἐγώ
487 792 545 826 ειμι
555 792 574 826 ἡ
585 791 664 824 ὁδὸς,
679 791 728 818 καὶ
736 791 755 825 ἠ
764 790 898 825 ἀλήθεια,

950 196 1088 224 sententia:
1100 195 1312 227 Catholicorum.
1332 204 1365 224 ex
1386 203 1468 230 opere
1492 195 1636 223 creationis
1660 195 1729 222 divi-

950 242 1061 268 nitatem
1090 240 1151 268 Filii
1180 240 1378 272 asserentium.
1406 241 1440 268 ad
1468 241 1596 269 amussim
1630 249 1729 270 conve-

950 286 1016 316 niat,
1028 286 1125 313 oculati
1138 293 1231 313 omnes
1245 286 1347 314 vident.
1374 285 1476 314 Ibidem
1496 287 1574 314 docet
1597 286 1729 323 Origenes

952 331 998 359 Dei
1011 331 1090 359 Verbi
1108 332 1275 359 divinitatem
1285 340 1333 367 per
1343 333 1558 362 incarnationem
1571 334 1726 368 neutiquam

950 377 1034 405 fuisse
1058 377 1094 404 ita
1126 377 1368 411 circumscriptam,
1384 382 1414 405 ut
1435 385 1566 413 nusquam
1584 379 1627 406 illa
1657 384 1729 406 esset

950 427 1027 450 extra
1041 421 1104 450 Iesu
1124 429 1221 456 corpus
1245 427 1272 449 et
1289 423 1425 455 animam;
1440 425 1486 450 sed
1511 431 1572 451 esse
1593 423 1730 459 fuisseque

951 475 1057 502 semper
1076 467 1211 502 φθάνοντα
1238 468 1389 503 πανταχοῦ,
1407 469 1501 503 ubique
1526 475 1688 503 prazsentem.
1701 469 1730 497 id

950 521 1014 542 vero
1030 521 1064 541 ne
1078 516 1139 548 quis
1154 514 1180 541 in
1202 513 1386 542 Cerinthianae
1413 515 1524 543 haeresis
1551 516 1729 550 patrocinium

951 561 1081 593 traheret,
1096 567 1157 587 mox
1172 560 1320 595 subiungit,
1335 568 1397 595 pag.
1411 560 1480 588 394:
1495 561 1727 597 Ταῦταδέφαμεν,

948 605 980 632 οὐ
996 604 1155 641 χωρίζοντες
1168 605 1214 633 τόν
1227 605 1290 632 Υὶδν
1307 606 1353 633 τοῦ
1373 605 1440 633 Θεοῦ
1471 606 1526 633 ἀπὸ
1550 606 1597 633 τοῦ
1631 607 1727 643 Ἰησοῦ

948 651 978 678 ἓν
991 651 1044 686 γὰρ
1055 651 1170 686 μάλιστα
1185 651 1255 686 μετὰ
1268 651 1318 687 τὴν
1331 651 1644 688 οἰκονομίανγεγένηται
1662 653 1729 688 πρὸς

948 697 994 724 τὸν
1015 696 1099 731 Λόγον
1117 697 1162 723 τοῦ
1181 696 1248 724 Θεοῦ
1260 698 1277 733 ἡ
1288 696 1360 733 ψυχὴ
1372 697 1418 724 καὶ
1430 697 1460 724 τὸ
1474 697 1553 733 σῶμα
1564 698 1611 725 τοῦ
1632 699 1728 734 Ἰησοῦ,

949 742 1039 775 idest,
1056 751 1065 767 ι
1084 741 1147 769 Haec
1164 747 1253 770 autem
1276 750 1330 770 non
1359 750 1391 770 eo
1418 749 1432 769 a
1453 741 1531 771 nobis
1556 735 1627 770 dicta
1654 749 1728 776 sunt,

949 786 1019 822 quod
1035 794 1190 823 separemus
1206 794 1221 814 a
1240 787 1304 815 Iesu
1324 787 1422 816 Filium
1435 788 1501 821 Dei;
1524 796 1629 817 summe
1657 790 1728 817 enim

117 837 171 865 καὶ
188 826 285 872 ἡἺζωὴ,
305 826 352 864 οιαὶ
365 837 392 863 εἰ
407 846 433 863 τι
448 836 552 869 τούτοις
575 837 772 873 παραπλήσιον.
787 837 854 873 Περὶ
871 837 897 864 δὲ

951 832 1025 859 unita
1041 832 1116 861 fuere
1129 838 1190 868 post
1204 833 1432 868 dispensationem
1441 835 1530 862 anima
1542 834 1605 863 Jesu
1618 843 1730 871 corpus-

114 884 178 916 τοῦ,
192 885 233 911 ὅτι
249 885 278 910 ὲν
295 883 455 919 ἀνθρωπίνῳ
467 882 572 918 σώματι
594 880 628 918 ἦν
646 882 731 909 ταῦτα
753 882 897 917 φασκόντι·

120 930 189 957 Νῦν
197 929 232 956 δὲ
242 929 350 964 ζητεῖτέ
354 938 393 964 με
404 928 574 965 ἀποκζεῖνωι
581 929 744 962 ἄνθρωπον,
751 928 837 962 ὅστις
843 928 901 964 τὴν

115 976 266 1010 ἀλήθειαν
272 976 344 1011 ὑμῖν
355 975 521 1009 ,λελάληκαο
529 974 653 1002 σύνθετόν
667 983 693 1001 τι
704 974 798 1010 χρῆμά
811 984 900 1011 φαμεν

116 1024 202 1050 αὑτὸν
211 1023 360 1058 γεγονέναι·
373 1023 392 1049 i.
404 1030 441 1055 e.,
451 1031 461 1048 ι
473 1022 526 1049 Nos
538 1029 602 1049 vero
615 1022 664 1056 ipsi
676 1021 737 1049 Jesu
748 1022 898 1054 medentes,

120 1070 157 1097 de
172 1070 310 1097 divinitate
329 1069 436 1104 quidem
453 1075 512 1102 quae
532 1068 557 1095 in
577 1075 611 1095 eo
633 1073 691 1095 erat
704 1068 804 1095 dicenti
820 1077 826 1094 :
843 1067 898 1103 Ego

112 1123 177 1142 eum
192 1116 243 1147 via,
254 1115 349 1142 ueritus
359 1121 384 1141 et
397 1115 449 1141 vita
459 1115 492 1146 “,
515 1117 542 1140 et
561 1113 583 1141 si
599 1113 662 1148 quid
673 1118 716 1141 est
731 1113 772 1140 his
791 1114 897 1141 simile:

115 1160 153 1187 de
167 1167 281 1194 corpore
296 1167 360 1187 vero
377 1161 402 1186 in
424 1167 478 1195 quo
492 1165 551 1187 erat
566 1159 684 1186 humano
699 1159 739 1186 sic
756 1159 876 1193 loquenti
890 1168 898 1187 :

117 1204 199 1232 Nunc
214 1213 255 1232 nte
264 1205 382 1239 quwritia
400 1204 544 1239 interﬁcere
555 1203 695 1236 hominem,
707 1205 752 1239 qui
765 1205 899 1232 veritatem

115 1252 189 1279 nobis
217 1251 318 1278 locutus
341 1259 398 1278 sum
412 1251 456 1277 δτι
473 1250 560 1278 aitnus
580 1258 640 1277 cum
667 1250 751 1278 fuisse
771 1251 897 1286 quiddam

115 1298 328 1332 composituth
347 1297 408 1324 Mox
432 1297 531 1330 dicitp.
549 1297 596 1323 58]
613 1296 751 1324 Christum
768 1297 895 1324 habuisse

114 1342 253 1378 θειότερόν
266 1351 291 1369 τι
309 1344 338 1370 ὲν
356 1342 394 1378 τῷ
413 1341 568 1378 βλεπομένῳ
584 1341 728 1377 ἀνθρώπῳ,
749 1341 817 1378 ὅπερ
836 1340 870 1377 ἦν
884 1343 899 1368 ὁ

119 1388 230 1422 κυρίως
246 1387 310 1419 Υἱὸς
331 1387 411 1419 Θεοῦ,
428 1387 494 1419 Θεὸς
511 1386 606 1421 Λόγος,
625 1385 694 1413 Θεοῦ
707 1386 829 1422 δύναμις,
852 1388 899 1414 καὶ

107 1431 188 1459 ’Θεοῦ
197 1432 285 1466 σοφία·
297 1433 314 1458 i.
323 1439 360 1463 e.,
373 1431 518 1464 «Quiddatu
530 1431 645 1458 divinius
653 1431 702 1458 sub
716 1432 831 1458 hutuana
842 1439 898 1465 spe-

117 1478 182 1510 cie,
205 1477 274 1511 quod
295 1482 353 1503 erat
370 1476 473 1511 proprie
502 1475 548 1502 Dei
569 1475 668 1506 Filius,
685 1476 754 1503 Deus
770 1476 895 1508 Verbum,

117 1524 207 1551 virtus
227 1523 409 1558 sapientiaque
430 1522 487 1551 Dei.
507 1531 517 1546 ι
543 1521 575 1548 Et
598 1527 657 1556 post
683 1521 895 1556 aliquatnmulta,

116 1569 254 1596 Christutn
267 1568 384 1603 appellat
399 1576 472 1594 num.
483 1568 527 1600 68,
545 1576 573 1602 p.
588 1567 649 1599 585,
663 1568 727 1594 Θεὸν
746 1569 774 1593 ὲν
790 1567 896 1604 ἀνθρω-

116 1614 189 1649 πίνῳ
215 1613 331 1648 φανέντα
360 1613 465 1649 σώματι
495 1613 538 1639 ἐπ’
559 1613 702 1649 εὐεργεσίᾳ
734 1613 780 1639 τοῦ
804 1613 896 1647 γένους

116 1659 207 1695 ἡμῶν,
220 1669 229 1686 ι
241 1660 323 1686 Deutu
340 1663 511 1694 apparentem
526 1659 552 1686 in
564 1659 681 1686 humano
690 1666 811 1694 corpore,
827 1664 855 1686 ut
869 1660 896 1686 in

117 1709 241 1733 nostrum
252 1712 336 1741 genus
353 1710 494 1733 exerceret
506 1705 722 1733 beneﬁcentiam.
741 1714 751 1731 ι

138 1750 168 1786 '§
182 1750 214 1778 V.
226 1750 254 1777 in
268 1751 337 1778 libro
348 1751 465 1778 secundo
480 1751 567 1778 citans
581 1750 678 1778 Cenes.
689 1758 707 1782 ι,
723 1750 757 1778 26
775 1759 782 1777 :
798 1749 895 1778 Farin-

116 1804 177 1823 mm
202 1795 330 1823 hominem
358 1796 393 1822 ad
417 1796 557 1830 imaginem
580 1803 603 1823 et
630 1796 825 1823 similitudinem
848 1805 895 1823 na-

114 1846 220 1873 atram;
244 1845 270 1868 ct
293 1841 378 1868 locum
406 1840 511 1868 Davidis
532 1841 627 1875 psahn.
647 1849 759 1872 curm,
787 1841 823 1869 5:
838 1841 897 1876 Ιμκ

112 1887 197 1920 dixit,
218 1892 242 1914 et
264 1886 335 1922 facta
355 1892 425 1919 sum,
443 1888 498 1922 ipse
518 1887 647 1914 mandavit
670 1893 692 1914 et
710 1893 798 1914 creata
816 1895 896 1920 sunt;

113 1933 164 1961 Dei
179 1934 261 1961 fuisse
274 1933 369 1960 Filium
382 1941 413 1960 ac
428 1933 602 1966 Sermonem,
621 1934 662 1961 cui
680 1935 714 1961 ita
734 1935 837 1962 locutus
857 1941 898 1962 est

113 1987 149 2006 ac
162 1980 289 2014 praecepit
300 1979 369 2006 Deus
382 1978 473 2011 Pater,
488 1980 537 2006 hac
548 1981 651 2007 ratione
665 1980 768 2015 colligit
782 1988 855 2007 nunt.
869 1982 895 2011 9.

114 2032 178 2060 pag.
201 2025 253 2052 595
265 2034 271 2051 :
285 2025 316 2051 Et
331 2025 384 2060 γὰρ
397 2024 546 2051 ἐνετείλατο
556 2026 570 2051 ὀ
581 2025 655 2058 Θεὸς,
675 2027 720 2052 καὶ
738 2025 848 2061 ἐκτίσθη
864 2026 897 2052 τὰ

113 2071 357 2109 δημαουργήμὶιιτα⁵
371 2073 413 2104 τὶς
425 2072 467 2104 ἂν,
482 2073 550 2099 κατὰ
565 2073 595 2099 τὸ
606 2073 722 2108 ἀρέσκον
737 2073 775 2107 τῷ
790 2081 896 2109 προφη-

114 2119 185 2154 τικῷ
195 2119 341 2154 Πνεύματι,
355 2118 396 2153 εἴη
406 2119 420 2144 ὀ
427 2118 474 2154 τὴν
482 2118 645 2153 τηλικαύτην
656 2118 701 2144 τοῦ
713 2118 816 2160 Harp};
824 2120 898 2146 ἐντο-

951 885 1003 914 que
1010 885 1070 906 cum
1081 878 1170 907 Verbo
1180 879 1238 907 Dei.
1255 890 1265 906 ι
1277 879 1376 915 Ecquis
1391 888 1457 909 vero
1469 887 1613 917 utramque
1627 882 1729 910 Christi

949 927 1084 956 naturam,
1098 928 1127 952 et
1151 924 1294 959 utriusque
1309 930 1412 953 natura:
1429 926 1555 954 unionem
1578 927 1728 962 hypostati-

949 976 1008 999 cam
1031 969 1119 1004 magis
1142 969 1281 998 Catholice
1302 970 1438 1005 explicare
1460 972 1562 1006 potuit,
1591 980 1670 1007 quam
1695 974 1728 1002 ab

949 1013 1067 1050 Origene
1091 1015 1164 1043 hisce
1178 1016 1204 1042 in
1218 1015 1285 1043 locis
1296 1016 1396 1044 factum
1406 1017 1468 1044 est?
1480 1016 1541 1044 Mox
1553 1018 1651 1045 ihidem
1667 1026 1729 1046 cor-

948 1066 998 1094 pus
1014 1058 1115 1086 Christi
1138 1059 1203 1087 dicit
1227 1067 1301 1087 num.
1319 1060 1364 1093 10,
1391 1060 1437 1088 τὸν
1451 1061 1558 1097 ἀληθῶς
1584 1062 1646 1089 ναὸν
1661 1063 1727 1092 Θεοῦ

947 1104 994 1132 τοῦ
1017 1104 1115 1139 Λόγου,
1130 1104 1177 1132 καὶ
1199 1105 1248 1142 τῆς
1272 1106 1378 1140 σοφίας,
1394 1107 1442 1134 καὶ
1468 1108 1516 1143 τῆς
1542 1108 1686 1144 ἀληθείας,
1701 1110 1728 1137 id

948 1153 1008 1182 est,
1038 1159 1048 1176 ι
1068 1149 1168 1177 Verum
1183 1151 1311 1185 templum
1327 1152 1374 1179 Dei
1391 1152 1481 1186 Verbi,
1498 1154 1621 1183 veritatis
1639 1160 1668 1183 et
1684 1147 1727 1183 sa-

948 1195 1072 1229 pientize;
1097 1205 1107 1221 ι
1125 1196 1196 1231 quod
1208 1195 1305 1229 Judaei,
1326 1196 1460 1232 lapideum
1470 1199 1517 1227 Dei
1530 1201 1656 1236 templum
1667 1202 1727 1236 plus

947 1241 1015 1269 satis
1028 1247 1197 1275 venerantes,
1216 1248 1447 1279 contempserunt.

984 1286 999 1323 5
1016 1287 1059 1316 Vl.
1072 1287 1100 1315 In
1115 1288 1184 1316 libro
1197 1291 1277 1317 tertio
1293 1291 1431 1326 objicienti
1455 1292 1616 1323 Christianis
1637 1295 1727 1330 Celso,

947 1341 1023 1361 num.
1038 1334 1084 1367 4i,
1096 1342 1122 1369 p.
1146 1335 1209 1368 475,
1225 1336 1289 1370 474,
1306 1346 1316 1363 ι
1341 1339 1412 1373 quod
1430 1338 1522 1367 Jesum
1539 1342 1646 1369 mortali
1665 1349 1726 1369 cor-

947 1386 1012 1414 pore
1030 1384 1198 1409 constantem
1212 1383 1324 1410 credant
1336 1391 1397 1412 esse
1422 1385 1517 1419 Deum,
1530 1387 1610 1422 idque
1622 1389 1664 1423 pie
1676 1389 1726 1416 sibi

949 1424 1092 1452 videantur
1107 1425 1213 1460 facere;
1233 1436 1242 1453 ι
1259 1427 1295 1455 ita
1308 1430 1452 1463 respondet
1464 1430 1594 1466 Origenes
1612 1442 1620 1460 :
1634 1434 1727 1461 Ἴστω-

949 1478 997 1496 σαν
1021 1471 1046 1497 oi
1068 1471 1260 1505 ἐγκαλοῦντες,
1281 1473 1322 1499 ὅτι
1341 1473 1370 1501 ὃν
1390 1474 1440 1509 μὲν
1459 1476 1603 1511 νομίζομεν
1618 1478 1664 1504 καὶ
1680 1486 1726 1504 πε-

948 1515 1082 1550 πείσμεθα
1092 1517 1210 1552 ἀρχῆθεν
1223 1515 1291 1544 εἶναι
1309 1518 1375 1545 Θεὸν
1392 1521 1438 1546 καὶ
1453 1520 1515 1548 Υῑὸν
1528 1522 1606 1554 Θεοῦ,
1623 1520 1698 1555 οὗτος
1712 1523 1726 1550 6

945 1561 1089 1597 αὺτολόγος
1103 1563 1160 1589 ἐστὶ
1179 1564 1254 1599 καὶὴ
1274 1564 1420 1599 αὺτοσοφια
1439 1566 1485 1592 καὶ
1506 1567 1523 1602 ή
1537 1567 1726 1604 αὑτοαλήθεια·

944 1608 976 1634 τὺ
992 1608 1021 1635 δὲ
1033 1608 1128 1644 Θνητδν
1145 1609 1226 1635 αὐτοῦ
1251 1609 1339 1645 σῶμα,
1361 1611 1408 1636 καὶ
1432 1610 1481 1646 τὴν
1506 1612 1678 1649 ἀνθρωπίνην
1698 1615 1726 1642 ὲν

946 1654 1019 1690 αὐτῷ
1043 1654 1141 1690 ψυχὴν,
1171 1656 1203 1690 τῇ
1220 1655 1287 1691 πρὸς
1315 1656 1415 1683 ἐκεῖνον
1442 1658 1472 1683 οὺ
1498 1658 1578 1693 μόνον
1603 1660 1726 1696 κοινωνίᾳ

945 1701 1013 1728 ἀλλὰ
1029 1701 1076 1731 καὶ
1090 1701 1183 1728 ὲνώσει
1198 1702 1245 1728 καὶ
1267 1701 1423 1737 ἀνακράσει,
1450 1703 1483 1730 τὰ
1508 1704 1727 1741 μέγιστά-φαμεν

946 1748 1165 1784 προσειληφέναι,
1180 1749 1284 1783 καὶτῆς
1300 1748 1404 1775 ἐκείνου
1417 1749 1553 1785 θειότητος
1567 1759 1726 1786 κεκοινωνησ

946 1795 1013 1822 κότα
1032 1795 1072 1827 εἰς
1093 1794 1158 1821 Θεὸν
1186 1794 1411 1830 μεταϐεϐηκέναι,
1424 1796 1448 1822 id
1461 1800 1512 1829 est,
1534 1805 1544 1823 ί
1563 1796 1657 1825 Sciant
1682 1799 1725 1825 isti

947 1841 1133 1868 criminatores
1153 1840 1223 1868 hunc
1245 1840 1335 1868 Jesum
1350 1861 1358 1874 ,
1380 1849 1458 1875 quem
1482 1841 1516 1869 ab
1538 1842 1614 1870 initio
1642 1844 1725 1871 Deum

947 1885 1047 1921 Deique
1060 1886 1156 1913 Filium
1170 1894 1230 1914 esse
1254 1886 1404 1919 credimus,
1420 1887 1506 1921 ipsum
1521 1894 1581 1915 esse
1595 1888 1724 1921 Verbum,

947 1934 1031 1967 ipsam
1047 1934 1198 1965 veritatem,
1216 1933 1300 1967 ipsam
1315 1932 1495 1967 sapientiam:
1511 1938 1635 1961 caeterum
1654 1943 1725 1962 mor-

947 1979 1000 2006 tale
1018 1979 1076 2013 ejus
1090 1987 1189 2014 corpus
1209 1984 1237 2006 et
1255 1979 1400 2006 humanam
1423 1979 1449 2005 in
1466 1986 1500 2007 eo
1519 1979 1636 2007 animam
1653 1979 1726 2008 illius

948 2025 1028 2053 Verbi
1044 2033 1096 2053 non
1115 2025 1200 2053 solum
1214 2025 1468 2057 communicatione,
1488 2025 1535 2052 sed
1551 2025 1631 2052 etiam
1647 2026 1725 2053 unio-

947 2079 982 2100 ne
998 2077 1025 2099 et
1040 2072 1222 2107 permistione,
1239 2071 1357 2099 maxima
1370 2079 1484 2106 quaeque
1499 2071 1613 2099 dicimus
1645 2078 1725 2099 accc-

946 2117 1028 2152 pisse,
1041 2122 1068 2145 et
1083 2117 1248 2145 divinitatem
1268 2117 1353 2152 ipsius
1368 2117 1569 2152 participanda,
1594 2117 1620 2144 in
1640 2116 1723 2145 Deum

113 2165 165 2200 λὴν
175 2164 350 2200 ἐκπληρῶσαι
363 2164 496 2199 δυνηθεὶς,
514 2164 531 2199 ἢ
555 2164 569 2189 ὁ
589 2163 632 2198 (ἵν’
648 2163 733 2195 οὕτως
752 2163 894 2200 ὁνομάσῳ)

948 2163 1073 2191 evasisse.
1086 2173 1095 2189 ι
1125 2161 1206 2198 Cujus
1234 2163 1416 2197 responsionis
1435 2163 1468 2197 (si
1488 2162 1553 2197 quid
1568 2162 1656 2197 video)
1680 2162 1725 2190 hic

115 2210 237 2246 ἔμψυχος
261 2209 338 2243 λόγος
361 2209 408 2235 καὶ
428 2208 540 2243 ἀλήθεια
549 2209 699 2244 τυγχάνων,
718 2209 745 2236 id
767 2214 818 2241 est,
834 2218 844 2235 (
864 2209 893 2237 Si

114 2256 189 2284 enim
216 2255 352 2283 mandavit
369 2254 454 2285 Deus,
477 2259 505 2282 et
525 2255 640 2282 conditae
659 2259 721 2282 sunt
744 2259 893 2287 creaturae;

115 2301 178 2337 quis
188 2301 263 2336 juxta
273 2300 434 2328 sententiam
443 2301 589 2334 prophetici
604 2300 720 2335 Spiritus
730 2305 822 2335 posset
836 2308 896 2328 esse

117 2347 184 2374 tanti
206 2347 310 2381 paterni
335 2346 453 2374 mandati
471 2351 624 2378 exsecutor,
643 2354 722 2380 quam
749 2346 803 2379 ille,
817 2347 895 2374 utsic

116 2392 221 2427 loquar,
235 2392 368 2419 aniutatus
377 2391 436 2426 ejus
447 2398 537 2418 sermo
552 2396 580 2418 et
593 2391 712 2419 veritas?
729 2401 738 2418 ι
756 2391 857 2424 Quibus
868 2392 894 2419 in

117 2438 209 2466 verbis
227 2437 322 2465 Filium
336 2437 383 2465 Dei
396 2445 411 2464 a
431 2436 510 2464 rebus
527 2437 625 2464 creatis
641 2437 765 2465 omnibus
783 2437 898 2472 apertis-

116 2484 185 2512 sime
198 2483 353 2518 distinguit;
368 2482 432 2518 quin
450 2487 478 2510 et
486 2482 558 2510 clare
569 2482 648 2509 docet
658 2489 725 2517 opus
733 2482 878 2510 creationis
887 2503 894 2515 ,

97 2525 154 2558 'tlli
177 2530 221 2558 Dei
243 2529 311 2558 Filio
329 2537 344 2556 a
364 2529 445 2556 Patre
473 2537 522 2557 suo
549 2529 737 2556 demandatum
751 2548 758 2560 ,
792 2532 894 2556 tantunt

117 2577 223 2609 luisse",
253 2582 344 2612 utpote
374 2576 472 2604 divin:
500 2574 702 2610 omnipotentiae
735 2574 893 2609 proprium,

117 2629 147 2652 ut
176 2623 268 2659 perﬁci
303 2622 456 2657 neutiquam
483 2622 601 2657 potuerit
627 2621 678 2648 nisi
704 2621 738 2648 ab
767 2627 816 2651 eo,
848 2620 894 2654 qui

115 2671 151 2698 sit
165 2671 222 2704 ipse
242 2669 290 2696 Dei
310 2668 398 2695 Patris
421 2675 508 2696 sermo
532 2676 564 2696 ac
586 2668 696 2695 veritas.
724 2667 788 2701 Quae
812 2667 895 2694 ratio-

116 2716 218 2743 cinatio
244 2722 323 2749 quam
346 2713 439 2749 procul
459 2715 538 2741 distet
563 2722 577 2740 a
600 2719 689 2741 mente
713 2712 895 2741 Arium-auita-

151 2804 262 2831 “Joiu.
280 2810 335 2834 xw,
347 2802 373 2830 6.
411 2801 522 2828 "'Joau.
536 2809 596 2834 vui,
611 2802 655 2829 40.

293 2850 427 2879 ΡΑτιιοι.
449 2850 506 2880 Gn.
532 2849 628 2879 XVII.

947 2217 1044 2238 sensus
1065 2209 1223 2237 manifestus
1240 2214 1282 2237 est
1305 2216 1312 2235 :
1336 2209 1376 2236 An
1392 2208 1459 2236 illud
1472 2215 1522 2235 vos
1536 2206 1690 2239 conturbat,
1708 2216 1725 2235 o

948 2256 1110 2291 philosophi,
1126 2256 1196 2291 quod
1228 2263 1276 2283 nos
1302 2254 1445 2282 Christiani
1471 2253 1605 2281 Christum
1627 2252 1724 2280 Serva-

949 2306 1034 2329 torem
1050 2308 1181 2335 nostrum,
1196 2301 1303 2329 mortali
1315 2308 1428 2335 corpore
1444 2304 1625 2332 constantem,
1640 2299 1724 2326 Deum

949 2347 1081 2374 dicimus?
1105 2348 1176 2379 lino,
1202 2347 1344 2382 ringamini
1364 2347 1437 2379 licet,
1462 2346 1536 2374 illum
1563 2345 1644 2373 Deum
1664 2352 1725 2372 esse

949 2391 1112 2420 aﬂirtuamus
1142 2393 1328 2426 ipsissimum;
1352 2399 1446 2428 nempe
1473 2392 1558 2427 ipsam
1581 2391 1723 2422 rationem,

945 2437 1030 2472 ipsam
1047 2440 1200 2471 veritatem,
1217 2439 1302 2473 ipsam
1317 2439 1476 2474 sapientiam
1489 2447 1495 2464 :
1507 2438 1571 2472 quin
1582 2441 1610 2464 et
1624 2436 1650 2463 in
1666 2441 1724 2462 tau-

947 2488 1001 2510 tum
1017 2483 1112 2516 Deum,
1129 2489 1159 2511 ut
1171 2492 1225 2513 non
1238 2493 1382 2513 vereamur
1393 2485 1494 2516 dicere,
1508 2483 1566 2519 ejus
1580 2482 1661 2509 etiam
1677 2481 1725 2508 hu-

945 2535 1052 2555 manam
1071 2534 1205 2561 naturam,
1222 2537 1271 2564 per
1295 2531 1422 2558 unionem
1452 2537 1513 2558 cum
1533 2528 1634 2560 divina,
1657 2535 1724 2562 quo-

945 2573 1088 2601 dammodo
1105 2573 1255 2601 rleiiicatam
1271 2583 1342 2604 esse.
1365 2576 1487 2603 Notanda
1500 2575 1543 2604 hic
1562 2579 1603 2602 est
1624 2573 1724 2600 locutio

944 2620 1054 2648 omnino
1083 2619 1238 2652 Platonica,
1269 2621 1421 2655 αὺτολόγος,
1447 2619 1632 2656 αὐτοαλήθεια.
1658 2618 1724 2645 Nam

945 2666 1021 2694 Plato
1030 2665 1195 2700 αὐτοαγαθόν
1211 2665 1288 2699 dixit,
1300 2667 1372 2700 quod
1385 2673 1425 2694 est
1440 2674 1504 2694 vere
1519 2674 1551 2694 ac
1564 2674 1611 2701 per
1634 2673 1662 2693 se
1677 2665 1724 2691 bo.

946 2720 1009 2740 num
1021 2721 1029 2742 ι
1045 2712 1108 2740 illud
1123 2711 1261 2746 epitheton
1273 2711 1422 2739 attribuens
1433 2713 1482 2740 soli
1495 2719 1560 2741 vero
1574 2719 1606 2740 ac
1620 2716 1724 2739 summo

1509 2846 1544 2876 Ιιι
