1908 3071
219 107 282 137 1291

920 105 1130 135 EXCERPTUM

1761 105 1821 131 ἥξιὲ

218 170 283 201 Iteo,
306 175 321 195 a
349 175 403 203 quo
418 168 463 196 ille
479 167 524 195 τὸν
537 168 623 202 Λόγον
641 167 747 202 longius
763 166 899 202 sperabat.
923 166 1002 200 Atqui

1055 164 1152 200 κούρου
1169 163 1223 190 θεοὶ
1233 184 1241 196 ,
1254 161 1373 189 σύνθετοι
1388 161 1418 195 ἐξ
1427 161 1535 197 ἀτόμων
1545 161 1731 196 τυγχάνοντες,
1744 163 1786 189 καὶ
1796 163 1823 190 τὺ

216 214 358 248 Origenes,
374 219 501 248 tanquam
516 221 549 240 ex
567 213 721 240 Christiana
753 211 917 239 Platonicam
941 211 1002 245 phi-

219 259 373 294 losophiam
395 260 544 294 corrigens,
559 259 641 286 etiam
658 258 704 284 τὸν
718 258 804 292 Λόγον
824 258 881 284 sive
903 256 1002 284 Filium

218 305 264 331 Dei
278 304 451 338 αὺτοσοφίαν,
467 304 672 340 αὑτοαλήθειαν,
687 311 719 331 ac
742 303 854 339 proinde
867 303 1001 335 αὐτοαγα-

218 351 334 385 Qévjure
351 351 447 378 merito
460 350 511 378 dici
526 357 603 384 posse
619 350 785 384 pronuntiat.
800 348 932 375 Caeterum
948 354 1002 374 non

219 402 272 429 est,
287 397 361 432 quod
374 396 474 423 fratres
491 396 575 423 nostri
587 395 746 425 Lutherani,
759 394 804 429 qui
822 393 913 420 nescio
922 399 1002 427 quam

218 443 344 470 humana:
356 442 383 469 in
399 441 510 469 Christo
529 446 633 469 natura!
649 440 828 476 ubiquitatem
844 439 1002 473 defendunt,

219 496 253 515 ex
267 488 308 515 his
319 487 443 522 Origenis
457 486 547 515 verbis
563 487 709 521 quidquam
731 493 819 513 causa
840 493 896 513 suae
923 492 1002 513 acce-

219 533 283 561 dere
296 533 472 560 arbitrentur.
485 533 554 560 Nam
566 533 593 560 in
609 532 680 563 loco,
708 539 789 566 quem
810 538 844 559 ex
867 531 936 559 libro
958 538 1002 558 se-

218 579 309 606 cundo
327 579 405 606 modo
419 577 590 612 adduximus,
602 582 696 612 aperte
716 577 795 604 docet
815 576 946 612 Origenes
957 576 1003 603 τὸν

218 624 297 659 λόγον
319 624 356 651 ita
381 631 442 651 cum
460 624 580 651 humana
596 623 699 651 Christi
710 628 808 651 natura
827 623 1003 658 eonjunctum

219 677 290 703 esse,
307 675 336 698 ut
350 670 431 698 etiam
444 676 521 697 extra
539 669 602 697 Jesu
616 670 734 697 animam
755 676 906 704 corpusque
932 669 1004 697 exsi-

217 721 291 750 stat;
307 724 339 743 ac
349 715 380 742 τό
395 716 489 750 ubique
498 723 553 743 esse
570 716 597 743 in
609 715 693 744 solam
707 715 876 743 divinitatem
895 722 1004 751 compe-

220 768 289 790 tere.
302 761 372 795 Quin
400 765 427 789 et
448 762 474 789 in
489 761 541 789 hoc
559 761 618 796 ipso
640 761 700 789 loco
723 769 784 789 mox
796 765 856 796 post
869 761 951 789 verba
965 761 1004 789 al-

219 809 285 841 lata,
298 808 368 843 quod
383 807 416 834 de
435 806 610 841 permistione
632 806 757 834 humanae
778 807 805 833 iu
829 806 938 834 Christo
955 813 1003 834 na-

1052 211 1114 236 ὅσον
1131 209 1177 235 ἐπὶ
1190 210 1223 243 τῇ
1239 207 1366 234 συστάσει
1383 206 1520 239 ἀναλυτοὶ,
1534 205 1765 242 πραγματεύονται
1781 208 1822 240 τὰς

1052 255 1230 290 φθοροποιοὺς
1255 254 1371 289 ἀτόμους
1382 253 1565 280 ἀποσείεσθαι.
1584 252 1664 279 Ἀλλά
1684 253 1730 279 καὶ
1750 254 1763 280 ὁ
1777 254 1823 281 τῶν

1052 300 1172 327 Στοῐκῶν
1181 300 1257 332 Θεὸς,
1269 299 1316 327 ἆτε
1334 299 1414 334 σῶμα
1423 300 1574 334 τυγχάνων,
1594 299 1638 324 ὁτὲ
1663 299 1711 334 μὲν
1733 299 1822 334 ἡγεμο-

1052 345 1126 372 νικὸν
1139 345 1195 380 ἔχει
1214 344 1264 380 τὴν
1284 345 1348 380 ὅλην
1365 345 1470 378 οὐσίαν,
1482 345 1544 371 ὅταν
1565 345 1583 380 ή
1612 344 1764 380 ἐκπύρωσις

1051 391 1097 418 ὁτὲ
1112 392 1158 418 ἐπὶ
1170 391 1269 427 μέρους
1282 391 1386 426 γίνεται
1407 391 1507 426 αὐτῆς,
1528 391 1593 417 ὃταν
1610 391 1628 426 ἡ
1645 390 1823 427 διακόσμησις

1051 438 1111 464 οὐδὲ
1120 437 1174 473 γὰρ
1188 437 1344 473 δεδύνηνται
1357 434 1430 465 οῦτοι
1450 428 1589 474 τρανῶσαι
1601 437 1651 472 τὴν
1666 437 1825 473 φυσικὴντοῦ

1052 483 1121 511 Θεοῦ
1131 483 1244 517 ἔννοιαν,
1256 483 1294 515 ὡς
1308 483 1396 519 πάντη
1417 483 1565 519 ἀφθάρτου,
1587 484 1634 510 καὶ
1655 483 1740 511 ἁπλοῦ
1754 504 1761 516 ,
1780 484 1821 510 καὶ

1052 530 1210 563 άσυνθάτου,
1230 532 1277 558 καὶ
1299 531 1463 567 ἀδιαιρέτου.
1479 531 1516 558 To
1540 531 1568 558 δὲ
1594 530 1776 567 καταδεδηκὺς
1791 531 1824 563 εις

1052 577 1211 614 ἀνθρώπους
1234 579 1262 605 έν
1279 579 1369 614 μορφῇ
1388 578 1454 605 Θεοῦ
1472 578 1589 613 ὑπῆρχε,
1603 578 1650 605 καὶ
1677 577 1722 604 διὰ
1745 577 1825 612 φιλαν-

1052 624 1176 661 θρωπίαν
1198 624 1294 652 ἑαυτὸν
1321 625 1466 656 ἐκένωσεν,
1484 623 1527 650 ἵνα
1545 623 1701 659 χωρηθῆναι
1726 623 1768 649 ὑπ’
1789 623 1824 650 ἀν-

1052 668 1169 705 θρώπιον
1187 669 1287 706 δυνηθῇ
1299 677 1307 685 ·
1324 669 1354 697 οὺ
1370 669 1456 705 δήπου
1480 669 1502 696 δ’
1518 668 1548 701 ιε
1569 668 1671 703 ἀγαθοῦ
1693 669 1732 700 εἰς
1755 669 1826 696 κακὸν

1053 714 1164 750 γέγονεν
1191 714 1265 750 αὐτῷ
1279 713 1426 750 μεταϐολὴ,
1445 722 1473 743 κ.
1490 722 1516 741 τ.
1532 712 1557 741 λ.
1581 713 1607 741 id
1630 717 1683 744 est,
1706 721 1715 738 ι
1730 712 1767 739 Ad
1780 713 1826 740 hac

1053 760 1120 788 satis
1147 767 1307 795 responsum
1323 760 1394 794 erit,
1423 764 1453 787 et
1475 759 1541 787 mihi
1563 758 1682 791 videtur,
1697 757 1721 785 si
1745 758 1826 786 dixero

1053 806 1188 841 quomodo
1203 806 1231 833 in
1244 805 1347 833 sanctis
1362 805 1513 840 Seripturis
1530 805 1681 839 accipiatur
1693 804 1826 832 descensus

221 858 288 880 turre
304 842 364 880 cum
382 851 470 879 divina
484 850 599 883 dixerat,
613 852 650 879 ita
664 851 722 886 ipse
742 850 872 886 Origenes
902 851 1003 879 diserte
1017 842 1040 873 Β
1054 851 1102 880 Dei
1118 852 1151 879 ad
1166 852 1290 880 homines
1307 860 1314 879 :
1335 852 1368 879 ad
1384 859 1465 887 quem
1493 850 1567 878 nulla
1588 850 1741 878 mutatione
1769 857 1826 885 opus

215 899 350 934 explicat,
378 901 407 924 ut
441 896 508 924 nihil
536 897 610 925 aliud
636 904 666 925 se
689 897 806 925 voluisse
834 897 1003 933 proﬁteatur,

218 953 302 980 quam
327 952 436 972 carnem
453 944 516 972 Jesu
531 943 722 978 glorificatam,
737 943 847 971 mutatis
866 943 1005 978 qualitati-

216 992 272 1019 ‘bus
288 991 366 1019 talem
382 998 442 1019 esse
454 991 598 1022 redditam,
615 989 723 1024 qualem
745 989 859 1017 decebat
883 988 1005 1018 habitare

215 1038 249 1066 in
266 1045 372 1066 summo
389 1038 502 1069 aethere,
517 1036 583 1064 nihil
610 1036 770 1064 retinentem
795 1035 912 1063 carnalis
928 1036 1004 1063 infir-

216 1085 324 1112 mitatis
343 1084 501 1117 congenitte.
512 1082 608 1118 Lege,
624 1083 647 1110 si
664 1086 751 1115 vacat,
772 1089 831 1117 quas
852 1081 922 1116 apud
944 1081 1005 1110 Ori-

215 1136 317 1165 genem
342 1133 492 1164 sequuntur
513 1136 520 1154 :
541 1134 591 1163 ego
610 1134 627 1154 θ
654 1126 812 1154 diverticulo
832 1127 858 1154 in
871 1127 941 1155 viam
963 1134 1005 1154 re-

216 1175 283 1203 deo.

201 1211 205 1263 ἶ
256 1219 270 1256 §
283 1219 336 1247 Vll.
348 1220 377 1247 In
395 1219 465 1247 libro
473 1224 570 1255 quarto
583 1219 721 1247 inducitur
733 1218 829 1247 Celsus
842 1218 1003 1254 Epicureus,

220 1266 353 1294 adversus
363 1265 579 1293 Christianorum
592 1265 625 1292 de
638 1265 686 1293 Dei
703 1264 764 1292 Filii
781 1265 807 1292 in
828 1268 916 1292 terras
945 1265 1005 1292 des-

221 1319 304 1339 censu
323 1316 350 1339 et
364 1310 545 1347 ὲνσαρκώσει,
572 1311 726 1339 doctrinam
746 1312 819 1338 hunc
844 1311 871 1338 in
895 1310 1004 1339 modum

217 1359 362 1392 disputans
382 1364 457 1384 num.
474 1356 520 1389 ﬂ,
544 1364 606 1392 pag.
624 1356 687 1391 5l0,
717 1366 728 1383 ι
745 1357 817 1385 Deus
841 1362 883 1385 est
907 1357 1004 1390 bonus,

213 1403 343 1438 tpulcher,
361 1402 436 1435 felix,
455 1407 483 1430 et
501 1401 683 1438 pulcherrima
712 1403 868 1437 optimaque
890 1403 980 1438 specie
995 1410 1003 1429 :

221 1450 245 1477 is
271 1449 294 1476 si
320 1448 496 1476 descenderet
519 1448 553 1475 ad
587 1449 720 1482 homines,
741 1453 772 1476 ut
796 1453 916 1477 mutetur
937 1456 1006 1484 opus

215 1498 279 1528 est;
293 1493 440 1520 mutabitur
455 1498 544 1521 autem
559 1500 575 1521 e
589 1494 660 1521 bono
673 1494 700 1521 in
716 1495 827 1527 tnalum,
845 1502 861 1522 e
890 1495 1004 1530 pulchro

213 1539 249 1567 sin
265 1544 408 1573 turpem,e
424 1538 502 1566 felice
517 1539 544 1566 in
561 1538 708 1571 infelicem.
730 1547 763 1567 ex
788 1540 891 1573 optimo
915 1540 941 1567 in
957 1548 1005 1568 ne-

219 1585 392 1623 quissimum.
413 1584 480 1617 Quis
503 1585 543 1612 sic
560 1592 590 1612 se
614 1589 746 1612 mutatum
771 1586 898 1620 cuperet?
925 1586 1004 1615 Certe

213 1629 335 1657 ~mutatio
360 1630 418 1657 haec
446 1633 474 1656 et
499 1629 705 1657 transformatio
731 1631 804 1658 cadit
824 1632 849 1658 in
865 1631 1003 1659 hominem

215 1674 363 1703 mortalem
384 1682 392 1700 :
408 1674 555 1702 immortali
570 1682 634 1702 vero
650 1683 756 1711 semper
770 1676 863 1705 eodem
879 1678 960 1706 modo
975 1685 1005 1706 se

214 1720 322 1748 habere
337 1720 474 1748 convenit.
487 1719 558 1755 Ergo
575 1728 711 1756 nunquam
732 1722 803 1749 Deus
817 1722 896 1750 talem
917 1728 1004 1751 muta-

220 1766 322 1794 tionem
336 1766 480 1801 reciperet.
501 1775 510 1792 ι
524 1765 584 1794 Jam
602 1766 626 1794 si
650 1766 782 1803 Origenes
801 1768 871 1796 idem
889 1769 921 1797 de
934 1769 1004 1798 Filio

212 1811 268 1839 eDei
283 1812 423 1845 sensisset,
440 1812 512 1846 quod
529 1817 621 1847 postea
633 1813 725 1847 Arius,
740 1821 821 1848 quam
850 1814 929 1842 facile
956 1823 1004 1850 po-

219 1857 317 1885 tuisset
336 1857 415 1891 huius
430 1859 581 1893 argumenti
605 1859 693 1893 ipsum
719 1859 923 1888 fundamentum
941 1863 1004 1890 sub-

216 1903 348 1930 vertere?
363 1910 416 1930 uno
429 1904 534 1931 scilicet
544 1905 626 1932 verbo
641 1905 756 1933 dicendo
781 1914 868 1942 neque
888 1915 934 1941 se,
956 1916 1004 1936 ne-

213 1956 273 1983 que
290 1949 440 1978 catholicos
453 1949 622 1978 Christianos
639 1952 680 1979 sui
707 1954 836 1988 temporis
855 1955 1003 1983 credidisse

211 1994 319 2022 Filium
346 1995 393 2022 Dei
410 2002 472 2023 esse
496 2003 590 2024 revera
619 1997 702 2024 Deum
727 1998 1002 2034 intmutabilem;sed

212 2040 300 2075 plane
311 2041 440 2069 statuisse
454 2047 606 2069 creaturam
622 2043 696 2070 illum
707 2050 778 2076 esse,
792 2053 806 2072 a
829 2045 885 2073 Deo
909 2046 1003 2074 alienae

219 2093 252 2112 ac
265 2093 375 2120 prorsus
387 2087 524 2115 mutabilis
538 2092 652 2116 natura.
669 2089 722 2117 Sed
750 2089 829 2126 longe
857 2092 947 2124 aliter,
975 2098 1003 2120 et

212 2129 292 2157 salva
307 2131 417 2159 omnino
435 2131 635 2160 Catholicorum
662 2133 815 2169 hypothesi,
831 2135 863 2163 de
879 2136 938 2164 Filii
955 2137 1002 2165 Dei

1054 901 1106 930 est,
1128 901 1159 924 ut
1182 896 1277 925 Celsus
1297 900 1376 932 putat
1405 903 1457 924 nos
1471 895 1587 931 opinari,
1602 903 1651 924 nec
1674 896 1792 929 versione
1804 896 1826 923 in

1054 943 1154 972 malum
1169 944 1275 976 ebono,
1290 948 1360 971 aute
1372 942 1485 979 pulchro
1499 942 1525 970 in
1540 947 1656 978 turpem,
1670 948 1719 970 aut
1731 950 1746 970 e
1760 942 1826 970 felice

1054 989 1081 1017 in
1100 989 1235 1017 infelicem
1248 1009 1256 1022 ,
1277 994 1324 1017 aut
1341 997 1374 1017 ex
1399 989 1502 1024 optimo
1517 989 1544 1017 in
1562 990 1768 1024 nequissimum.
1781 988 1826 1015 lm-

1055 1035 1192 1063 mutabilis
1206 1035 1278 1063 enim
1298 1035 1325 1063 in
1341 1043 1388 1064 sua
1402 1035 1522 1063 essentia
1532 1043 1656 1068 manens,
1675 1036 1826 1063 condescen-

1053 1082 1094 1110 dit
1112 1081 1192 1109 rebus
1202 1080 1327 1108 humanis
1341 1080 1510 1115 providentia
1523 1085 1551 1108 et
1560 1080 1770 1116 dispensatione.
1782 1079 1826 1108 Nos

1054 1132 1128 1155 certe
1153 1133 1169 1154 e
1195 1125 1281 1154 sacris
1313 1125 1412 1153 litteris
1443 1125 1526 1153 Deum
1556 1125 1754 1153 immutabilem
1777 1133 1827 1152 esse

1054 1172 1195 1204 discimus,
1203 1171 1250 1200 ubi
1263 1171 1359 1206 legitur
1379 1178 1388 1199 :
1407 1171 1446 1198 Tu
1459 1176 1546 1198 autem
1560 1172 1616 1206 ipse
1629 1171 1707 1204 es“;
1719 1176 1744 1199 et
1756 1180 1762 1198 :
1776 1169 1828 1198 Non

1053 1219 1178 1246 immutor
1187 1217 1222 1247 δ’.
1249 1217 1357 1253 Epicuri
1379 1224 1444 1245 vero
1456 1217 1493 1245 dii
1509 1224 1543 1244 ex
1560 1217 1659 1245 atomis
1687 1217 1826 1252 compositi,

1054 1269 1082 1293 et
1096 1263 1210 1300 proinde
1227 1263 1422 1292 constitutione
1449 1270 1499 1291 sua
1524 1262 1710 1294 dissolubiles,
1740 1262 1828 1289 habent

1053 1310 1125 1346 quod
1139 1314 1232 1345 agant,
1245 1310 1306 1337 dum
1324 1309 1385 1338 illas
1401 1314 1516 1344 atomos,
1529 1316 1589 1344 quae
1605 1310 1766 1345 corporibus
1776 1316 1827 1335 cor-

1054 1356 1206 1392 ruptionem
1219 1354 1349 1389 efﬁciunt,
1358 1355 1506 1383 excutiant.
1524 1355 1578 1383 Nec
1590 1362 1671 1383 secus
1685 1354 1825 1382 Stoicorum

1055 1403 1136 1437 Deus,
1156 1407 1247 1437 utpote
1260 1409 1370 1436 corpus,
1391 1402 1529 1430 interdum
1562 1409 1638 1429 mens
1654 1406 1699 1429 est
1720 1409 1777 1436 qua:
1791 1406 1825 1428 to-

1055 1453 1109 1477 tam
1134 1449 1252 1484 possidct
1278 1447 1468 1480 substantiam,
1486 1454 1548 1475 cum
1578 1447 1614 1475 sit
1642 1447 1826 1482 conflagratio;

1055 1494 1191 1522 interdum
1206 1502 1270 1522 vero
1283 1502 1316 1522 ex
1328 1498 1404 1530 parte
1417 1493 1501 1529 ipsius
1515 1493 1675 1522 substantiae
1685 1498 1826 1529 generatur.

1054 1549 1115 1569 cum
1131 1540 1169 1568 sit
1183 1540 1276 1568 mundi
1291 1541 1435 1569 ordinatio.
1452 1541 1497 1568 Isti
1524 1540 1596 1568 enim
1622 1547 1678 1567 non
1696 1542 1828 1574 potuerunt

1053 1587 1160 1623 quidem
1185 1587 1258 1615 clare
1285 1587 1332 1615 Dei
1355 1592 1478 1614 naturam
1512 1586 1678 1622 intelligere,
1703 1585 1773 1620 quod
1796 1585 1828 1612 sit

1053 1633 1164 1661 omnino
1183 1633 1407 1668 incorruptibilis,
1432 1633 1558 1668 simplex,
1585 1640 1635 1660 nec
1661 1631 1827 1666 compositus,

1053 1686 1104 1707 nec
1124 1679 1277 1707 divisihilis.
1296 1678 1323 1706 ld
1338 1684 1428 1706 autem
1448 1680 1519 1714 quod
1543 1679 1577 1706 ad
1590 1678 1715 1705 homines
1727 1678 1827 1705 descen-

1053 1725 1104 1758 dit,
1118 1725 1146 1752 in
1163 1725 1248 1760 fama
1265 1725 1313 1752 Dei
1323 1725 1347 1741 ⁸⁸
1364 1725 1500 1758 substitit,
1527 1729 1556 1752 et
1584 1729 1696 1759 propter
1720 1729 1826 1750 amorem

1052 1770 1162 1798 humani
1175 1770 1283 1805 generis
1298 1770 1415 1805 seipsum
1430 1770 1589 1804 exinanivit,
1610 1775 1640 1797 ut
1665 1774 1755 1805 posset
1770 1776 1824 1796 eon-

1052 1816 1105 1851 cipi
1120 1816 1154 1843 ab
1171 1816 1347 1848 hominibus,
1373 1817 1476 1851 absque
1500 1816 1555 1843 ulla
1582 1820 1672 1843 tamen
1692 1815 1826 1842 mutatione

1052 1868 1085 1889 ex
1096 1861 1166 1889 bono
1181 1862 1208 1888 in
1225 1861 1338 1895 tnalum,
1359 1870 1368 1887 ι
1384 1866 1437 1889 etc.
1462 1861 1527 1889 Post
1553 1861 1642 1895 aliqua
1660 1860 1751 1888 subdit
1765 1859 1825 1886 Ada-

1052 1908 1170 1935 mantius
1185 1915 1261 1936 num.
1279 1907 1322 1939 15.
1343 1900 1369 1942 p'.
1393 1907 1501 1939 5H,El
1518 1907 1547 1934 δε
1567 1907 1614 1934 καὶ
1638 1906 1721 1941 σῶμα
1743 1905 1825 1940 θνητὸν

1052 1954 1100 1981 καὶ
1109 1954 1199 1989 ψυχὴν
1226 1953 1398 1990 ἀνθρωπίνην
1415 1953 1555 1980 ἀναλαϐὼν
1580 1954 1595 1979 ὁ
1615 1953 1749 1984 ἀθάνατος
1770 1951 1824 1981 Θεὸς

1052 2000 1148 2034 Λόγος,
1162 2000 1236 2027 δοκεῖ
1249 1999 1288 2036 τῷ
1303 2000 1398 2036 Κέλσῳ
1414 1999 1591 2028 ἀλλάττεσθαι
1614 2000 1662 2026 καὶ
1691 1997 1825 2034 μεταπλάτ-

1051 2046 1158 2073 τεσθαι·
1175 2046 1343 2081 μανθανέτω,
1359 2047 1399 2073 ὅτι
1414 2047 1428 2073 ό
1443 2046 1528 2081 Λόγος
1541 2047 1573 2082 τῇ
1589 2045 1667 2082 οὐσίᾳ.
1685 2046 1769 2081 μένων
1783 2043 1824 2071 Λό-

1052 2102 1109 2128 γος,
1121 2093 1197 2120 οὐδὲν
1210 2094 1259 2129 μὲν
1274 2093 1372 2129 πάσχει
1384 2089 1422 2120 ὧν
1437 2093 1538 2128 πάσχει
1551 2093 1582 2119 τὸ
1594 2093 1675 2128 σῶμα
1688 2092 1704 2127 ἢ
1723 2093 1738 2127 ὴ
1753 2090 1822 2125 ψυχή·

1054 2139 1276 2174 συγκαταϐαίνων
1285 2139 1306 2165 δ’
1318 2139 1374 2166 ἐσθ’
1387 2140 1431 2166 ὅτε
1447 2139 1486 2175 τῷ
1497 2138 1534 2175 μὴ
1546 2137 1688 2173 δυναμένῳ
1700 2137 1777 2164 αὑτοῦ
1784 2136 1824 2167 τὰς

217 2181 316 2203 natura
342 2185 406 2204 vere
428 2177 518 2205 divina
544 2183 572 2206 et
600 2179 833 2211 incommutabili.
857 2185 1000 2217 respondet

1054 2184 1238 2220 μαρμαρυγὰς
1249 2185 1296 2212 καὶ
1305 2184 1353 2220 τὴν
1372 2184 1551 2220 λαμπρότητα
1563 2184 1612 2219 τῆς
1628 2183 1764 2218 θειότητος
1775 2181 1823 2216 βλέ-

211 2221 349 2257 Origenes
373 2224 416 2251 his
433 2224 542 2255 verbis:
569 2226 648 2253 Δοκεῖ
661 2227 692 2262 δή
717 2237 761 2263 μοι
779 2229 846 2264 πρὸς
857 2230 944 2257 ταῦτα
957 2231 1000 2257 λέ-

215 2267 312 2301 γεσθαι
330 2269 364 2294 τὰ
389 2269 492 2303 δέοντα,
523 2271 715 2309 διηγησαμένῳ
742 2275 792 2310 τὴν
807 2276 836 2302 ὲν
855 2277 915 2308 ταῖς
928 2277 998 2312 Γρα-

211 2313 279 2347 φαῖς
296 2313 445 2349 λεγομένην
456 2316 605 2343 κατάϐασιν
618 2318 684 2344 Θεοῦ
695 2319 763 2354 πρὸς
779 2320 812 2347 τὰ
825 2321 982 2357 ἀνθρώπινα
991 2331 997 2338 ’

214 2360 255 2390 εἰς
279 2360 312 2395 ἢν
331 2360 361 2386 οὐ
386 2361 535 2398 μεταὸολῆς
565 2363 638 2398 αὐτῷ
652 2364 708 2396 δεῖ,
726 2365 765 2396 ὡς
796 2366 899 2398 Κέλσος
926 2368 1000 2403 ἡμᾶς

209 2405 299 2432 οἴεται
312 2405 409 2440 λέγειν,
424 2406 485 2433 οὔτε
499 2409 601 2444 τροπῆς
616 2410 665 2445 τῆς
676 2409 706 2443 ἐξ
721 2410 822 2445 ἀγαθοῦ
835 2413 875 2444 εἰς
904 2413 998 2446 κακὸν,

213 2450 231 2485 ἢ
245 2451 277 2477 ὲκ
285 2451 367 2478 καλοῦ
385 2453 424 2484 εις
441 2453 563 2490 αἰσχρὸν,
583 2454 644 2489 ἢέξ
661 2455 832 2491 εὐδαιμονίας
856 2459 896 2490 εἰς
917 2467 999 2486 κακο-

206 2494 364 2530 δαιμονίαν,
384 2497 400 2532 ἢ
432 2498 464 2523 έκ
489 2498 535 2524 τοῦ
558 2499 670 2534 ἀρίστου
696 2501 735 2533 εὶς
753 2501 784 2527 τὸ
805 2503 997 2538 πονηρότατον·

214 2541 303 2576 μένων
329 2542 382 2578 γὰρ
404 2544 437 2579 τῇ
462 2544 540 2580 οὐσίᾳ
569 2545 712 2580 ἄτρεπτος,
731 2548 940 2582 συγκαταϐαίνει
964 2552 997 2586 τῇ

207 2587 327 2623 *προνοίᾳ
340 2589 386 2615 καὶ
403 2591 436 2624 τῇ
447 2590 588 2627 οἰκονομίᾳ
600 2593 657 2623 τοῖς
674 2592 855 2628 ἀνθρωπίνοις
869 2595 1010 2631 πράγμα-,

208 2641 264 2660 σιν.
284 2634 379 2669 Ἡμεῖς
396 2635 444 2670 μὲν
455 2633 501 2663 οὖν
512 2637 560 2662 καὶ
575 2637 609 2664 τὰ
627 2637 685 2664 θεῖα
699 2638 853 2674 Γράμματα
865 2641 999 2676 παρίστα-

213 2686 263 2712 μεν
279 2679 413 2714 ἄτρεπτον
437 2681 549 2716 λέγοντα
562 2683 607 2709 τὸν
628 2683 704 2716 Θεὸν,
720 2685 749 2711 έν
763 2693 792 2711 τε
809 2686 859 2721 τῷ,
874 2686 917 2713 Σὺ
933 2686 966 2713 δὲ
980 2687 998 2714 ὃ

207 2725 302 2757 αὐτὸς
313 2724 352 2752 εἴ·
366 2728 413 2753 καὶ
419 2729 448 2755 ἐν
455 2728 504 2764 τῷ,
520 2729 580 2756 οὐκ
593 2730 769 2766 ὴλλοίωμαιο
784 2732 810 2758 oi
823 2732 852 2758 δὲ
859 2732 912 2759 τοῦ
925 2733 998 2760 Ἐπι-

1054 2238 1116 2256 πειν
1131 2250 1139 2262 ,
1172 2230 1253 2256 οἱονεὶ
1277 2229 1344 2265 σὰρξ
1364 2229 1490 2264 γίνεται,
1515 2228 1678 2264 σωματικῶς
1709 2226 1823 2262 λαλούμε-

1053 2284 1108 2307 νος,
1123 2276 1149 2303 id
1169 2280 1228 2308 est,
1248 2285 1257 2302 l
1275 2276 1351 2309 Quod
1375 2275 1398 2303 si
1428 2275 1544 2303 Verbum
1566 2274 1636 2302 Deus
1666 2272 1820 2303 immortalis.

1053 2322 1116 2357 quia
1127 2330 1228 2357 corpus
1241 2321 1355 2351 mortale
1376 2322 1550 2356 animamque
1564 2322 1710 2351 humanam
1732 2326 1823 2347 assum-

1052 2369 1147 2403 pserit,
1169 2368 1247 2396 Celso
1271 2368 1374 2396 idcirco
1398 2368 1533 2395 immutari
1565 2367 1692 2394 videatur
1711 2374 1719 2393 :
1749 2365 1822 2393 discat

1053 2415 1169 2442 Verbum
1185 2422 1295 2442 manere
1314 2414 1429 2442 Verbum
1446 2421 1493 2441 sua
1519 2412 1683 2445 substantia,
1706 2418 1752 2439 nec
1776 2409 1821 2445 pati

1051 2468 1146 2489 eorum
1161 2461 1321 2496 quidquam,
1336 2468 1396 2495 qua:
1415 2468 1513 2494 corpus
1540 2465 1587 2487 aut
1602 2459 1692 2486 anima
1715 2458 1819 2493 patitur;

1052 2507 1270 2535 condescendere
1284 2511 1373 2534 tamen
1389 2506 1523 2534 interdum
1542 2514 1595 2534 non
1608 2505 1758 2533 valentibus
1771 2503 1819 2537 ejus

1052 2553 1201 2581 claritatem
1227 2559 1259 2580 ac
1287 2552 1458 2587 splendorem
1487 2551 1638 2580 divinitatis
1659 2551 1771 2582 obtueri,
1794 2556 1819 2575 ac

1052 2598 1133 2626 veluti
1152 2605 1262 2626 carnem
1278 2597 1389 2628 factum.
1409 2597 1481 2632 loqui
1503 2597 1690 2632 corporaliter.
1707 2606 1717 2623 ι
1738 2595 1818 2623 Dicant

1052 2644 1156 2670 cordati
1180 2651 1274 2671 omnes
1285 2664 1293 2677 ,
1313 2651 1345 2670 an
1362 2643 1419 2670 haec
1434 2647 1497 2670 sunt
1512 2644 1595 2670 verba
1620 2641 1765 2678 scriptoris.
1779 2639 1816 2674 qui

1056 2697 1065 2715 t
1083 2689 1176 2716 Arium
1191 2689 1328 2724 impietate
1335 2688 1481 2723 superavit,
1497 2689 1620 2724 adeoque
1635 2687 1708 2723 impii
1721 2687 1816 2720 dogma-

1053 2734 1087 2762 tis
1098 2739 1192 2763 auctor
1206 2734 1345 2771 illN’uit.)
1361 2732 1472 2762 Scilicet
1488 2733 1562 2763 clare
1580 2733 1625 2762 hic
1644 2733 1721 2761 docet
1738 2731 1813 2765 Orige-

245 2829 268 2844 λε
283 2828 355 2856 Psal.
372 2837 406 2861 Cl.
427 2831 472 2860 23.
509 2831 532 2849 ‘“
547 2832 661 2861 Malach.
680 2841 721 2867 tu,
737 2833 762 2861 6.
799 2835 824 2851 '°
839 2834 956 2866 Philipp.
973 2842 1002 2868 tt,
1023 2835 1050 2864 6.
