1908 3071
95 161 172 189 ’1295

609 159 655 188 EX
673 161 704 188 G.
725 160 825 188 BULL]
840 160 918 188 DEI".
940 160 1027 188 FlDEl
1047 157 1208 189 ΝΙΕΑΞΝᾸΕ.

1648 163 1720 191 ΗΜ»

102 227 152 248 nes
163 219 208 247 τὸν
223 219 308 254 Λόγον
321 220 378 248 sive
387 219 485 248 Filium
503 220 549 248 Dei
563 227 623 248 esse
642 221 725 248 Deum
742 223 885 249 immorta-

941 231 982 249 τον
994 223 1128 258 ὑπεροχὴν
1143 222 1196 249 τῶν
1212 222 1394 258 νομιζομένων
1407 223 1488 256 ἀξίων
1513 225 1721 260 προσκυνεῖσθαι

100 265 165 298 lem,
188 265 339 292 substantia
365 273 412 293 sua
441 265 646 298 immutabilem,
659 272 685 293 et
705 272 840 301 quatenus
855 267 882 294 in

101 310 189 338 forma
205 311 251 339 Dei
271 312 402 344 subsistit,
412 312 487 346 juxta
508 320 568 339 cum
583 312 665 340 Patre
677 319 779 340 naturae
794 314 882 341 omni-

99 365 137 384 no
161 357 385 393 incorruptibilis,
411 359 549 394 simplicis,
578 367 627 386 nec
650 360 815 393 compositae,
832 367 883 387 nec

100 402 255 430 divisibilis.
273 403 416 438 Aliquanto
439 409 499 438 post
514 404 547 431 ad
573 403 652 431 aliam
671 404 740 432 Celsi
754 405 883 438 objectio-

100 455 177 478 nem,
204 449 287 482 priori
320 449 424 476 allincm
440 470 447 481 .
476 457 655 483 responsurus
673 471 681 482 ,
706 451 745 477 sic
768 451 881 481 orditur.

100 501 178 521 num.
194 494 237 526 18,
255 502 315 528 pag.
333 495 481 530 Βίὲιῐίρὸς
497 495 575 522 τοῦτο
590 495 689 530 λέγοιτ’
706 496 738 523 ἂν
749 516 757 528 ,
772 496 810 531 πῆ
835 496 883 532 μὲν

99 537 168 573 περὶ
183 538 231 572 τῆς
247 539 293 564 τοῦ
308 538 381 565 θείου
392 540 477 574 Λόγου
491 539 598 574 φύσεως
617 539 691 572 ὄντος
704 540 771 567 Θεοῦ
781 549 787 555 '
806 540 842 576 πῆ
854 541 885 568 δὲ

100 581 168 617 περὶ
182 583 230 618 τῆς
246 583 332 618 Ἰησοῦ
345 583 443 619 ψυχῆς,
459 584 485 611 id
507 589 557 617 est,
575 594 584 610 ι
604 585 643 612 A'd
664 585 714 613 hoc
727 586 884 620 responderi

98 629 402 665 potest,distiuguendo
426 631 506 657 divini
534 630 615 657 Verbi
644 636 767 658 naturam
784 652 793 664 ,
819 639 880 667 quae

101 674 175 702 Deus
185 680 235 707 est,
249 681 275 702 et
285 674 348 702 Jesu
369 676 496 703 animam.
513 686 523 702 ι
542 676 623 704 Vides
631 677 678 704 hic
703 677 787 712 ipsam
807 678 886 705 Verbi

99 725 229 748 naturam
251 721 344 753 Deum,
362 722 418 749 sive
432 721 549 749 Verbum
575 727 670 749 natura
688 722 770 753 Deum
786 723 886 751 diserte

100 766 169 793 dici.
186 766 232 794 Cui
251 766 346 793 similis
370 766 494 799 Origenis
512 767 589 795 locus
612 768 713 795 citatur
739 769 764 796 in
793 775 886 797 eatena

101 811 272 838 Balthasaris
283 811 404 840 Corderii
421 813 448 839 in
455 812 549 847 Jaan.,
560 814 592 841 ad
609 821 668 848 cap.
687 822 707 847 ι,
721 822 791 842 vers.
803 815 828 847 i,
842 815 886 843 uhi

98 856 188 884 Filius
203 857 248 884 Dei
261 858 294 884 ab
305 857 419 892 Origene
431 859 531 886 dicitur
547 860 562 886 ὁ
575 860 743 896 Δημιουργδς
758 860 805 887 τοῦ
821 870 887 888 παν-

936 267 1011 302 παρὰ
1024 268 1053 293 τὸ
1069 267 1122 294 τῶν
1135 267 1287 302 σπινθήρων
1302 268 1347 294 καὶ
1371 268 1424 294 τῶν
1438 268 1540 304 λύχνων
1553 270 1610 304 φῶς
1619 279 1625 285 ·
1638 270 1722 301 οὕτως

936 312 960 337 οἱ
972 311 1126 346 νοήσαντες,
1149 312 1208 342 πῶς
1222 313 1236 338 ὁ
1253 312 1316 343 Θεὸς
1342 312 1399 347 φῶς
1428 314 1498 339 ἐστι·
1525 314 1722 344 καταλαϐόντες

935 357 976 389 δὲ,
994 358 1051 389 πῶς
1067 359 1081 384 ὁ
1097 357 1160 390 Υἱὸς
1173 358 1218 384 τοῦ
1232 358 1298 385 Θεοῦ
1315 359 1371 393 φῶς
1387 359 1513 394 ἀληθινόν
1524 360 1608 390 ἐστιν,
1619 359 1633 386 ὃ
1643 359 1717 394 φωτί

938 402 978 435 ζει
1007 404 1095 431 πάντα
1121 404 1263 440 ἄνθρωπον
1288 405 1433 440 ἐρχόμενον
1463 406 1502 437 εἰς
1529 405 1575 431 τὸν
1603 406 1721 440 κόσμον·

938 449 1074 481 συνιέντες
1093 449 1120 476 δὲ
1137 449 1193 480 καὶ,
1211 449 1270 481 πῶς
1282 447 1358 481 οὗτός
1383 459 1448 485 φησι
1471 451 1515 481 τὸ,
1532 451 1602 486 Ἐγώ
1616 451 1674 485 εἰμι
1690 450 1721 478 τὲ

937 492 1000 526 φῶς
1015 493 1067 520 τοῦ
1081 495 1195 528 κόσμου
1209 495 1270 521 ὀὐκ
1283 494 1315 521 ἂν
1325 495 1440 529 εὐλόγως
1452 496 1666 531 προσκυνήσαιεν
1678 504 1722 522 τον

937 538 1017 564 οἱονεὶ
1029 538 1129 573 βραχὺν
1147 539 1291 574 σπινθῆρα,
1303 539 1421 574 ὡς’πρὸς
1436 539 1492 573 φῶς
1505 540 1551 566 τὸν
1565 540 1640 573 Θεὸν,
1657 541 1722 576 ἀλη-

938 582 1011 609 Οινοῦ
1027 583 1125 616 φωτὸς,
1143 584 1170 609 ἐν
1181 583 1258 618 ἡλίῳ,
1276 584 1328 610 καὶ.
1340 583 1449 619 σελήνῃ,
1465 583 1511 610 καὶ
1525 584 1645 619 ᾶστροις-
1678 584 1723 610 καὶ

937 628 986 654 οὒκ
997 628 1172 663 ἀτιμάζοντες
1186 636 1217 663 γε
1233 627 1266 654 τὰ
1282 629 1430 664 τηλικαῦτα
1440 629 1487 655 τοῦ
1499 629 1571 656 Θεοῦ
1592 629 1723 666 δημιουρ·

938 674 1048 707 γήματα
1073 673 1132 699 οὐδὲ
1166 673 1362 708 Ἀναξαγορίως
1393 672 1500 710 μύδρων
1525 674 1656 709 διάπυρον
1680 673 1723 700 λέ-

939 727 1032 752 γοντες
1057 717 1128 745 εἶναι
1151 719 1196 745 τὴν
1218 719 1303 754 ἣλιον,
1320 720 1367 746 καὶ
1393 719 1516 755 σελήνην,
1532 720 1722 756 καὶὰστέρας,

938 764 1049 791 τοιαῦτά
1067 772 1155 799 φαμεν
1169 765 1233 799 περὶ
1250 765 1335 800 ἡλίου,
1359 765 1406 791 καὶ
1425 765 1548 801 σελῆνης,
1577 766 1624 792 καὶ
1643 765 1723 792 ἀστέ-

942 817 1010 845 ρων·
1022 809 1078 836 ἀλλ’
1090 809 1278 845 αἰσθανόμενοί
1292 818 1323 843 γε
1334 810 1383 845 τῆς
1397 810 1492 846 ἀφάτῳ
1505 811 1626 847 ὑπεροχῇ
1639 813 1724 847 ὑπερ-

940 855 1054 890 εχούσης
1070 855 1206 890 θειότητος
1227 855 1272 882 τοῦ
1286 855 1364 888 Θεοῦ,
1380 855 1420 882 ἔτι
1433 856 1461 882 δὲ
1479 856 1525 883 καὶ
1539 857 1586 883 τοῦ
1603 858 1724 892 Μονογεσ

100 902 162 936 τδς,
177 903 316 938 τυγχάνων
330 903 396 934 Θεδς
409 904 495 938 Λόγος
508 905 568 931 κατ’
584 906 688 938 οιῑισιαν⁸
708 915 718 931 ς
737 906 781 934 me
797 914 886 934 rerum
902 901 923 928 Β
938 902 998 934 νοῦς
1015 902 1096 929 αὑτοῦ
1110 902 1288 938 ὑπερέχοντος
1302 903 1335 930 τὰ
1347 903 1438 932 λοιπά.
1453 903 1481 930 ιιι
1497 907 1548 936 est,
1566 913 1575 929 ε
1586 903 1619 931 Ει
1630 912 1725 939 quern-

98 947 227 974 ~omnium
254 946 403 981 Conditor,
431 949 476 982 qui
505 954 548 976 est
570 950 717 977 secundum
745 952 888 978 essentiam

101 993 178 1020 ‘Deus
195 992 322 1021 Verbum.
337 1003 347 1020 ι
366 994 433 1028 Quis
446 1001 509 1021 vero
524 1002 557 1021 ex
574 995 683 1024 Arianis
713 996 821 1029 dixerit,
844 997 890 1024 Fi-

99 1038 170 1066 lium
183 1046 243 1067 esse
257 1040 314 1075 ipsa
326 1047 375 1067 sua
401 1041 518 1068 essentia
547 1048 579 1068 ac
603 1041 754 1070 substantia
783 1043 889 1069 Deum?

99 1084 217 1113 Scilicet
231 1086 283 1114 hoc
311 1087 376 1113 illud
394 1087 481 1121 ipsum
494 1091 547 1120 est,
567 1088 639 1122 quod
657 1088 786 1116 adversus
796 1088 887 1115 Arium

102 1135 260 1158 statuerunt
273 1131 368 1160 Patres
384 1131 495 1165 Nicasni,
525 1140 622 1167 nempe
636 1132 735 1160 Filium
752 1133 799 1161 Dei
829 1141 889 1161 esse

100 1177 163 1204 'Dco
178 1177 329 1213 ὁμοοὺσιον.

143 1223 157 1259 §
178 1223 242 1251 Vlll.
259 1224 288 1251 in
312 1224 380 1252 libro
405 1225 500 1259 quinto
530 1225 664 1253 rationem
692 1225 819 1258 reddens,
841 1233 890 1253 cur

100 1270 253 1298 Christiani
267 1270 363 1298 Filium
380 1270 437 1305 Dei,
453 1279 506 1299 non
526 1270 609 1298 solem
625 1291 633 1304 ,
651 1271 742 1298 lunam
767 1272 890 1300 stellasre

107 1316 266 1344 adoratione
292 1322 489 1351 prosequantur
507 1336 514 1348 ,
539 1317 574 1343 ita
603 1317 714 1344 disserit
744 1326 818 1344 num.
845 1317 888 1349 10,

102 1369 133 1397 ι).
150 1362 219 1389 584ε
233 1362 271 1389 Οὐ
282 1362 371 1389 τοίνυν
388 1360 421 1398 ἦν
434 1362 543 1396 εὔλογον
553 1363 615 1394 τοὺς
624 1363 795 1398 διδαχθέντας
806 1372 890 1398 μεγα-

104 1408 212 1442 λοφυῶς
222 1408 445 1444 ὑπεραναὸαίνειν
455 1409 541 1435 πάντα
557 1408 591 1435 τὰ
605 1408 756 1444 δημιουργή
761 1417 888 1444 ματα,....

105 1455 258 1486 ἀσκοῦντας
271 1455 341 1490 ἔχειν
351 1455 399 1490 τῆν
413 1454 540 1490 λαμπρὰν
550 1455 597 1481 καὶ
611 1455 767 1490 ἀμάραντον
784 1455 888 1489 σοφίαν,

105 1502 124 1536 ἢ
140 1501 186 1528 καὶ
204 1500 378 1535 ἀνειληφότα,
403 1500 487 1535 αὐτὴν
500 1499 582 1527 οὖσαν
608 1499 776 1536 ἀπαύγασμα
803 1501 891 1535 φωτὸς

106 1547 195 1574 ἀϊδίου
207 1555 213 1561 ·
230 1546 435 1582 καταπλαγῆναι
452 1547 481 1573 τὺ
492 1546 618 1582 αἰσθητὸν
635 1546 719 1581 ἡλίου,
738 1547 784 1573 καὶ
813 1547 891 1582 σελή-

105 1603 168 1629 νης,
187 1593 233 1620 κού⁵
261 1594 366 1629 ἄστρων
387 1593 445 1628 φῶς
472 1593 518 1619 ἐπὶ
536 1592 676 1625 τοσοῦτον,
701 1591 771 1619 ὥστε
793 1592 837 1619 διὰ
861 1593 891 1619 τὸ

105 1639 234 1674 αἰσθητὸν
259 1639 317 1674 φῶς
342 1639 452 1666 ἐκείνων
476 1638 585 1674 νομίσαι
607 1639 719 1670 ἑαυτοὺς
745 1639 819 1665 κάτω
840 1647 891 1665 που

106 1684 190 1718 εἶναι,
205 1685 314 1721 ἔχοντας
329 1684 485 1720 τηλικοῦτον
502 1685 596 1720 νοητὸν
611 1684 735 1718 γνώσεως
748 1685 821 1719 φῶς,
845 1684 892 1711 καὶ

108 1731 169 1767 φῶς
180 1730 320 1767 ἂληθινὸν,
338 1731 386 1757 καὶ
409 1731 467 1765 φῶς
483 1730 529 1757 τοῦ
546 1731 658 1766 κόσμου,
687 1731 734 1758 καὶ
761 1731 818 1765 φῶς
839 1730 892 1757 τῶν

109 1778 272 1812 ἀνθρώπων,
286 1777 422 1809 κάκείνοις
437 1778 633 1812 προσκυνῆσαι.
651 1776 678 1803 1d
694 1782 754 1809 est,
773 1786 782 1802 ε
803 1777 893 1811 Itaque

111 1832 166 1851 non
181 1824 295 1851 decebat
307 1831 363 1854 eos,
379 1823 426 1858 qui
452 1822 603 1850 didicerant
629 1830 760 1857 generose
785 1830 891 1849 onmem

106 1872 262 1894 creaturam
282 1867 485 1898 transcendere,
560 1867 809 1901 centendehantque
833 1871 891 1894 stu-

108 1912 162 1940 diis
176 1911 344 1939 ferventibus
363 1912 395 1939 ad
410 1912 662 1940 immarcescibilem
694 1913 766 1940 illam
785 1913 893 1948 sapien-

108 1957 186 1989 tiam,
203 1957 313 1992 antjam
329 1962 506 1991 perceperant
518 1965 589 1990 eam,
611 1965 681 1991 eam,
701 1960 820 1994 inquam,
833 1966 893 1994 qua:

108 2008 218 2031 aeterna:
233 2003 300 2030 lucis
312 2003 437 2038 splendor
459 2008 520 2035 est;
537 2004 728 2039 obstupescere
753 2005 786 2032 ad
818 2005 892 2037 solis.

109 2049 182 2076 luna!
210 2048 401 2083 stellarumque
418 2049 508 2076 lumen
525 2050 663 2081 sensibile,
682 2050 707 2076 in
733 2055 847 2082 tanttnn,
864 2056 894 2078 ut

109 2099 253 2129 propterea
267 2101 296 2120 se
309 2094 453 2120 inferiores
468 2094 676 2126 existimarent;
695 2102 757 2121 cum
780 2096 829 2129 ipsi
844 2096 893 2122 ha-

110 2141 194 2167 beant
213 2145 317 2167 tantam
347 2140 434 2166 lucem
464 2139 672 2174 intelligibilem,
686 2139 773 2167 lucem
791 2148 892 2173 veram,

112 2185 199 2213 lucem
216 2186 319 2217 mundi,
332 2185 418 2212 lucem
445 2185 600 2218 hominum;
617 2192 701 2219 eaque
712 2186 866 2212 adorarent.
880 2195 892 2211 ν

937 949 1081 976 admodum
1097 948 1141 976 isti
1157 949 1314 976 adoratores
1326 949 1402 981 solis,
1419 949 1489 977 luna:
1513 950 1722 985 stellarumque,

938 998 966 1021 et
978 993 1155 1022 admiratores
1180 1002 1273 1022 eorum
1301 995 1431 1029 luminis,
1457 1003 1594 1030 nunquam
1626 997 1724 1023 adora-

939 1044 999 1066 rent
1015 1040 1159 1067 scintillam
1175 1040 1244 1074 ignis
1254 1045 1299 1067 aut
1311 1040 1447 1068 lucernam
1463 1042 1489 1068 in
1500 1046 1584 1074 terra,
1603 1042 1725 1070 videntes

938 1084 1187 1119 incomparabiliter
1219 1086 1433 1120 praecellentiora
1450 1106 1459 1119 ,
1491 1094 1605 1122 quorum
1631 1087 1724 1115 lumen

939 1131 1096 1159 adoratione
1113 1132 1223 1166 dignum
1240 1132 1418 1160 existimant:
1447 1132 1483 1159 ita
1505 1133 1550 1167 qui
1568 1133 1725 1167 intelligunt

939 1178 1072 1212 quomodo
1089 1178 1160 1205 Deus
1175 1178 1264 1206 lumen
1286 1178 1333 1212 sit,
1347 1183 1374 1206 et
1399 1178 1534 1213 quomodo
1552 1178 1636 1206 Fillus
1662 1179 1722 1213 ejus

937 1224 984 1250 lux
999 1231 1063 1251 vera
1076 1224 1122 1257 sit,
1140 1224 1277 1251 iilustrans
1298 1231 1404 1252 omnem
1429 1225 1567 1253 hominem
1600 1226 1626 1252 in
1648 1227 1724 1253 hunc

939 1269 1066 1297 mundum
1093 1270 1248 1297 venientem
1264 1269 1299 1302 δ’,
1325 1274 1352 1297 et
1375 1270 1528 1304 intelligunt
1557 1270 1639 1297 etiam
1659 1269 1725 1297 illud

940 1314 997 1349 ejus
1009 1315 1118 1347 dictum,
1133 1315 1190 1350 Ego
1206 1324 1262 1342 rum
1276 1315 1322 1343 tua:
1336 1316 1469 1347 mundi",
1485 1316 1618 1343 immerito
1625 1316 1723 1343 adora-

941 1365 1001 1387 rent
1017 1367 1128 1394 parvam
1145 1359 1217 1388 velut
1230 1361 1373 1388 scintillam
1395 1369 1464 1388 verae
1481 1361 1559 1394 lucis,
1573 1362 1596 1389 si
1624 1362 1657 1389 ad
1682 1362 1724 1388 lu-

939 1413 1001 1433 men
1014 1405 1082 1433 illud
1095 1406 1167 1441 quod
1186 1406 1256 1433 Deus
1273 1411 1315 1434 est
1326 1406 1490 1439 conferatur,
1512 1414 1571 1441 qua:
1597 1407 1623 1434 in
1656 1407 1725 1440 sole.

941 1451 1004 1478 luna
1015 1456 1044 1479 et
1057 1452 1138 1479 astris
1156 1452 1271 1479 exsistit.
1287 1451 1345 1480 Non
1358 1457 1447 1479 autem
1470 1453 1540 1487 quod
1565 1459 1723 1480 contemna»

941 1499 1001 1525 'n’us
1015 1500 1069 1524 tam
1083 1498 1191 1532 egregia
1213 1498 1262 1525 Dei
1289 1506 1382 1533 opera,
1396 1502 1442 1525 aut
1464 1499 1532 1526 sicut
1546 1499 1723 1533 Anaxagoras

941 1539 1049 1574 globum
1067 1539 1180 1576 ignitum
1196 1541 1279 1569 solem
1295 1542 1492 1574 existimemus,
1505 1547 1573 1570 utet
1588 1543 1678 1570 lunam
1699 1548 1727 1570 et

942 1589 1015 1612 astra
1033 1590 1149 1619 caetera;
1168 1587 1228 1614 ideo
1243 1587 1301 1614 haec
1320 1587 1353 1615 de
1364 1587 1429 1619 sole,
1448 1587 1511 1614 luna
1525 1593 1552 1615 et
1577 1589 1658 1615 astris
1671 1596 1725 1616 ca:—

942 1632 1009 1658 teris
1019 1631 1158 1658 dicimus:
1183 1632 1230 1659 sed
1244 1633 1316 1666 quod
1335 1640 1514 1668 agnoscamus
1537 1634 1583 1661 Dei
1611 1639 1638 1660 et
1665 1634 1726 1662 Filii

941 1675 999 1709 ejus
1015 1676 1147 1711 nnigeniti
1163 1677 1338 1704 inenarrabili
1353 1679 1509 1712 praestantia
1526 1680 1727 1713 praecellentem

942 1720 1121 1754 divinitatem,
1137 1728 1196 1756 quae
1209 1727 1306 1749 caetera
1319 1723 1411 1750 omnia
1425 1722 1502 1757 longe
1513 1729 1573 1757 post
1597 1732 1625 1751 se
1649 1725 1725 1752 relin-

942 1766 1009 1801 quit.
1034 1776 1044 1792 ι
1064 1766 1145 1800 Quid,
1164 1775 1266 1802 quaeso,
1282 1768 1314 1795 ad
1330 1768 1522 1796 declarandum
1544 1776 1635 1797 veram
1665 1770 1724 1797 Filii

943 1812 1122 1846 divinitatem,
1134 1813 1176 1841 his
1186 1814 1315 1841 disertius
1331 1814 1382 1841 dici
1400 1814 1504 1849 potuit?
1516 1815 1583 1842 Nan.
1597 1823 1726 1850 expresse

943 1858 987 1885 hic
1017 1858 1097 1885 tradit
1114 1858 1259 1893 Origenes,
1276 1859 1373 1886 Filium
1393 1867 1453 1886 eum
1469 1859 1548 1887 Patre
1560 1867 1620 1887 esse
1630 1868 1725 1887 vertnn

944 1904 1009 1932 illud
1033 1904 1135 1938 lumen,
1152 1905 1224 1939 quod
1239 1905 1309 1932 Deus
1324 1910 1364 1932 est
1375 1926 1382 1936 ,
1396 1905 1441 1933 cui
1455 1905 1550 1932 collata
1570 1913 1659 1940 parvae
1684 1905 1729 1932 in-

944 1956 1003 1978 star
1021 1949 1144 1978 scintillae
1161 1954 1203 1977 est
1218 1950 1275 1985 ipsa
1287 1951 1353 1978 solis
1367 1951 1422 1978 lux.
1436 1950 1485 1984 Qui
1499 1956 1526 1978 et
1539 1951 1606 1978 Filio
1615 1952 1726 1986 perinde

945 2003 976 2023 ac
995 1995 1067 2022 Patri
1087 2002 1217 2029 expresse
1240 1996 1336 2023 tribuit
1367 1996 1541 2024 inenarrabili
1566 1997 1724 2032 pmstanlia

943 2041 1140 2077 praecellentem
1158 2042 1325 2069 divinitatem
1342 2061 1350 2073 ,
1383 2049 1442 2076 quae
1475 2037 1611 2070 ereatd'ras
1631 2050 1725 2070 omnes

946 2088 1106 2115 immensum
1129 2092 1249 2122 superat.
1264 2087 1376 2115 Demum
1398 2088 1460 2115 hinc
1474 2088 1570 2114 iterum
1592 2087 1726 2114 concludit

946 2134 1028 2161 Deum
1046 2134 1151 2161 Patrem
1169 2133 1282 2168 ejusque
1294 2133 1461 2167 unigenitum
1488 2133 1597 2164 Filium,
1628 2133 1725 2167 spretis

945 2185 1075 2215 quantum
1092 2180 1125 2206 ad
1139 2179 1321 2207 adorationem
1338 2179 1445 2212 attinet,
1467 2179 1540 2210 sole,
1556 2179 1628 2210 luna,
1645 2183 1726 2205 cane-

112 2231 162 2258 Hic
176 2236 267 2266 aperte
283 2231 347 2258 dicit
363 2231 494 2265 Origenes
521 2230 688 2265 Sapientiam
715 2231 771 2258 sive
794 2231 892 2258 Filium
908 2243 932 2270 D
948 2227 1041 2261 risque
1052 2226 1112 2254 cceli
1126 2225 1284 2257 luminibus,
1299 2224 1370 2252 solos
1383 2225 1491 2258 (nempe
1505 2225 1532 2251 in
1549 2225 1651 2251 unitate
1665 2224 1727 2257 Spi-

111 2277 160 2304 Dei
170 2284 229 2304 esse
243 2277 331 2303 lucem
344 2276 417 2302 illam
434 2283 536 2307 veram,
557 2276 644 2302 lucem
661 2275 764 2308 mundi,
786 2280 894 2304 ποίει-ηαξ

111 2321 180 2348 lucis
198 2321 384 2356 splendorem;
397 2327 475 2354 quem
491 2320 658 2352 Christiani,
678 2319 806 2354 neglectis
824 2320 893 2352 sole,

113 2366 188 2396 luna,
203 2367 362 2400 exterisque
381 2365 440 2392 ρωιί
458 2365 616 2396 luminibus,
633 2365 692 2392 ideo
709 2365 807 2397 colant,
824 2365 895 2399 quod

113 2412 201 2438 edocti
218 2412 273 2438 sint
291 2412 315 2438 in
332 2412 406 2439 cultu
421 2419 470 2438 suo
481 2419 587 2438 munem
599 2416 752 2438 creaturam
763 2417 894 2444 generose

115 2456 317 2484 transcendere.
333 2457 407 2484 Unde
423 2455 669 2483 manifestissimum
686 2461 727 2483 est
737 2456 893 2490 neutiquam

113 2511 174 2531 cum
190 2503 253 2530 Ario
269 2504 417 2530 somniasse
431 2503 589 2537 Origenem,
606 2501 702 2528 Filium
718 2502 763 2528 Dei
778 2501 848 2528 inter
862 2500 896 2527 τὰ

113 2549 339 2586 δημιουργήματα
356 2550 413 2576 sive
438 2556 480 2577 res
506 2553 614 2576 creatas
639 2548 800 2575 censendum
825 2554 896 2575 esse.

115 2597 182 2624 Bern
199 2596 268 2623 hanc
280 2596 368 2623 adlmc
383 2595 543 2623 luculentius
561 2594 676 2628 explicat
687 2593 765 2628 paulo
779 2598 838 2628 post
856 2593 898 2620 his

114 2643 204 2670 verbis
221 2650 295 2670 nttm.
309 2642 351 2672 Η,
370 2650 396 2676 p.
415 2641 465 2668 585
483 2651 488 2668 :
502 2641 556 2668 Καὶ
570 2640 663 2676 ὥσπερ
676 2640 711 2673 οἱ,
724 2639 767 2666 διὰ
786 2639 815 2666 τὸ
838 2638 895 2674 φῶς

114 2688 242 2724 αἰσθητὸν
267 2688 314 2715 καὶ
342 2687 464 2723 οὐράνιον
484 2685 564 2719 εἶναι,
587 2685 799 2721 προσκυνοῦντες
808 2685 893 2720 ἥλιον,

95 2731 99 2741 ’
114 2733 162 2760 καὶ
177 2733 300 2768 σελήνην,
316 2733 362 2758 καὶ
376 2731 470 2766 ἄστρα,
486 2732 535 2757 οὐκ
549 2732 580 2758 ἂν
594 2731 808 2766 προσκυνήσαιεν
824 2737 896 2755 σπιν-

114 2779 188 2815 θῆρα
203 2779 295 2814 πυρὸς,
306 2778 324 2813 ἢ
336 2777 430 2812 λύχνον
446 2777 491 2803 ἐπὶ
506 2778 691 2813 γῆς,ὀρ‹ἶ)ντες
706 2777 754 2811 τὴν
769 2776 898 2812 ἀσύγκρι-

153 2879 176 2895 ¹¹
191 2878 268 2906 Joan.
286 2886 305 2912 ι,
317 2879 343 2906 9.
376 2879 398 2895 ⁵³
410 2874 486 2905 Joan.
502 2885 559 2909 \‘Ill,
576 2877 620 2904 12.

948 2273 1016 2299 ritus
1027 2272 1127 2304 sancti,
1140 2272 1211 2306 quod
1229 2271 1285 2306 ipse
1299 2270 1428 2305 Origenes
1445 2270 1507 2297 alibi
1525 2271 1656 2306 agnoscit)
1684 2272 1726 2298 di-

949 2318 1011 2344 vino
1025 2317 1095 2345 cultu
1109 2317 1280 2344 honorandos
1294 2324 1363 2344 esse.
1381 2317 1480 2344 lbidem
1493 2336 1501 2348 ,
1525 2317 1619 2351 paucis
1639 2317 1724 2344 inter-

945 2364 1035 2397 iectis,
1047 2363 1084 2389 ait
1097 2371 1169 2390 num.
1182 2363 1225 2395 12,
1245 2371 1270 2397 p.
1282 2361 1344 2393 586,
1360 2363 1441 2388 ltcnm
1463 2361 1566 2388 Patrem
1583 2369 1635 2388 non
1653 2370 1727 2388 τοπι-

947 2408 1003 2439 κῶς
1023 2408 1150 2440 localiter,
1169 2413 1261 2443 utpote
1274 2408 1449 2439 immensum,
1464 2414 1550 2441 neque
1565 2406 1623 2434 loco
1640 2407 1727 2433 inclu-

947 2450 1017 2485 sum,
1033 2453 1080 2480 sed
1097 2453 1282 2488 προνοητικῶς
1296 2461 1341 2487 per
1361 2453 1548 2487 prouidentiam
1560 2453 1724 2480 condescen-

946 2499 1010 2525 dere
1028 2498 1181 2525 hominibus
1196 2506 1245 2532 pro
1262 2506 1310 2525 sua
1326 2498 1463 2525 bonitate:
1480 2496 1577 2524 Filium
1598 2504 1662 2524 vero
1679 2497 1726 2524 Dei

946 2552 999 2572 non
1024 2543 1109 2571 solum
1127 2547 1190 2569 tunc
1204 2551 1265 2570 cum
1281 2544 1352 2571 inter
1370 2543 1492 2570 homines
1503 2543 1622 2578 degeret,
1636 2542 1683 2569 sed
1698 2547 1726 2569 et

945 2595 1051 2623 semper
1073 2587 1131 2615 suis
1144 2588 1237 2615 adesse
1258 2589 1415 2623 discipulis;
1446 2593 1474 2616 et
1498 2596 1663 2623 quanquam,
1693 2596 1727 2616 ex

947 2635 1051 2661 inllnita
1069 2640 1132 2668 erga
1158 2633 1304 2660 humanum
1323 2642 1407 2668 genus
1434 2635 1576 2667 charitale,
1599 2634 1726 2668 dignatus

950 2685 993 2707 est
1010 2680 1090 2706 etiam
1108 2679 1227 2710 τοπικῶς
1257 2679 1395 2706 nobiscum
1420 2680 1446 2706 in
1473 2685 1608 2715 assumpta
1633 2685 1728 2707 natura

951 2728 1065 2754 humana
1084 2726 1204 2759 versari;
1222 2730 1311 2753 tamen
1335 2727 1445 2753 omnino
1474 2727 1612 2763 πανταχοῦ
1635 2727 1728 2762 ubique

949 2778 1108 2808 praesentem
1138 2780 1206 2801 esse.
1231 2772 1332 2805 Quibus
1349 2772 1452 2806 positis,
1471 2773 1568 2801 deinde
1580 2781 1643 2810 _pro
1657 2773 1729 2802 cultu
