1908 3071
211 135 279 163 1295

928 136 1140 164 ΕΧυΕΙιΡΤυΜ

1755 137 1814 166 H96

210 193 295 221 solius
324 194 370 222 Dei
401 193 490 222 Patris
517 194 629 229 ejusque
655 193 785 230 unigeniti
810 193 884 228 Filii,
901 200 993 223 contra
1011 202 1032 226 Α
1047 196 1124 227 Θεὸν,
1140 195 1245 223 neseire
1261 203 1312 222 non
1330 199 1436 231 poterat
1457 194 1585 228 Sandius,
1608 194 1764 223 luculentam
1781 206 1815 224 re-

210 239 395 266 ndorationem
413 239 543 266 luminum
563 239 714 266 ctelestiurn
727 259 735 271 ,
753 239 789 266 ita
819 240 998 267 ratiocinatur

211 285 326 312 ibidem:
338 285 452 311 Ἄτοπον
462 284 491 311 δέ
501 285 569 317 ἐστι,
591 284 638 311 τοῦ
652 284 844 320 πληρώσαντος
858 285 904 312 τὸν
918 286 998 321 οὐρα-

210 329 264 362 νὸν,
280 330 328 356 καὶ
334 329 383 365 τὴν
395 330 457 365 γῆν,
469 330 516 357 καὶ
524 330 655 363 εἰπόντος,
666 330 738 365 Οὐχὶ
748 330 800 357 τὸν
811 330 939 365 οὐρανὸν
948 331 997 357 καὶ

209 375 268 409 τὴν
277 374 335 410 γῆν
346 375 404 410 ἐγὼ
412 375 516 410 πληρῶ
523 384 532 408 ;
539 375 620 411 λέγει
628 376 747 412 Κύρίος,
756 377 830 408 ὄντος
839 376 898 411 μεθ’
909 376 997 412 ἡμῶν,

210 421 257 448 καὶ
277 421 391 456 πλησίον
410 422 476 457 ἡμῖν
502 422 680 457 τυγχάνοντος
705 421 834 457 (πιστεύω
850 422 903 458 γὰρ
925 422 999 457 αὐτῷ

204 463 327 500 Δλέγοντι,
340 467 411 500 Θεὸς
424 465 543 501 ἐγγίζων
554 466 611 502 ἐγώ
619 467 687 501 ειμι,
700 466 749 493 καὶ
763 467 798 493 οὺ
809 466 881 499 Θεὸς
890 465 999 499 πόῤῥω-

208 513 273 544 θεν,
289 511 370 546 λέγει
384 512 512 547 Κύριος),
528 511 619 548 ζητεῖν
634 511 760 547 εὔχεσθαι
770 511 809 547 τῷ
820 511 858 546 μὴ
871 510 998 546 φθάνοντι

208 557 257 584 ἐπὶ
278 557 313 584 τὰ
333 557 480 594 σύμπαντα.
505 557 613 594 ἡλίῳ,ἢ
634 557 771 594 acim-9,51
782 565 835 584 τινι
847 556 902 583 τῶν
919 556 999 584 ἀστέ-

203 611 277 640 ρων,
294 603 319 631 id
332 608 384 637 est,
402 612 414 630 ι
430 603 585 631 Absurdum
608 608 697 630 autem
712 607 801 636 esset,
818 610 879 630 cum
897 602 932 636 is,
952 602 998 638 qui

209 649 310 677 cmlum
333 653 360 677 et
374 654 472 677 terram
491 650 584 684 implet
601 669 610 682 ,
624 649 728 681 dicens,
745 647 841 676 Nonne
862 648 955 675 caelum
974 652 999 675 et

210 699 308 723 terram
324 694 470 730 egoimpleo
481 695 494 722 1
511 695 547 722 ait
561 694 737 727 Dominus";
754 694 831 722 nobis
853 698 951 730 praesto
962 694 998 721 sit

199 743 238 766 et
254 739 281 768 in
296 739 418 774 proximo
445 739 591 773 (credimus
618 739 690 766 enim
722 739 840 770 dicenti,
866 738 936 766 Deus
952 747 998 773 ap-

203 785 388 821 -.propinquans
402 794 448 821 ego
463 795 534 819 sum,
546 794 598 814 non
619 786 688 814 Deus
708 787 880 822 longinquus,
898 787 936 813 ait
947 785 1000 812 Do-

213 832 301 859 minus
322 831 357 868 ")
380 839 511 867 quaerere,
541 832 585 860 cui
607 837 669 859 vota
698 832 793 865 facias,
808 839 865 859 non
891 838 998 865 semper

1049 241 1220 276 sponsionem
1246 241 1394 268 reddidisse
1407 240 1450 268 Cl.
1471 240 1595 268 lluetium
1613 241 1761 276 Origenian.
1776 243 1814 270 lib.

1050 295 1080 319 ιι,
1094 292 1187 321 qumst.
1200 286 1227 319 Ξ,
1244 294 1318 313 num.
1331 287 1376 319 25,
1393 294 1452 321 pag.
1469 286 1530 318 l5l,
1548 295 1558 312 ι
1573 285 1713 321 Origenes,
1728 287 1815 321 inquit,

1051 339 1111 358 cum
1126 330 1223 358 Filium
1237 330 1351 366 appellat
1363 321 1476 366 γενητὸν
1490 331 1566 363 Θεόν,
1586 331 1625 358 sic
1646 332 1734 366 accipe
1752 341 1759 358 :
1779 334 1816 367 qui

1049 377 1209 412 principium
1226 377 1266 404 sui
1290 376 1369 403 habet
1396 381 1422 404 et
1446 376 1594 403 cxsistendi
1617 376 1740 403 initium:
1759 377 1818 404 Filio

1049 423 1155 457 quidem
1175 430 1317 450 commune
1334 426 1374 449 est
1396 429 1457 449 cum
1481 422 1592 455 creatis,
1608 423 1648 449 sui
1667 422 1817 457 principium

1049 476 1080 496 ac
1093 468 1224 503 originem
1242 467 1352 499 habere,
1370 467 1515 494 cmanandi
1535 472 1623 494 autem
1637 475 1669 494 ex
1689 467 1734 495 illo
1753 469 1818 502 pria-

1049 515 1119 551 cipio
1132 522 1163 541 ac
1180 513 1327 549 prodeundi
1348 512 1417 540 ratio
1437 513 1517 548 plane
1537 513 1643 541 diversa
1661 519 1722 541 est:
1737 514 1816 548 prodit

1049 560 1121 587 enim
1141 557 1225 586 Filius
1244 566 1291 594 per
1305 558 1508 593 generationem
1526 563 1674 591 aeternam;
1697 559 1818 593 prodeunt

1049 610 1148 633 creata:
1163 613 1205 632 res
1221 612 1270 640 per
1290 604 1479 639 temporariam
1502 604 1726 632 creationem.....
1741 604 1820 639 Atque

1050 650 1087 678 ita
1109 649 1192 677 Filius
1214 648 1267 677 dici
1291 653 1379 684 potest
1402 647 1552 684 ἀγένητος,
1577 649 1621 684 qui
1645 651 1680 677 ab
1697 649 1748 676 alio
1771 656 1817 691 non

1050 695 1132 724 habet
1151 701 1179 722 ut
1196 696 1249 730 sit,
1262 702 1357 730 nempe
1379 699 1504 730 tanquam
1525 703 1592 730 opus
1608 703 1655 723 seu
1677 703 1720 723 res
1744 695 1820 730 facta,

1050 741 1091 768 vel
1117 745 1243 776 tanquam
1271 748 1315 768 res
1340 745 1451 767 creata:
1467 746 1494 767 et
1509 741 1638 775 γενητός,
1660 741 1707 776 qui
1729 741 1761 768 ab
1777 741 1821 769 alio

1051 786 1132 814 habet
1152 791 1179 813 ut
1194 787 1240 818 sit,
1259 793 1355 821 nempe
1372 790 1499 821 tanquam
1515 794 1558 814 res
1581 787 1672 822 genita
1688 792 1717 814 et
1738 786 1820 815 Filius.

1051 833 1096 859 Sic
1109 832 1255 868 Origenes,
1273 832 1317 867 qui
1339 831 1452 867 γενητὸν
1476 832 1544 859 Θεόν
1563 832 1713 867 appellasse
1737 832 1821 861 Filium

206 877 315 912 -ubique
341 882 501 914 praesentem
528 878 629 911 solem.
648 878 738 906 lunam
758 883 805 906 aut
821 877 925 905 stellam
952 877 999 903 ali-
1014 869 1034 897 Β
1051 876 1401 909 inslmulatur......Filium
1425 882 1513 904 tamen
1529 877 1662 913 ἀγένητον
1685 883 1761 906 vocat
1782 879 1820 907 lib.

206 930 303 958 quem.
323 932 332 949 ι

247 967 316 1004 §IX.
332 967 359 995 In
373 967 442 995 libro
453 972 531 995 sexto
541 968 659 995 divinam
676 974 787 1002 prorsus
804 967 999 1002 atqueincrea-

210 1018 265 1042 tam
283 1014 342 1042 Filii
360 1014 405 1041 Dei
423 1018 545 1041 naturam
554 1014 646 1041 verbis
660 1014 734 1040 hisce
748 1013 820 1040 omni
833 1013 892 1040 luce
904 1014 999 1040 clario-

208 1059 290 1087 ribus
307 1058 451 1086 conﬁrmat
481 1065 556 1086 num.
570 1058 615 1092 Π,
636 1066 696 1094 pag.
710 1057 763 1086 645
779 1067 785 1085 ;
810 1058 878 1085 Οὔτε
889 1058 942 1094 γὰρ
954 1059 999 1085 τὸν

209 1104 342 1141 ἀγένητον
362 1104 409 1131 καὶ
433 1104 523 1140 πάσης
551 1103 668 1140 γενητῆς
692 1103 800 1139 φύσεως
830 1104 999 1140 πρωτότοκον

209 1152 272 1178 κατ’
283 1151 361 1184 ἀξίαν
373 1150 471 1178 εἰδέναι
483 1159 524 1182 τις
534 1150 655 1183 δύναται,
669 1150 707 1183 ὼς
727 1152 742 1178 ὁ
762 1151 895 1187 γεννήσας
920 1151 1000 1178 αὐτὸν

208 1196 322 1232 Πατὴρ,
336 1195 398 1222 οὔτε
416 1196 462 1223 τὸν
483 1196 602 1232 Πατέρα,
622 1196 660 1228 ὡς
682 1197 697 1223 ὁ
708 1195 828 1232 ἔμψυχος
845 1197 930 1230 Λόγος
953 1197 1001 1223 καὶ

212 1241 293 1276 σοφία
309 1241 391 1268 αὑτοῦ
405 1242 452 1268 καὶ
466 1240 631 1277 ἁλήθεια,’ἰι1
645 1246 696 1275 est,
721 1251 730 1267 ι
748 1242 840 1276 Neque
852 1243 923 1269 enim
938 1249 999 1270 eum

206 1288 257 1323 qui
273 1287 359 1316 factus
373 1295 425 1315 non
437 1293 489 1320 est,
502 1294 528 1315 et
542 1293 646 1315 natura:
656 1288 744 1316 omnis
758 1287 836 1315 facta:
848 1293 889 1315 est
904 1288 1001 1324 primo-

213 1335 329 1370 genitus,
347 1335 490 1370 quisquam
509 1342 558 1369 pro
569 1334 702 1369 dignitate
719 1339 807 1369 potest
823 1342 916 1368 nosse,
930 1335 999 1362 sicut

210 1379 291 1408 Pater
308 1379 366 1415 ipse
390 1380 434 1414 qui
459 1380 574 1415 genuit:
598 1387 685 1415 neque
707 1379 815 1408 Patrem
846 1380 998 1416 quisquam,

211 1426 282 1453 sicut
297 1426 445 1453 animatum
458 1426 518 1461 ejus
536 1426 664 1459 Verbum,
683 1427 784 1455 veritas
799 1432 827 1455 et
838 1428 997 1462 sapientia.»

212 1472 440 1507 Hisce,inquam,
457 1472 548 1499 verbis
570 1471 712 1505 Origenes,
737 1477 865 1507 tanquam
891 1473 919 1500 in
935 1480 1000 1500 coa-

211 1525 287 1546 ses5u
302 1517 410 1544 Patrum
427 1517 597 1545 Nicanorum
613 1518 670 1551 ipse
683 1517 740 1551 jam
763 1519 891 1552 sedisset,
906 1524 998 1546 contra

211 1563 307 1590 Arium
320 1563 419 1590 diserte
440 1563 607 1597 pronuntiat.
626 1563 720 1590 Filium
745 1563 791 1591 Dei
805 1564 865 1591 οὐδὲ
876 1564 998 1600 ποιητὸν,

206 1608 272 1635 οὐδὲ
300 1608 419 1640 κτιστύν,
439 1616 520 1643 neque
547 1608 658 1642 factum,
678 1617 758 1644 neque
784 1615 901 1636 creatum
916 1617 997 1637 esse:

213 1655 288 1690 (nam
303 1659 447 1688 utrumque
462 1654 650 1689 complectitur
658 1662 706 1682 suo
719 1654 821 1682 ambitu
835 1662 887 1682 vox
901 1655 1000 1693 ἀγένη-

213 1700 280 1731 τος)
296 1699 376 1735 :quin
391 1704 419 1727 et
429 1699 535 1726 Patrem
547 1704 573 1727 et
588 1699 685 1727 Filium
701 1701 751 1728 sibi
769 1701 882 1728 invicem
898 1702 1000 1737 pariter

213 1745 480 1781 comprehensibiles,
490 1746 619 1773 creaturis
629 1753 694 1774 vero
703 1747 827 1774 omnibus
836 1754 948 1782 prorsus
957 1748 999 1775 in—

215 1790 471 1826 comprehensibiles
477 1798 548 1824 esse,
556 1798 683 1826 expresse
692 1792 867 1828 docetJiuius
873 1799 962 1822 autem
971 1795 1000 1822 il-

214 1839 306 1866 lustris
329 1838 380 1866 loci
403 1838 485 1866 ictum
504 1843 533 1866 ut
546 1839 643 1867 evadat
657 1839 791 1874 Sandius,
807 1841 882 1877 tingit
898 1846 999 1870 textum

215 1883 340 1918 Origenis
355 1883 544 1918 interpolatum
556 1884 601 1912 hic
614 1892 645 1912 ac
657 1887 831 1920 depravatum
846 1894 915 1915 esse.
928 1897 937 1914 ι
950 1887 1000 1915 Pe-

216 1929 316 1961 tavius,
339 1928 426 1963 inquit
450 1928 496 1956 lib.
513 1928 551 1955 De
564 1930 684 1964 scriptor.
707 1931 849 1960 ecclesiast.
873 1939 934 1967 pag.
954 1933 998 1963 55.

214 1976 314 2012 probat
330 1975 374 2004 lib.
395 1984 405 2004 ι
426 1975 464 2003 De
484 1975 590 2007 Trinit.,
613 1983 672 2010 cap.
684 1976 712 2008 5,
736 1984 811 2004 num.
825 1976 842 2004 5
856 1981 885 2004 et
905 1977 922 2005 6
942 1978 999 2012 (seu

214 2023 303 2057 potius
315 2029 373 2056 cap‘.
387 2021 415 2055 ὁ,
430 2029 504 2050 num.
518 2021 534 2048 6
547 2026 574 2048 et
587 2022 626 2056 7),
641 2021 728 2049 locum
742 2022 876 2057 Origenis,
891 2023 999 2058 quando

214 2066 262 2096 lib.
275 2074 301 2093 vt
322 2071 412 2094 contra
437 2065 551 2098 Celsum,
571 2066 668 2094 Filium
683 2067 814 2102 ἀγένητον
837 2071 925 2100 vocet,
940 2075 1000 2096 esse

214 2111 415 2147 interpolatum,
437 2118 470 2140 eo
488 2112 558 2146 quod
578 2112 743 2146 Epiphanius
766 2114 861 2140 haeres.
875 2113 1000 2149 Origenis

203 2157 392 2192 reprehendat
414 2164 491 2189 eum,
513 2157 583 2191 quod
602 2157 628 2184 in
649 2157 858 2186 Commentariis
877 2159 912 2187 ad
928 2160 1000 2194 psal-

214 2210 287 2230 mum
302 2211 320 2235 ι,
332 2203 429 2230 Filium
447 2203 548 2253 dixerit
558 2203 674 2239 γενητὸν
692 2204 788 2232 Deum.
801 2214 811 2231 ο
828 2205 880 2233 Sed
895 2213 947 2233 non
963 2206 998 2233 ibi
1016 2224 1037 2253 Β

213 2249 291 2281 dicit,
308 2249 404 2276 nedum
419 2249 517 2283 probat
531 2248 666 2283 Petavius,
687 2250 774 2278 locum
790 2251 860 2278 hunc
873 2251 998 2286 Origenis

215 2294 404 2329 interpolatum
424 2301 510 2322 esse:
533 2302 620 2330 neque
642 2296 664 2323 si
689 2296 726 2323 ita
749 2297 862 2324 dixisset
878 2296 996 2332 Jesuita,

213 2339 304 2375 suagni
320 2340 477 2367 aestimanda
500 2345 570 2367 esset
586 2340 644 2375 eius
667 2348 792 2370 censura.
816 2341 885 2370 Nam
910 2343 997 2371 Graeci

212 2386 323 2414 codices
340 2392 406 2412 mss.
417 2392 523 2418 omnes,
539 2391 669 2421 quotquot
685 2387 788 2422 uspiam
805 2388 904 2424 reperti
923 2393 996 2421 sunt,

214 2441 275 2460 cum
295 2432 405 2460 excusis
416 2432 614 2467 exemplaribus
629 2433 672 2460 hic
692 2433 871 2461 consentiunt.
887 2434 920 2461 Et
935 2442 997 2462 sen-

213 2478 297 2505 tentia
313 2477 392 2512 hujus
408 2477 462 2504 loci
481 2477 592 2504 omnino
607 2482 790 2505 consentanea
802 2482 845 2505 est
859 2479 992 2506 constanti

211 2523 342 2550 doctrinae
362 2523 457 2550 horum
477 2528 568 2549 contra
582 2521 685 2548 Celsum
703 2521 845 2555 librorum,
859 2523 884 2549 iu
901 2523 996 2557 quibus

210 2569 342 2604 Origenes
357 2569 378 2596 F
380 2569 455 2596 ilium
477 2569 525 2596 Dei
544 2575 559 2595 e
575 2575 656 2595 censu
674 2568 728 2595 τῶν
744 2568 993 2604 δημιουργημάτων

211 2617 312 2649 passim
326 2615 426 2643 diserte
442 2615 549 2647 eximit,
568 2618 597 2640 ut
611 2622 644 2640 ex
666 2615 828 2642 testimoniis
845 2615 900 2649 jam
915 2623 995 2650 supra

211 2668 227 2686 a
244 2660 320 2687 nobis
339 2660 476 2694 productis
494 2660 588 2693 liquet.
608 2659 647 2686 Ad
669 2659 694 2686 id
715 2667 778 2686 vero
791 2661 861 2694 quod
878 2667 912 2687 ex
933 2660 996 2695 Epi~

210 2706 311 2738 phanio
324 2705 415 2739 objicit
434 2705 569 2738 Petavius,
589 2712 687 2740 nempe
704 2705 848 2741 Origeuem
865 2706 891 2733 in
914 2706 995 2733 Com.

213 2751 345 2778 mentario
362 2752 393 2779 ad
409 2752 537 2787 psalmum
551 2759 570 2786 ι,
589 2751 687 2780 Fiiium
702 2751 747 2778 Dei
761 2752 862 2779 dixisse
879 2753 992 2787 γενητὸν

247 2837 375 2866 "Jerem.
394 2848 470 2872 uin,
489 2839 532 2869 it.
570 2843 594 2858 "
611 2843 677 2871 ibid.
690 2842 734 2870 25.
773 2843 795 2859 ⁸³
814 2842 891 2871 Joan.
908 2852 926 2876 ι,
942 2844 968 2870 l.

1048 931 1074 950 vr
1089 929 1180 964 cant-ra
1194 923 1273 954 ειη..
1292 931 1365 950 ιιιιιιι.
1379 923 1423 950 ΓΙ.
1439 932 1448 949 ι
1463 923 1545 950 Paulo
1557 930 1617 958 post
1631 924 1688 951 haec
1699 924 1822 960 subiungit

1050 967 1119 994 idem
1135 965 1249 994 Huetius
1262 975 1287 1000 p.
1302 967 1371 994 £52:
1386 977 1396 994 ‹
1410 967 1476 995 Cum
1491 966 1589 995 Filium
1601 968 1670 995 dixit
1682 968 1820 1004 (Origenes)

1049 1013 1177 1049 γενητόν,
1193 1013 1219 1040 id
1247 1014 1297 1040 sibi
1316 1013 1418 1047 voluit,
1442 1013 1542 1041 habere
1565 1014 1651 1049 ipsum
1678 1015 1720 1041 sui
1737 1015 1823 1049 princi-

1050 1060 1138 1094 pium;
1154 1064 1247 1086 contra
1271 1059 1450 1095 Hieronymus
1471 1061 1612 1095 exposuit,
1636 1067 1699 1088 esse
1723 1061 1821 1090 factum.

1049 1105 1149 1139 Nempe
1166 1105 1204 1132 sic
1217 1105 1297 1132 verba
1311 1105 1436 1139 Origenis
1452 1105 1478 1133 in
1496 1107 1641 1141 pessimum
1659 1115 1767 1135 sensum
1780 1112 1824 1135 tra-

1051 1151 1115 1179 here
1140 1152 1257 1179 amabat.
1282 1152 1319 1178 ita
1340 1152 1503 1187 Epiphanius
1522 1154 1616 1181 haeres.
1638 1161 1714 1186 Lm,
1735 1162 1789 1189 cap.
1801 1155 1824 1187 8,

1051 1197 1124 1224 vocis
1146 1197 1258 1233 γενητός
1279 1205 1355 1225 usum
1379 1198 1406 1226 in
1424 1198 1485 1227 aliis
1507 1200 1682 1234 probaturum
1705 1208 1735 1228 se
1754 1201 1824 1233 dicit,

1051 1242 1077 1270 in
1097 1243 1211 1277 Origene
1227 1244 1368 1271 damnare.
1384 1253 1393 1269 ι
1412 1243 1492 1272 Plura
1509 1245 1560 1272 hac
1575 1245 1607 1272 de
1624 1253 1655 1273 re
1679 1246 1748 1281 apud
1764 1246 1825 1274 l-lue—

1051 1289 1116 1316 tium
1137 1288 1234 1316 ibidem
1255 1289 1335 1325 legas.
1356 1291 1410 1325 Ego
1432 1292 1466 1318 ad
1486 1291 1569 1319 libros
1600 1292 1727 1327 Origenis
1744 1298 1824 1319 contra

1051 1335 1154 1362 Celsum
1170 1335 1258 1363 redeo.
1273 1335 1301 1362 ln
1320 1337 1414 1364 eodem
1437 1337 1506 1365 libro
1532 1343 1609 1365 sexto
1624 1338 1727 1366 dicenti
1743 1338 1822 1370 Celso,

1051 1380 1133 1408 Deum
1158 1388 1244 1416 neque
1271 1382 1376 1410 ratione
1400 1389 1461 1410 esse
1485 1384 1774 1419 comprehensibilem,
1793 1385 1826 1410 sic

1052 1428 1195 1463 respondet
1216 1428 1346 1463 Origenes
1361 1438 1434 1459 ιιιιιιι,
1447 1430 1492 1463 65,
1513 1438 1574 1466 pag.
1593 1431 1644 1458 682
1660 1440 1667 1458 ε
1682 1430 1826 1457 Ama-tmo-

1052 1482 1100 1510 μαι
1118 1474 1148 1501 τὸ
1166 1474 1381 1510 σημαινόμενον,
1402 1476 1447 1502 καί
1469 1484 1555 1512 φημι,
1574 1477 1597 1502 εἰ
1628 1476 1680 1512 μὲν
1709 1477 1776 1511 λόγῳ
1794 1485 1827 1511 rip

1051 1520 1080 1546 ὲν
1096 1521 1172 1556 ἡμῖν,
1193 1521 1247 1548 εἴτε
1264 1522 1294 1548 ὲν
1309 1521 1433 1557 διαθὲτῳ,
1450 1522 1506 1548 εἴτε
1525 1522 1572 1548 καὶ
1593 1522 1765 1558 προφορικῷ·
1788 1523 1826 1548 ml

1051 1566 1130 1602 ἡμεῖς
1153 1567 1290 1603 φήσομεν,
1313 1568 1353 1595 ὅτι
1376 1568 1425 1595 οὐκ
1443 1568 1516 1594 ἔστιν
1542 1569 1650 1602 ἐφικτὸς
1677 1568 1717 1604 τῷ
1735 1569 1799 1603 λόγῳ
1814 1568 1827 1594 6

1050 1611 1124 1643 Θεός.
1139 1612 1170 1638 El
1187 1613 1214 1639 δὲ
1230 1614 1374 1649 νοήσαντες
1387 1613 1427 1645 τὸ,
1443 1614 1491 1640 ‘Er
1503 1613 1581 1648 ἀρχῇ
1593 1612 1632 1648 ἦν
1644 1616 1662 1640 ὁ
1675 1615 1775 1649 Λόγος,
1785 1613 1826 1641 καὶ

1050 1659 1067 1684 ό
1079 1659 1174 1692 Λόγος
1185 1656 1224 1693 ἦν
1236 1658 1311 1693 πρὸς
1326 1659 1409 1693 Θεὸν,
1418 1659 1464 1686 καὶ
1480 1659 1551 1692 Θεὸς
1565 1658 1603 1696 ἦν
1616 1661 1632 1686 ό
1644 1660 1750 1695 Λόγγος
1766 1660 1826 1687 ἀπο-

1051 1703 1217 1738 φαινόμεθα,
1243 1704 1284 1731 ὃτι
1309 1705 1395 1741 τούτῳ
1421 1704 1460 1740 τῷ
1485 1705 1556 1741 λόγῳ
1589 1706 1700 1741 ὲφικτός
1726 1707 1794 1732 ἐστιν
1813 1705 1827 1732 ὸ

1051 1749 1130 1781 Θεὸς.
1152 1749 1180 1777 ld
1199 1755 1258 1782 cst.
1277 1759 1286 1776 ι
1310 1751 1448 1785 Distingue
1467 1752 1644 1787 signiﬁcatum
1668 1758 1696 1780 et
1720 1754 1789 1784 dico,
1806 1752 1825 1778 si

1052 1795 1214 1829 intelligatur
1234 1797 1267 1823 de
1292 1797 1405 1831 ratione,
1419 1805 1480 1832 quae
1504 1798 1544 1825 vel
1565 1798 1665 1825 inserta
1685 1803 1727 1826 est
1747 1799 1824 1829 nobis,

1050 1840 1092 1868 vel
1108 1849 1123 1869 e
1141 1842 1218 1869 nobis
1233 1850 1262 1870 se
1283 1843 1381 1875 exerit,
1398 1843 1449 1871 hac
1464 1851 1517 1870 non
1532 1851 1593 1872 esse
1616 1844 1700 1872 Deum
1715 1852 1823 1879 compre-

1051 1886 1219 1914 hensibilem.
1245 1887 1292 1915 Sin
1315 1887 1349 1915 de
1365 1887 1421 1921 illa,
1445 1896 1506 1923 qua:
1524 1893 1582 1916 erat
1606 1890 1632 1916 in
1650 1889 1790 1924 principio,
1803 1894 1825 1915 ct

1050 1937 1109 1960 erat
1122 1932 1193 1967 apud
1215 1933 1297 1960 Deum
1309 1954 1317 1967 ,
1336 1938 1363 1960 et
1384 1933 1442 1968 ipsa
1465 1939 1525 1962 erat
1542 1935 1657 1968 Deus",
1673 1935 1760 1963 aimus
1782 1934 1824 1961 hac

1050 1978 1134 2006 Deum
1156 1986 1215 2006 esse
1231 1980 1514 2015 comprehensibilem.
1529 1990 1544 2008 »-
1564 1981 1673 2009 Scilicet
1696 1983 1764 2009 Deus
1780 1981 1823 2008 nisi

1050 2030 1065 2050 a
1083 2024 1153 2057 Deo;
1172 2025 1243 2058 quod
1261 2024 1392 2052 inﬁnitum
1406 2030 1458 2058 est,
1475 2025 1526 2054 nisi
1539 2026 1573 2053 ab
1590 2026 1696 2054 intinito
1713 2033 1823 2062 compte.

1050 2068 1129 2096 bendi
1155 2077 1208 2096 non
1232 2074 1337 2105 potest;
1366 2070 1436 2097 unde
1460 2071 1583 2106 sequitur
1605 2071 1652 2098 τὸν
1675 2071 1763 2106 λόγον,
1785 2070 1821 2106 qui

1051 2113 1134 2141 Deum
1157 2114 1244 2142 valeat
1263 2114 1507 2149 comprehendere,
1532 2116 1618 2151 ipsum
1642 2124 1705 2145 esse
1729 2116 1821 2146 Deum;

1051 2159 1121 2193 quod
1136 2163 1162 2187 et
1183 2160 1208 2186 in
1226 2160 1349 2187 terminis
1364 2160 1494 2195 Origenes
1508 2168 1568 2188 cum
1590 2161 1694 2189 Joanne
1718 2168 1821 2195 evange-

1052 2205 1111 2232 lista
1135 2206 1262 2234 aliirmat.
1287 2205 1370 2239 Quam
1396 2206 1447 2234 hnc
1473 2206 1603 2242 Origenes
1627 2208 1819 2242 pronuntiatqu

1051 2252 1159 2279 Ariana:
1185 2252 1358 2288 blasphemiae
1375 2259 1408 2279 ex
1428 2253 1562 2280 diametro
1584 2259 1730 2289 repugnet,
1754 2259 1822 2281 nemo

1051 2302 1092 2326 est
1105 2298 1150 2333 qui
1164 2305 1216 2326 n0n
1230 2298 1326 2326 videat.
1342 2300 1415 2328 Dixit
1427 2301 1498 2328 enim
1513 2300 1594 2328 Arius
1614 2301 1639 2328 in
1658 2301 1728 2328 libro
1741 2299 1821 2326 Thalia

1051 2343 1180 2378 inscripto
1200 2344 1351 2378 (referente
1372 2346 1523 2374 Athanasio
1545 2347 1572 2373 in
1597 2346 1643 2373 lib.
1657 2346 1696 2373 De
1715 2346 1820 2381 agam).

1057 2388 1186 2416 Ἀδύνατα
1208 2388 1265 2425 Υἱῷ
1291 2390 1336 2418 τὸν
1354 2391 1473 2426 Πατέρα,
1496 2390 1660 2426 ὲξιχνιάσαι,
1682 2389 1736 2422 οἷός
1759 2391 1821 2416 ἐστιν

1050 2435 1093 2469 ἐφ’
1112 2435 1224 2462 ἑαυτοῦι
1245 2437 1325 2469 αὐτὸς
1348 2436 1402 2473 γὰρ
1425 2437 1439 2464 ὀ
1465 2437 1529 2469 Υἱὸς
1553 2437 1601 2474 τὴν
1620 2437 1717 2463 ἑαυτοῦ
1740 2435 1819 2463 οὐσίαν

1049 2482 1099 2508 οὐκ
1123 2479 1202 2515 οἶδεν,
1222 2482 1247 2510 id
1266 2487 1306 2509 est
1323 2502 1331 2516 ,
1355 2492 1365 2509 ‹
1379 2483 1508 2510 Possibile
1531 2484 1602 2510 enim
1628 2491 1681 2510 non
1697 2487 1739 2509 est
1762 2480 1819 2507 Filio

1050 2527 1214 2561 invesﬁgare
1242 2527 1360 2558 Patrem,
1390 2528 1477 2562 qualis
1501 2528 1529 2555 in
1557 2527 1647 2563 seipso
1671 2531 1724 2558 est,
1747 2525 1819 2554 Filius

1054 2572 1152 2607 quippe
1169 2580 1244 2599 suam
1268 2573 1325 2608 ipse
1347 2574 1490 2600 essentiam
1515 2581 1568 2600 non
1594 2573 1676 2600 novit.
1692 2582 1702 2598 ι
1722 2572 1766 2599 llis
1780 2577 1818 2605 ge-

1049 2619 1121 2643 mina
1141 2622 1213 2649 sunt,
1231 2625 1289 2651 qua:
1303 2622 1363 2651 post
1394 2617 1596 2651 aliquammulta
1611 2618 1636 2644 in
1653 2617 1743 2645 eodem
1760 2616 1818 2643 libro

1048 2669 1076 2688 vt
1094 2667 1183 2690 contra
1201 2662 1314 2694 Celsum,
1329 2671 1403 2690 num.
1417 2663 1461 2696 68,
1478 2671 1504 2698 p.
1520 2663 1581 2696 684,
1599 2668 1761 2698 sequuntur:
1777 2661 1816 2691 Τίς

1048 2707 1076 2733 δὲ
1099 2706 1175 2738 ἄλλος
1196 2708 1280 2734 σῶσαι
1298 2709 1344 2734 καὶ
1364 2710 1546 2745 προσαγαγεῖν
1562 2708 1600 2743 τῷ
1621 2709 1666 2735 ὲπὶ
1687 2709 1751 2735 πᾶσι
1767 2705 1816 2740 Θεῴ

1046 2753 1155 2780 δύναται
1168 2754 1217 2790 τὴν
1235 2754 1281 2781 τοῦ
1301 2755 1442 2790 ἀνθρώπου
1461 2755 1559 2790 ψυχὴν,
1578 2756 1593 2791 ἢ
1616 2756 1631 2782 ὁ
1648 2755 1712 2786 Θεὸς
1729 2755 1814 2787 Λόγοῇ
