1908 3071
93 135 165 164 ηοτ

91 193 164 222 iatn;
191 192 220 217 ὲν
240 190 310 226 ἀρχῇ
330 191 398 226 πρὸς
417 191 463 217 τὸν
484 190 549 218 Θεὸν
570 191 619 223 ὢν,
639 192 682 218 διὰ
697 193 758 223 τοὺς
777 192 871 226 κθλλη-

89 237 186 268 θέντας
201 237 234 272 τῇ
251 237 331 271 σαρκὶ
344 237 391 263 καὶ
417 237 577 272 γενομένους
589 239 656 271 ὅπερ
670 238 747 273 σὰρξ,
763 238 870 272 ἐγένετο

88 282 175 316 σὰρξ,
201 282 244 308 ἵνα
268 281 377 318 χωρηθῇ
402 282 454 308 ὑπὸ
478 282 532 309 τῶν
557 283 593 318 μὴ
612 283 766 318 δυναμένων
788 283 869 310 αὑτὸν

89 326 202 360 βλέπειν
221 325 287 352 καθὸ
307 326 391 362 Λόγος
420 324 468 361 ἦν,
494 327 540 353 καὶ
566 327 633 361 πρὸς
663 327 728 354 Θεὸν
756 325 800 362 ἦν,
823 328 869 354 καὶ

88 371 156 402 θεὸς
171 369 215 406 ἦν,
236 371 261 398 id
279 375 336 403 est,
352 371 437 404 tQuis
459 373 529 399 enim
554 372 622 400 alius
647 373 733 400 valeat
749 381 869 406 servare,

88 420 117 442 «ιι
134 417 167 442 ad
188 417 270 442 Deum
293 416 356 450 Opt.
379 415 449 443 Max.
474 416 618 443 humanam
645 417 764 443 animant
783 417 869 444 addu-

88 467 166 491 cere,
184 467 264 494 quam
284 460 353 488 Deus
377 460 511 488 Verbum?
530 461 574 495 qui
602 466 662 488 cum
689 462 713 489 in
739 461 870 497 principio

91 507 164 540 apud
181 505 264 532 Deum
281 511 363 539 esset,
380 510 489 541 propter
502 507 576 533 carni
591 508 756 534 cohzcrenles
768 511 796 534 et
811 515 870 534 car-

91 551 169 578 nales
187 559 250 577 caro
266 549 353 577 l‘actus
369 556 420 583 est,
439 556 467 578 ut
484 556 623 585 caperetur
638 552 671 579 ab
687 552 730 583 iis.
745 559 759 578 a
773 551 870 587 quibus

89 596 192 630 alioqui
215 604 248 623 ne
264 596 347 623 videri
363 595 472 630 quidem
487 601 600 630 poterat,
617 597 642 624 in
657 602 786 631 quantum
805 597 870 624 Ver-

91 642 156 668 bum
170 645 244 674 erat,
264 645 292 669 et
314 642 384 676 apud
401 641 482 668 Deum
507 647 579 674 erat,
601 648 628 670 ct
652 642 720 670 Deus
743 643 868 670 erat".r

90 687 212 721 Denique
226 687 355 721 Origenes
370 695 431 714 mox
450 688 547 714 ibidem
566 688 662 715 Filium
676 689 742 716 dicit
762 688 870 723 perinde

91 739 125 760 ao
153 732 259 760 Patrem
287 741 411 768 magnum
445 740 525 768 atque
553 734 868 769 incotuprclseusibilem;

90 785 156 810 qum
174 781 203 804 et
221 776 327 804 Patrem
351 785 412 804 cum
432 777 567 812 unigenito
582 777 650 805 Filio
664 779 744 805 etiam
767 778 870 813 ningui-

93 822 213 849 tudinem
227 829 302 850 suam
322 823 535 850 communicasse
551 823 675 850 atiirtnat.
691 823 777 850 Verba
800 823 869 850 infra

92 867 266 894 commodiori
282 867 341 894 loco
355 867 459 902 integre
475 868 659 897 recitabimus.

131 911 195 947 εἰ.
220 910 308 945 Vides,
325 911 420 946 lector,
443 917 471 939 ut
491 912 619 947 Origenes
639 913 665 940 in
687 913 763 941 libris
779 917 870 940 contra

92 956 197 985 Celsum
213 957 266 992 (qui
282 965 315 984 ex
328 958 453 986 omnibus
481 958 539 994 ejus
551 959 660 994 scriptis
672 960 792 986 ontnium
810 967 872 986 con-

93 1009 186 1034 sensu,
219 1002 336 1030 maxime
358 1003 476 1038 genuini,
498 1003 557 1038 puri
578 1009 605 1031 et
623 1004 769 1039 incorrupti
792 1004 870 1039 sunt)

92 1055 184 1075 veram
208 1047 266 1076 Filii
284 1048 450 1076 divinitatem
475 1049 571 1084 smpius
599 1054 680 1084 atque
704 1050 871 1084 apertissime

92 1094 245 1122 cortlirmet.
270 1093 335 1127 Quis
358 1094 414 1130 jam
439 1095 634 1129 suspicaretur,
653 1103 686 1123 ex
711 1095 786 1123 hisce
807 1096 871 1130 ipsis

94 1140 170 1167 libris
182 1147 212 1167 ea
230 1140 318 1174 colligi
335 1140 470 1175 potuisse,
492 1148 551 1176 qua:
571 1141 676 1168 Arianae
699 1141 872 1176 blasphemize

93 1187 236 1222 Origeuem
258 1186 356 1214 favisse
376 1187 564 1214 ostenderent?
582 1186 709 1215 Petavius
732 1192 820 1215 tamen
834 1187 872 1215 De

94 1233 189 1261 Trinit.
213 1233 259 1260 lib.
278 1242 301 1266 t,
327 1241 387 1268 cap.
402 1233 435 1267 4,
459 1241 533 1260 num.
547 1233 574 1266 5,
594 1234 621 1261 id
643 1233 736 1269 objicit
764 1234 872 1270 Origeni

95 1284 224 1313 tanquam
238 1279 418 1306 Arianismunt
433 1279 550 1314 sapiens,
564 1280 635 1315 quod
651 1280 677 1307 in
694 1280 762 1308 libro
777 1288 801 1308 Vl
816 1289 874 1308 con-

91 1331 135 1351 tra
150 1324 264 1358 Celsum,
282 1332 356 1352 num.
371 1324 415 1357 60,
433 1332 493 1359 pag.
505 1325 567 1356 678,
581 1325 718 1360 scripserit
732 1335 739 1353 :
755 1326 807 1353 Τὸν
823 1327 873 1362 μὲν

92 1370 234 1406 προσεχιῖκ
253 1370 417 1406 δημιουργὸν
435 1368 503 1397 εἶναι
522 1369 568 1398 τὸν
587 1371 651 1398 Υῑὸν
672 1371 718 1398 τοῦ
739 1371 806 1399 Θεοῦ
823 1371 874 1398 Λό-

91 1425 157 1451 γον,
181 1415 227 1443 καὶ
255 1415 374 1451 ὡσπερεὶ
395 1415 542 1451 αὐτουργὸν
560 1415 607 1443 τοῦ
634 1416 753 1452 κόσμου·
773 1416 819 1443 τὸν
845 1416 873 1443 δὲ

91 1462 203 1499 Πατέρα
218 1461 264 1489 τοῦ
279 1461 364 1496 Λόγου
377 1461 415 1497 τῷ
430 1461 640 1498 προστεταχέναι
653 1462 692 1498 τῷ
707 1461 764 1498 Υἱῷ
777 1461 872 1489 ἑαυτοῦ

92 1507 182 1543 Λόγῳ,
198 1507 307 1543 ποιῆσαι
323 1506 368 1534 τδν
391 1507 502 1544 κόσμον,
522 1506 591 1535 εἶναι
608 1508 722 1544 πρώτως
745 1508 874 1544 δημιουρ-

93 1552 189 1588 γόν.Ιά
204 1558 262 1587 est,
276 1562 285 1579 t
299 1552 453 1581 Proximum
467 1554 556 1581 mundi
569 1554 692 1589 opiﬁcem
704 1561 763 1582 esse
776 1554 872 1581 Filium

96 1600 142 1627 Dei
160 1599 285 1632 Verbum,
302 1599 348 1635 qui
363 1599 435 1626 velut
450 1607 497 1634 per
510 1607 540 1628 se
560 1600 688 1628 mundum
712 1600 770 1634 ipse
795 1599 876 1626 l'abri-

94 1645 183 1672 earit:
198 1644 303 1672 Patrem
328 1651 392 1672 vero
411 1645 502 1678 Verbi,
522 1652 555 1673 eo
571 1646 639 1680 ipso,
655 1645 724 1680 quod
744 1645 812 1672 Filio
828 1652 875 1672 suo

95 1695 176 1724 atque
194 1689 282 1717 Verbo
298 1689 411 1725 jusserit
431 1691 558 1718 mundum
579 1690 678 1722 facere,
693 1697 753 1719 esse
776 1691 876 1724 prima-

96 1737 166 1763 rium
190 1736 346 1770 opiﬁcem.)
375 1737 427 1764 Sed
455 1736 588 1771 quomodo
619 1736 677 1763 Ilth
702 1735 874 1770 intelligenda

95 1782 160 1815 sint,
180 1781 236 1816 jam
254 1789 333 1816 supra
356 1782 461 1810 ostendi
478 1781 510 1809 de
533 1780 626 1809 lrenaei
643 1781 766 1809 doctrina
793 1789 876 1816 agens

97 1826 175 1860 hujus
197 1827 324 1854 sectionis
345 1835 404 1862 cap.
420 1826 447 1859 5,
464 1833 538 1853 num.
551 1825 583 1859 6,
603 1833 656 1861 quo
678 1825 808 1853 lectorem
832 1833 874 1852 re-

97 1872 183 1898 mitto.
198 1871 279 1899 Certe
290 1879 303 1899 a
322 1871 401 1899 Patre
419 1877 544 1906 tanquam
557 1878 662 1899 summo
680 1871 778 1906 Opiﬂce
796 1871 873 1906 quasi

97 1917 256 1952 imperante,
273 1925 321 1952 per
334 1917 432 1944 Filiqu
457 1917 545 1944 Patris
559 1917 707 1952 iussionem
724 1917 875 1950 acvolnn-

97 1967 180 1989 tatem
192 1967 381 1996 exsequentem
397 1965 495 1990 creata'
503 1963 585 1991 fuisse
599 1963 688 1991 omnia
699 1970 707 1996 ς
720 1963 787 1990 adeo
799 1963 873 1990 Aria-

97 2015 162 2034 num
180 2012 296 2041 nonest,
315 2012 344 2034 ut
358 2008 439 2035 etiam
453 2008 579 2036 catholici
600 2008 734 2042 doctores,
756 2009 801 2044 qui
816 2013 876 2043 post

96 2052 242 2079 concilium
262 2052 398 2080 Nicanum
422 2053 553 2086 vixerunt,
572 2053 671 2089 quique
688 2054 796 2082 Ariana
819 2054 875 2081 hae-

97 2097 168 2124 resis
185 2097 308 2125 acerrimi
329 2098 531 2133 itnpugnatores
547 2098 633 2132 fuere,
647 2100 746 2134 passim
766 2098 831 2127 illud
849 2100 875 2125 in

96 2142 206 2177 scriptis
221 2143 279 2171 suis
287 2142 420 2172 aﬁirmare
437 2152 489 2172 non
509 2144 564 2172 sint
577 2144 666 2178 veriti,
683 2149 711 2171 ut
728 2144 826 2171 ibidem
842 2151 876 2171 ex

98 2189 158 2224 ipso
180 2187 289 2217 Petavio
313 2190 492 2218 ostendimus.
517 2189 701 2225 Scriptoribus
724 2190 805 2218 isthic
827 2190 875 2217 ad-

97 2234 184 2262 ductis
203 2235 269 2262 libet
289 2235 332 2262 hic
353 2243 434 2262 tttntm
456 2235 586 2262 Hilarium
605 2235 761 2270 adjungere,
784 2235 829 2270 qui
846 2235 873 2262 in

99 2281 168 2308 bhro
187 2288 212 2308 tv
228 2280 264 2307 Ds
284 2280 378 2307 Trinit.
395 2288 478 2315 agens
501 2282 535 2308 de
553 2282 643 2309 verbis
665 2281 716 2308 illis
740 2281 876 2313 Genes.t,

97 2326 144 2358 26,
157 2325 299 2353 Faciamus
313 2326 442 2353 hominem
459 2326 493 2353 ad
508 2326 646 2361 imaginem
660 2332 785 2359 nostram,
802 2331 855 2354 etc.
867 2335 875 2359 ;

99 2372 139 2398 sic
159 2371 274 2406 loquitur
293 2380 319 2407 p.
331 2372 393 2403 859.
409 2372 479 2400 διας
500 2381 509 2398 t
524 2372 575 2400 Per
586 2373 612 2400 id
625 2372 697 2407 quod
710 2372 811 2400 dictum
825 2376 876 2405 est,

101 2416 243 2443 Faciamus
263 2419 408 2450 Immineat,
425 2426 457 2446 ex
475 2426 507 2446 co
523 2419 597 2453 origo
615 2423 665 2449 est,
678 2425 711 2445 ex
732 2425 784 2451 quo
806 2417 879 2452 capit

98 2467 126 2489 et
145 2469 252 2490 sermo:
269 2464 293 2490 in
308 2471 339 2492 eo
357 2472 419 2492 vero
435 2465 506 2499 quod
523 2465 592 2492 Deus
615 2464 648 2490 ad
665 2464 807 2498 imaginem
832 2463 879 2491 Dei

100 2509 164 2536 facit
191 2507 345 2542 hominem,
372 2510 538 2545 signiﬁcatur
565 2509 646 2536 etiam
666 2509 700 2541 is,
724 2516 772 2543 per
799 2515 877 2543 quem

99 2559 300 2582 taottsutnmatur
325 2555 456 2589 operatio.
471 2564 482 2581 ι
510 2554 542 2581 Et
566 2554 644 2589 paulo
668 2559 746 2590 post:
765 2564 773 2579 t
790 2555 819 2581 in
845 2561 878 2583 eo

99 2600 171 2633 quod
188 2600 294 2631 dicitur,
308 2599 460 2633 Faciamus,
477 2605 504 2627 et
516 2601 600 2634 jussio
616 2605 771 2635 exmquatur
786 2605 813 2627 ct
836 2599 877 2627 l'a-

100 2651 183 2673 ctum.
194 2655 203 2672 ι
222 2645 254 2672 Ει
269 2653 330 2672 mox
346 2645 441 2673 iterum
457 2647 489 2674 de
508 2645 645 2681 Sapientia
668 2646 725 2673 sive
741 2645 808 2673 Filio
831 2645 878 2673 Del

101 2691 173 2718 Patri
196 2698 245 2718 suo
265 2691 429 2726 aggaudcnle
452 2691 479 2718 in
501 2691 647 2720 creationis
661 2691 798 2726 operibus.
822 2692 881 2719 haec

102 2737 202 2764 habet:
221 2745 229 2762 ι
244 2736 357 2764 Causam
372 2736 469 2764 ιωιίιίω
489 2744 543 2764 sua:
555 2737 691 2771 Sapientia
707 2737 799 2765 docuit
812 2745 820 2765 :
835 2736 880 2765 la:-

140 2835 161 2851 "
182 2833 256 2862 Joau.
272 2843 291 2867 ι,
310 2837 331 2863 1.
370 2835 391 2851 ⁵⁷
411 2836 476 2864 Gen.
492 2844 510 2869 t,
527 2836 566 2869 l0,
581 2837 622 2870 l5,
637 2837 677 2870 l8,
690 2837 780 2872 2i,25.

604 137 647 163 EX
667 137 698 164 ϐ.
721 136 817 163 BELLI
837 135 910 163 DEF.
932 135 1018 162 FlDEi
1035 133 1193 161 ΝιίῖιΕΝέΕ.

1629 133 1696 162 4298

886 194 908 221 Α
923 191 1029 218 tabatur
1055 197 1145 218 autem
1172 190 1211 217 ob
1232 189 1350 216 laetitiam
1378 189 1465 217 Patris
1487 190 1514 217 in
1533 189 1697 224 perfectione

919 236 1021 269 mutuli,
1035 241 1062 263 et
1079 236 1103 262 in
1120 235 1181 262 ﬁliis
1198 235 1338 262 homintmi
1350 234 1476 262 lzetantis.
1499 234 1635 270 Scriptum
1653 240 1697 263 est

919 282 989 308 cnim
1003 291 1009 308 :
1023 281 1055 307 Et
1067 282 1130 308 uidit
1146 280 1212 307 Deus
1222 279 1284 314 quia
1298 280 1365 306 bona
1378 286 1436 306 sunt
1447 279 1479 306 ⁵⁷.
1500 279 1608 308 Placere
1622 280 1696 308 Patri

919 334 998 360 opera
1007 335 1053 354 sua
1063 327 1170 362 gaudet,
1181 333 1230 352 PER
1243 332 1272 352 SE
1282 332 1315 352 EX
1323 333 1465 355 PRECEPTO
1475 333 1537 353 stus
1549 333 1693 355 εει-εσυ.»

920 372 984 405 Qua:
999 376 1132 405 postrema
1148 370 1240 398 Hilarii
1258 371 1351 403 verba,
1369 370 1419 398 loci
1435 370 1599 405 Origeniani,
1615 379 1696 405 quem

919 415 1005 450 carpit
1024 415 1161 447 Petavius,
1178 415 1337 442 sententiam
1360 415 1439 450 plene
1452 415 1697 449 exprimunt.,lllud

919 469 999 496 porro
1019 461 1167 488 notandum
1185 465 1242 493 est,
1267 460 1409 495 Origenem
1436 461 1536 488 dictum
1551 468 1640 493 suum,
1663 469 1697 489 ne

920 507 1043 541 cuiquam
1067 506 1250 533 duriusculum
1276 507 1421 538 videretur,
1451 513 1578 541 expresse
1610 506 1698 534 emol-

919 551 992 578 liisse
1017 551 1154 583 adverbio,
1176 551 1296 586 ὡσπερεί
1319 550 1396 578 velut.
1415 550 1510 585 Filius,
1532 551 1634 586 inquit,
1656 557 1698 580 est

920 597 1057 632 proximus
1073 597 1162 623 tnundi
1182 596 1282 631 opil’ex,
1297 596 1340 630 qui
1359 595 1428 622 velut
1453 603 1500 631 per
1523 603 1551 624 se
1571 597 1697 625 mundum

920 643 976 678 ipse
990 642 1130 670 fabricarit
1144 651 1151 669 :
1167 649 1221 676 qua
1242 642 1368 670 cautione
1385 641 1467 669 dubio
1488 642 1583 676 procul
1605 650 1698 670 occur-

921 695 981 716 rere
994 687 1078 714 volttit
1092 695 1184 715 eorum
1201 687 1299 718 errori.
1314 687 1357 721 qui
1379 687 1465 714 Patris
1482 692 1508 714 et
1525 687 1584 714 Filii
1609 688 1635 715 in
1651 696 1698 716 eo-

920 734 979 761 dem
1007 735 1150 761 creationis
1185 741 1266 767 opere
1293 733 1435 760 indiVisam
1468 732 1608 768 ἐνέργειαν
1645 742 1698 762 non

921 780 1087 815 agnoverint.
1104 779 1154 806 Sed
1170 787 1223 813 quo
1239 779 1347 806 tandem
1367 779 1463 806 evadet
1485 779 1542 807 haec
1557 779 1700 806 scholasti-

921 832 1014 852 corum
1044 825 1228 859 theologorum
1253 825 1279 851 in
1305 824 1447 852 censendis
1478 830 1598 852 veterum
1619 825 1701 854 dictis

886 865 908 893 Β
922 871 1032 899 audacia
1053 879 1085 899 ac
1104 871 1266 899 temeritas?
1288 871 1360 898 Sane
1375 871 1397 898 si
1419 872 1452 902 is,
1467 871 1512 906 qui
1535 872 1633 899 dixerit
1648 871 1700 899 Pa-

921 922 999 950 trem,
1014 926 1067 952 qua
1089 917 1166 945 Pater
1187 922 1238 950 est,
1255 917 1411 952 primarium
1427 925 1486 944 esse
1508 918 1598 944 mundi
1621 918 1700 953 opiti.

919 972 989 995 cem,
1000 965 1045 998 qui
1063 964 1119 990 haec
1133 963 1257 990 universa
1272 970 1318 997 per
1333 962 1429 989 Filium
1445 969 1523 989 suum
1535 963 1698 997 condiderit,

920 1017 969 1044 pro
988 1010 1089 1037 Ariano
1111 1009 1249 1036 habendus
1273 1013 1331 1041 est;
1356 1009 1397 1036 vir.
1418 1009 1452 1036 ab
1470 1009 1615 1036 Arianismi
1638 1009 1701 1037 labe

921 1062 1004 1090 purus
1017 1055 1068 1082 erit
1082 1055 1138 1089 ipse
1151 1054 1259 1086 Paulus,
1273 1055 1301 1081 in
1319 1053 1402 1089 Epist.
1417 1055 1429 1081 ι
1444 1055 1477 1081 ad
1493 1054 1623 1086 CorimIt.,
1637 1063 1698 1090 cap.

921 1109 980 1134 vui,
995 1109 1066 1129 vers.
1078 1102 1105 1134 6,
1126 1101 1159 1128 de
1184 1100 1314 1135 partibus.
1336 1105 1364 1127 ut
1387 1100 1423 1127 ita
1441 1100 1545 1135 luquur,
1562 1100 1650 1128 Patris
1673 1105 1702 1129 et

921 1147 983 1175 Filii
1003 1147 1028 1175 in
1045 1154 1134 1174 rerum
1151 1146 1287 1174 creatione
1303 1151 1329 1172 et
1348 1146 1535 1177 renovatione.
1554 1146 1593 1173 sic
1610 1146 1700 1173 disse.

922 1201 1004 1221 rens:
1022 1202 1032 1219 ε
1047 1192 1127 1220 Nobis
1143 1200 1212 1220 unus
1235 1197 1276 1220 est
1293 1192 1362 1219 Deus
1380 1191 1468 1222 Pater.
1486 1199 1500 1218 a
1523 1200 1576 1226 quo
1599 1194 1700 1225 omnia,

923 1244 951 1266 et
965 1246 1014 1266 nos
1028 1238 1054 1266 in
1078 1238 1136 1273 ipso
1155 1247 1162 1265 :
1185 1241 1213 1265 ει
1228 1245 1297 1264 unus
1322 1237 1449 1264 Dominus
1466 1236 1543 1264 Iesus
1565 1236 1701 1269 Christus,

923 1291 971 1319 per
986 1291 1064 1318 quem
1078 1283 1179 1316 omnia,
1193 1287 1220 1310 et
1235 1290 1282 1310 nos
1298 1289 1345 1317 per
1360 1282 1456 1316 ipsum.
1472 1291 1481 1307 ι
1503 1281 1568 1308 Nam
1593 1282 1656 1308 illud
1671 1281 1703 1314 ὲξ

923 1326 964 1363 οὗ,
979 1337 994 1356 a
1007 1337 1068 1363 quo,
1086 1335 1195 1355 causam
1216 1328 1370 1362 primariam
1392 1327 1517 1354 denotare
1533 1327 1704 1354 manifestum

923 1378 974 1402 est.
990 1373 1065 1401 Unde
1081 1378 1108 1400 et
1123 1373 1278 1400 Theodorus
1298 1371 1366 1399 Beza
1382 1372 1415 1399 ad
1434 1372 1521 1400 locum
1544 1372 1601 1400 hac
1616 1372 1703 1399 adno-

925 1423 983 1446 tat:
1001 1427 1011 1444 t
1027 1417 1093 1446 Cum
1111 1418 1190 1446 Pater
1212 1426 1226 1444 a
1249 1417 1318 1444 Filio
1339 1417 1520 1451 distinguitur,
1538 1417 1575 1444 illi
1599 1417 1704 1452 princi-

924 1466 996 1501 pi-um
1021 1464 1154 1492 tribuitur.
1167 1473 1176 1490 ι
1196 1463 1304 1490 Scilicet
1319 1464 1374 1490 lnec
1397 1463 1486 1490 omnia
1502 1463 1613 1489 omnino
1631 1462 1702 1490 refe-

926 1511 1008 1537 renda
1022 1514 1082 1537 sunt
1094 1509 1127 1536 ad
1144 1508 1215 1535 illam
1229 1507 1288 1535 Filii
1303 1508 1548 1534 subordinationem
1562 1514 1613 1541 qua
1630 1506 1702 1534 Patri

926 1560 954 1583 ut
967 1555 1070 1582 auctori
1088 1562 1136 1582 suo
1149 1554 1204 1589 (hic
1219 1554 1315 1580 iterum
1329 1553 1394 1587 ipsis
1409 1552 1502 1579 Hilarii
1516 1552 1605 1579 verbis
1620 1550 1703 1587 utor),

925 1600 1060 1634 subjectus
1083 1604 1139 1632 est,
1162 1599 1195 1626 de
1217 1606 1269 1634 qua
1287 1599 1405 1625 sectione
1427 1602 1521 1632 quarta
1539 1597 1626 1624 fusius
1643 1605 1706 1632 age-

925 1653 993 1673 mus.
1009 1644 1096 1678 Quid?
1110 1642 1180 1678 quod
1197 1643 1223 1669 in
1244 1643 1302 1676 ipso
1317 1641 1444 1676 Symbolo
1467 1640 1571 1668 Nicaeae
1593 1641 1705 1668 credere

923 1689 1057 1725 jubemur.
1078 1689 1165 1723 primo
1183 1697 1192 1713 ι
1209 1687 1235 1714 in
1255 1694 1334 1713 unum
1362 1685 1443 1713 Deum
1465 1685 1570 1712 Patrem
1584 1685 1706 1720 omnipo-

925 1740 1024 1764 tentem
1049 1735 1168 1761 omnium
1194 1731 1340 1760 visibilium
1354 1736 1381 1758 et
1402 1729 1577 1757 iuvisibilium
1600 1735 1706 1757 creato-

926 1788 981 1808 rem
1004 1789 1011 1807 :
1038 1779 1134 1807 deinde
1164 1778 1190 1805 in
1217 1785 1299 1805 unutn
1331 1775 1471 1803 Dominum
1499 1775 1591 1803 Jesum
1618 1775 1706 1803 Chri—

924 1831 1007 1859 stum,
1019 1831 1084 1857 elc.,
1104 1833 1150 1860 per
1166 1831 1245 1859 quem
1265 1823 1355 1851 omnia
1374 1822 1538 1850 factasunt.
1551 1831 1561 1848 ι
1577 1821 1644 1849 Puto
1659 1820 1706 1848 Ni-

925 1880 1012 1901 caanos
1027 1871 1131 1903 Patres,
1146 1871 1196 1898 nisi
1212 1871 1238 1897 in
1255 1868 1422 1896 mcumenico
1434 1868 1624 1896 convenissent
1640 1875 1705 1895 con-

925 1919 997 1951 cilio,
1011 1918 1054 1945 cui
1070 1917 1146 1944 nefas
1160 1917 1195 1944 sit
1207 1915 1406 1948 contradicere,
1422 1919 1532 1950 propter
1546 1914 1603 1941 ha:c
1619 1914 1703 1946 dicta,

925 1971 1014 1992 acrem
1026 1963 1125 1991 Petavii
1139 1962 1247 1990 Jesuitte
1258 1967 1405 1989 censuram,
1414 1961 1457 1987 vix
1469 1967 1597 1987 evasuros
1611 1959 1702 1987 fuiSse.

926 2010 962 2038 Ut
975 2009 1069 2044 paucis
1085 2016 1139 2036 rem
1154 2013 1237 2035 toram
1255 2007 1430 2042 complectar.
1441 2006 1486 2041 qui
1504 2006 1600 2034 dixerit
1621 2006 1702 2033 Dentri

925 2055 1042 2088 Patrem,
1065 2059 1190 2088 tanquam
1214 2053 1315 2080 fontem
1340 2052 1490 2079 divinitatis
1508 2052 1627 2086 adeoque
1650 2059 1706 2079 om-

927 2102 999 2129 nium
1020 2101 1204 2135 operationutn
1224 2099 1376 2127 divinarum
1403 2099 1552 2133 originem,
1575 2106 1589 2125 a
1615 2099 1703 2134 seipso

926 2154 974 2182 per
990 2146 1084 2174 Filium
1108 2153 1185 2174 suum
1213 2145 1340 2173 mundum
1360 2144 1522 2176 condidisse,
1543 2151 1575 2171 ac
1594 2144 1705 2179 proinde

892 2204 914 2233 ι)
929 2200 1019 2221 rerum
1043 2191 1163 2220 omnium
1188 2190 1343 2225 primarium
1365 2197 1425 2218 esse
1448 2189 1591 2224 opiﬁcem,
1617 2196 1658 2216 nte
1681 2191 1704 2217 is

927 2238 1033 2266 Arianae
1060 2236 1170 2265 haeresis
1195 2235 1350 2270 neutiquam
1374 2234 1535 2263 incusantlus
1561 2239 1602 2261 est
1625 2244 1632 2261 :
1655 2235 1705 2262 nisi

928 2291 993 2312 vero
1009 2283 1126 2318 antiquis
1142 2283 1269 2310 Ecclesia:
1286 2281 1412 2309 Patrihus
1426 2281 1570 2315 universis,
1585 2282 1706 2315 adeoque

929 2329 995 2364 ipsis
1030 2329 1204 2364 scriptoribus
1230 2327 1415 2359 θεοπνεύστοις
1444 2327 1590 2354 Ariauisuti
1617 2327 1705 2354 dicam

930 2374 1077 2409 impingere
1095 2374 1217 2402 velimus.
1232 2374 1284 2401 Sed
1307 2374 1370 2401 illud
1387 2373 1493 2399 domum
1513 2373 1620 2400 Arianae
1637 2376 1707 2399 esset

930 2419 1114 2454 blasphemiae,
1136 2420 1158 2446 si
1175 2420 1235 2453 quis
1250 2419 1370 2450 doceret,
1384 2418 1489 2445 Patrem
1508 2418 1565 2445 haec
1581 2417 1707 2444 universa

929 2464 1099 2492 constituisse
1113 2471 1160 2498 per
1174 2464 1281 2499 Filium,
1297 2469 1425 2499 tanquam
1440 2471 1487 2498 per
1499 2463 1707 2491 instrumentum

930 2511 980 2538 sibi
994 2515 1164 2542 extraneum,
1177 2515 1223 2538 aut
1240 2516 1367 2546 tanquam
1383 2517 1430 2545 per
1444 2510 1571 2536 virtutem
1588 2508 1707 2543 aliquam

930 2561 993 2584 ante
1012 2560 1109 2584 cetera
1132 2556 1223 2583 omnia
1246 2562 1383 2587 creatam,
1406 2560 1487 2590 atque
1509 2554 1542 2582 ab
1559 2554 1643 2589 ipsius
1664 2560 1707 2581 es-

931 2603 1015 2630 sentia
1033 2603 1167 2629 alienam:
1184 2609 1244 2637 quae
1258 2602 1380 2636 impietas
1397 2605 1514 2629 mentem
1530 2599 1657 2635 Origenis
1675 2607 1709 2627 ne

931 2654 980 2682 per
994 2647 1127 2674 somnium
1144 2646 1251 2681 quidem
1267 2654 1383 2681 unquam
1401 2646 1493 2679 subiit,
1509 2649 1538 2673 ut
1557 2652 1589 2671 ex
1607 2644 1674 2672 locis
1691 2650 1706 2670 a

933 2691 1009 2720 nobis
1021 2691 1143 2726 superius
1156 2691 1276 2719 adductis
1294 2691 1386 2726 liquet.

971 2736 1047 2774 ᾕρει.
1063 2737 1115 2765 Sed
1132 2742 1159 2765 et
1172 2737 1223 2764 alia
1239 2736 1360 2771 quasdam
1380 2737 1406 2764 in
1423 2737 1487 2771 ipsis
1501 2739 1593 2764 contra
1605 2733 1708 2762 Celsum
