1908 3071
223 120 290 145 [299

939 115 1152 143 EXCERPTUM

1762 113 1824 140 m

222 175 297 203 libris
320 181 382 203 atro
406 174 509 202 caleuio
533 177 608 200 notat
634 177 661 200 et
689 180 753 199 veru
788 173 922 208 transﬁgit
945 174 1002 207 ipse
1016 177 1038 204 Α
1053 174 1086 200 ab
1102 172 1262 207 Epiphanio,
1280 171 1399 206 adeoque
1419 170 1454 198 ab
1476 169 1535 204 ipso
1551 169 1700 198 Athanasio
1715 172 1821 198 ostendit

222 220 342 251 Huetius,
355 227 387 247 ex
399 220 494 254 quibus
506 226 554 246 nos
569 219 702 253 praecipua
715 219 898 246 discutiemus.
912 218 1003 246 Primo

222 267 328 293 adducit
344 265 455 292 Huetius
480 264 634 299 Origenian.
657 265 703 291 lib.
727 272 744 290 ιι
755 285 762 296 ,
779 268 874 298 quaest.
886 264 915 296 2,
930 272 1003 291 num.

222 312 247 341 3.
267 310 367 345 p.116,
388 315 513 344 tanquam
539 310 628 337 solutu
652 309 819 339 diﬁ‘tciliom,
842 309 923 336 verba
943 310 1005 336 Ori-

206 356 295 390 ‘geuis
310 355 356 382 lib.
370 363 414 382 vin
428 361 518 381 contra
532 355 646 384 Celsum.
665 363 740 384 num.
755 354 788 381 Η
803 355 852 380 :Ei
871 354 899 380 δέ
913 363 954 386 τις
972 355 1005 380 ὲκ

223 400 322 428 τούτων
344 400 604 437 περισπασθήσεται,
622 401 658 436 μή
675 409 711 436 πη
724 400 923 436 αὑτομολοῦμεν
937 400 1005 436 πρὸς

222 447 285 478 τοὺς
299 446 477 482 ἀναιροῦντας
491 446 543 472 δύο
561 445 630 472 εἶναι
650 446 811 478 ὑποστάσεις
831 446 939 482 Πατέρα
958 447 1005 473 καὶ

222 490 296 517 Υἱόψ
307 491 479 526 ἐπιστησάτω
492 490 529 525 τῷ
538 499 545 505 ·
560 489 615 518 Ἦν
626 490 660 517 δὲ
676 490 797 517 πάντων
811 490 869 517 τῶν
884 498 1004 518 πιστευ-

222 535 368 570 σάντωνή
383 536 489 571 καρδία
505 537 553 563 καὶ
565 537 583 570 ἡ
594 537 678 571 ψυχῆ
685 537 750 571 μία,
767 537 810 563 ἵνα
825 538 949 574 Θεωῄσῃ
963 538 1002 564 τό·

228 582 299 617 Ἐγὼ
317 583 366 609 καὶ
385 582 486 616 [latim
507 583 543 609 ἓν
564 583 667 616 ἐσμεν,
684 583 710 610 id
729 588 778 615 est,
797 593 808 609 ε
822 584 896 617 Quod
910 585 931 612 si
945 585 1005 620 quis

223 629 266 655 bis
279 632 366 656 motus
382 629 518 656 verebitur
535 636 567 656 ne
583 629 650 655 l‘orte
667 629 876 664 trauslugiamus
891 631 926 657 ad
943 638 1001 663 eos,

222 674 270 708 qui
286 678 385 708 negant
401 675 467 701 duas
479 682 538 701 esse
553 675 709 709 hypnstases
725 675 831 702 Patrem
848 680 873 703 et
886 676 981 703 Filium
995 687 1002 704 :

222 720 314 748 audiat
336 720 414 752 iliud,
433 719 500 746 Erat
525 724 611 746 autem
639 721 754 748 omnium
778 722 939 748 credentium
961 730 1006 749 eor

222 773 303 792 unum
322 769 346 791 et
371 773 423 791 una
438 764 576 797 anima”;
603 770 632 791 ut
656 765 852 799 contempletur
880 766 943 792 illud
963 766 1005 793 di-

222 815 305 841 ctum,
319 809 377 844 Ego
385 815 408 836 et
417 809 499 836 Pater
511 817 591 836 unum
605 818 695 836 sumus
703 810 753 837 ".i
768 810 800 837 Et
809 811 904 838 deinde
916 820 923 837 :
937 811 1005 847 Θρη-

224 856 354 892 ωιεύομεν
366 854 414 883 οὖν
425 856 470 882 τὸν
481 855 589 892 Πατέρα
600 856 649 891 τῆς
661 856 798 891 ἀληθείας,
819 857 866 884 καὶ
884 857 929 883 τὸν
942 858 1005 884 Υῐὺν

221 902 270 937 τὴν
287 901 426 937 ἀλήθειαν,
445 901 508 928 ὅντα
526 901 572 928 δύο
587 903 619 937 τῇ
636 902 782 928 ὑποστάσει
803 903 960 938 πράγματα,
977 903 1005 930 ἒν

222 946 250 973 δὲ
262 948 294 982 τῇ
312 947 438 982 ὁμονοίᾳ,
457 947 503 973 καὶ
515 948 548 982 τῇ
565 947 724 982 συμφωνίᾳ,
748 948 795 974 καὶ
811 950 843 984 τῇ
863 949 1005 984 ταύτότητι

222 992 270 1019 τοῦ
289 993 465 1028 βουλήματος,
487 993 512 1020 id
530 998 582 1026 est,
605 992 719 1028 illaque
742 994 864 1029 religiose
894 995 1007 1023 colimus

222 1038 328 1065 Patrem
345 1038 481 1080 veritatis,
492 1042 523 1069 et
538 1039 675 1065 veritatem
691 1038 798 1071 Filium,
815 1039 882 1068 duos
895 1040 1004 1074 quidem

222 1083 368 1119 hyposlasi,
382 1091 464 1111 unum
487 1091 550 1112 vero
575 1085 718 1112 concordia
729 1105 736 1117 ,
756 1092 899 1119 consensu,
912 1086 1005 1113 volun—

222 1128 337 1163 tatisque
353 1129 502 1156 identitate.
514 1138 524 1155 ›
542 1130 580 1156 Ad
601 1137 661 1163 quae
681 1130 737 1157 hac
761 1131 872 1158 adnotat
891 1132 933 1161 vir
955 1133 1003 1159 αο-

221 1174 378 1201 missimus:
398 1184 407 1200 ε
427 1174 532 1202 Patrem
554 1181 581 1202 et
601 1175 697 1202 Filium
716 1177 769 1204 duo
790 1184 852 1204 eSse
877 1178 916 1204 ait
938 1178 1005 1205 ὑπο-

222 1220 332 1251 στάσει,
356 1228 437 1247 unum
457 1228 591 1248 consensu
611 1227 639 1249 et
662 1223 817 1250 concordia.
832 1224 912 1258 Atqui
939 1224 1004 1251 ὑπό-

222 1274 316 1298 στασις
334 1273 383 1301 pro
397 1266 476 1301 οὐσίᾳ
497 1266 593 1300 priscis
610 1268 773 1302 temporibus
798 1269 899 1296 solebat
926 1277 1005 1296 usur-

222 1312 278 1346 pari
294 1312 328 1339 ab
348 1312 461 1339 ethnicis
476 1317 503 1339 et
520 1312 680 1340 Christianis
704 1313 892 1349 (Hieronymus
904 1335 912 1346 ,
927 1316 1002 1349 epist.

222 1357 267 1389 57,
278 1358 311 1384 ad
333 1357 464 1393 Dantur.)-
476 1358 541 1385 Tola
561 1359 728 1396 saecularium
749 1360 898 1386 litterarum
912 1361 1004 1388 schola

223 1403 288 1428 nihil
312 1402 383 1430 aliud
402 1403 551 1429 ὑπόστασιν
575 1402 626 1429 nisi
650 1404 743 1430 οὐσίαν
761 1405 845 1431 novit.
866 1404 901 1430 ita
927 1413 1002 1432 sum-

223 1453 335 1483 pserunt
348 1449 448 1476 Nioreui
461 1449 564 1481 Patres,
580 1450 616 1476 ita
633 1449 818 1477 Sardicenscs.
835 1450 873 1477 ita
889 1457 916 1478 et
933 1459 1003 1478 sum-

1055 219 1179 246 Petavius
1195 218 1233 245 De
1255 217 1349 244 Trinil.
1366 216 1414 243 lib.
1430 223 1465 249 tv,
1481 223 1541 250 cap.
1558 217 1585 247 ί,
1603 223 1678 242 num.
1693 215 1721 247 Ξ,
1736 215 1762 242 3.
1783 216 1825 243 De-

1055 264 1134 298 nique
1150 265 1231 299 (quod
1251 270 1307 290 rem
1327 267 1447 290 nostram
1472 261 1582 296 propius
1597 262 1725 295 spectat),
1740 268 1825 288 vocem

1054 309 1228 341 ὑποστάσεως
1248 308 1390 343 aliquoties
1410 316 1425 335 a
1447 308 1543 342 priscis
1563 307 1694 334 Ecclesia:
1719 307 1827 334 docmri-

1054 357 1114 388 bus,
1129 356 1210 383 etiam
1226 355 1271 390 qui
1287 355 1433 382 concilium
1456 353 1595 381 Nicmnum
1618 358 1825 385 antecesserunt,

1055 409 1104 436 pro
1124 402 1310 433 subsistentia,
1333 400 1373 427 vel
1389 407 1440 435 pro
1461 407 1490 426 re
1511 398 1636 433 singulari
1661 405 1711 432 per
1725 406 1754 425 se
1772 399 1828 426 sub-

1054 448 1177 477 sistente.
1191 454 1251 481 quae
1277 446 1302 473 in
1321 445 1400 473 rebus
1416 439 1552 472 intellectu
1567 444 1688 477 pra-ditis
1712 443 1779 469 idem
1792 449 1828 470 est

1054 494 1124 529 quod
1147 500 1272 527 persona,
1295 491 1421 526 usurpari
1447 490 1538 517 multis
1561 488 1695 523 exemplis
1719 493 1826 516 constat.

1054 538 1235 566 Tertulliauus
1249 538 1275 565 in
1296 537 1364 564 libro
1384 539 1506 563 adversus
1522 535 1692 567 Praz.,cum
1713 541 1826 560 asserere

1055 584 1138 611 voluit
1152 584 1212 611 Filii
1229 583 1428 611 subsistentiam
1447 586 1540 609 contra
1562 587 1609 608 eos
1624 580 1672 614 qui
1698 579 1770 605 illum
1793 579 1828 605 di-

1055 630 1178 657 stinctam
1194 636 1255 656 esse
1269 636 1285 656 a
1299 627 1379 655 Patre
1401 634 1542 662 personam
1557 626 1704 660 negabant,
1723 622 1827 650 afﬁrmat

1055 675 1153 702 Filium
1177 675 1224 702 Dei
1247 681 1305 702 esse
1333 682 1344 699 ι
1358 672 1537 701 substantiam
1558 675 1585 697 et
1607 676 1666 697 rem
1691 668 1829 696 substanti-

1055 728 1125 749 vam.
1140 730 1150 746 ι
1175 719 1221 748 Sic
1239 727 1298 754 cap.
1328 719 1345 746 7
1364 725 1372 745 :
1394 728 1404 744 ι
1429 718 1509 752 Ergo,
1526 716 1627 750 inquis,
1648 715 1700 742 das
1722 714 1827 749 aliquam

1055 765 1233 794 substantiam
1246 772 1306 792 esse
1320 770 1481 794 sermonem,
1502 762 1603 797 Spiritu
1615 765 1642 788 et
1661 759 1769 794 Sophia:
1781 764 1827 786 tra-

1055 813 1156 840 ditione
1177 810 1380 840 constructam?
1393 810 1480 845 plane.
1497 808 1554 835 Non
1572 808 1612 835 vis
1625 814 1689 835 eum
1713 807 1826 834 substan-

1058 859 1140 885 tivum
1161 858 1260 885 habere
1275 857 1301 883 in
1320 864 1359 889 re,
1381 863 1429 890 per
1450 854 1609 882 substantiae
1630 853 1828 888 proprietatem,

1057 908 1086 930 ut
1108 910 1152 931 res
1164 909 1191 930 et
1205 909 1319 937 persona
1332 901 1453 936 quaedam
1474 900 1559 927 videri
1580 899 1675 934 possit,
1694 903 1722 925 et
1738 899 1772 925 ita
1790 905 1829 926 ca-

1056 950 1112 984 piat
1128 948 1261 976 secuudus
1276 955 1290 974 a
1314 947 1368 974 Deo
1392 946 1553 973 constitutus
1572 945 1639 972 duos
1658 943 1773 976 efﬁcere,
1786 943 1828 970 Pa-

1058 1001 1126 1023 trem
1139 1000 1165 1022 et
1182 994 1289 1026 Filium,
1302 993 1385 1020 Deum
1399 996 1426 1020 et
1445 999 1607 1019 sermonem.
1620 991 1693 1024 Quid
1706 994 1746 1017 est
1764 990 1827 1017 enim

1056 1041 1130 1069 dices
1146 1048 1248 1072 sermo,
1261 1040 1312 1067 nisi
1327 1046 1376 1067 vox
1392 1043 1419 1066 et
1436 1046 1519 1066 sonus
1531 1038 1597 1070 oris,
1612 1041 1639 1064 et
1654 1037 1738 1071 (sicut
1753 1043 1830 1070 gran-

1056 1087 1148 1115 matici
1174 1086 1292 1121 tradunt)
1322 1093 1370 1113 aer
1392 1084 1518 1117 olensus,
1541 1083 1719 1119 intelligibilis
1739 1083 1829 1115 auditu,

1055 1138 1181 1160 caeterum
1194 1139 1308 1159 vacuum
1328 1131 1420 1159 nescio
1434 1131 1546 1165 quid,-et
1562 1130 1654 1162 inane,
1668 1133 1696 1156 et
1717 1128 1829 1162 incorpo-

1055 1179 1131 1206 rale?
1151 1179 1185 1205 At
1207 1184 1256 1212 ego
1279 1177 1345 1204 nihil
1368 1176 1428 1204 dico
1447 1177 1480 1203 de
1502 1175 1556 1202 Deo
1578 1175 1663 1202 inane
1682 1179 1711 1201 et
1729 1180 1828 1200 vacuum

1054 1224 1163 1259 prodire
1184 1223 1316 1258 potuisse,
1338 1226 1367 1249 ut
1388 1229 1441 1248 non
1457 1221 1491 1248 de
1508 1221 1581 1248 inani
1602 1225 1630 1248 et
1645 1226 1735 1247 vacuo
1750 1219 1829 1254 prola-

1056 1277 1112 1298 tum
1129 1279 1136 1298 :
1159 1277 1208 1298 nec
1228 1276 1322 1297 carere
1343 1268 1505 1301 substantiis,
1526 1268 1596 1302 quod
1621 1267 1655 1294 de
1682 1271 1755 1293 tanta
1776 1265 1830 1293 sui»

1054 1317 1151 1344 stantia
1173 1316 1314 1351 processit,
1327 1324 1336 1341 ι
1361 1319 1414 1342 etc.
1436 1314 1538 1341 Rursus
1560 1321 1620 1347 cap.
1640 1312 1689 1344 26,
1705 1313 1739 1339 de
1755 1311 1831 1339 Patris

1054 1367 1080 1389 et
1100 1361 1159 1389 Filii
1187 1361 1361 1388 distinctione
1386 1367 1481 1394 agens,
1505 1359 1544 1386 sic
1569 1358 1692 1393 loquitur
1714 1365 1723 1383 :
1741 1365 1751 1382 ι
1770 1356 1830 1384 Deus

1055 1407 1100 1434 Dci
1120 1411 1247 1441 tauquam
1266 1406 1433 1432 substantiva
1451 1412 1503 1435 res,
1533 1411 1584 1430 non
1603 1403 1656 1429 erit
1679 1402 1735 1437 ipse
1751 1402 1827 1433 Deus;

1053 1453 1100 1479 sed
1122 1451 1251 1479 hactenus
1277 1451 1361 1482 Deus,
1391 1449 1453 1484 quia
1472 1456 1503 1476 ex
1532 1449 1614 1482 ipsius
1637 1448 1689 1476 Dei
1719 1447 1829 1474 substan-

223 1495 307 1529 psisse
323 1494 464 1529 Origenem
485 1495 630 1522 verisimile
643 1499 694 1522 est.
706 1505 715 1520 ι
734 1495 891 1530 Respondeo
913 1498 1000 1533 primo
1013 1507 1035 1536 α
1053 1498 1100 1530 tia,
1118 1505 1178 1532 qua:
1193 1501 1220 1524 et
1238 1496 1405 1524 substantiva
1427 1503 1469 1522 res
1489 1500 1544 1527 est,
1556 1505 1565 1521 I
1589 1499 1640 1522 ctc.
1670 1493 1732 1521 Mox
1757 1497 1827 1527 negat

223 1547 305 1567 voces
328 1540 475 1572 ὑπόστασις
493 1545 518 1568 et
535 1540 613 1567 οὐσία
632 1541 729 1574 priscis
749 1542 912 1576 temporibus
930 1544 1004 1571 varie

223 1588 358 1618 usurpatas
373 1584 458 1615 fuere,
477 1585 572 1612 saltem
592 1593 607 1612 a
620 1585 798 1619 Christianis.
815 1586 923 1614 Scilicet
939 1596 1004 1616 non-

224 1635 360 1663 nunquam
384 1629 530 1662 ὑπόστασις
551 1638 600 1666 pro
616 1638 648 1658 eo
663 1632 733 1666 quod
753 1639 802 1659 nos
825 1632 919 1659 οὐσίαν
938 1634 1006 1661 dici—

222 1682 294 1708 mus,
308 1679 338 1702 ut
350 1675 409 1702 vice
422 1683 500 1703 versa
515 1683 566 1703 vox
584 1676 663 1705 οὐσία
677 1684 726 1711 pro
740 1684 774 1705 eo
787 1679 859 1712 quod
874 1686 923 1706 nos
939 1680 1005 1706 ὑπόρ

224 1729 317 1748 στασιν
329 1721 502 1756 appellamus,
517 1721 551 1749 ab
571 1722 635 1757 ipsis
651 1727 762 1758 accepta
785 1723 836 1751 fuit
854 1733 860 1751 :
881 1733 1006 1752 nonnun-

223 1775 302 1801 quam
315 1767 463 1794 ὑπόστασιν
482 1767 607 1795 dixerunt
621 1773 739 1801 veteres,
756 1769 838 1796 etiam
853 1771 898 1805 qui
914 1772 1005 1798 conci-

222 1812 288 1840 lium
303 1812 438 1840 Niczeuum
457 1817 670 1847 antecesserunt,
684 1814 755 1849 quod
771 1822 819 1842 nos
843 1816 923 1844 hodie
943 1824 1005 1851 per-

196 1891 197 1895 ,
224 1865 319 1886 sonam
333 1858 390 1885 sive
409 1858 609 1886 subsistentiam
629 1859 804 1894 appellamus.
827 1860 926 1889 Vocem
940 1862 1005 1889 ὐπο-

224 1904 344 1936 οτάσεως
359 1912 414 1939 pro
421 1912 453 1931 eo
466 1905 538 1939 quod
553 1913 602 1932 nos
623 1906 717 1932 οὐσίαν
737 1906 862 1940 dicimus,
876 1915 891 1934 a
906 1908 1004 1943 priscis

223 1952 384 1987 quandoque
399 1953 523 1987 usurpari
548 1960 605 1980 non
628 1954 708 1982 modo
734 1954 886 1988 conﬁtetur,
912 1956 958 1983 sed
977 1961 1004 1984 et

222 1999 361 2026 contendit
385 1999 507 2026 Huctius.
522 1998 681 2034 Quanquam
708 1999 748 2036 (ut
773 2008 864 2028 verum
890 2001 1004 2037 ingenue

221 2044 331 2080 hear),
355 2052 408 2072 non
429 2045 536 2072 memini
566 2053 607 2072 me
625 2053 717 2073 vocem
746 2047 791 2084 ita.
807 2053 962 2082 usurpatam
987 2056 1002 2075 a

221 2092 354 2126 scriptore
370 2091 458 2126 aliquo
478 2091 628 2124 Catholico,
644 2092 677 2119 de
701 2091 751 2119 SS.
762 2091 902 2120 'Trinitate
916 2093 1003 2121 disse-

221 2141 314 2168 rente,
337 2141 399 2163 ante
418 2136 561 2164 concilium
589 2137 745 2170 Niczenum,
771 2143 818 2164 aut
847 2138 1002 2173 aliquandiu

1056 1543 1214 1578 sapientiam
1235 1546 1262 1569 et
1287 1541 1483 1576 providentiam
1505 1548 1565 1568 esse
1585 1549 1626 1567 res
1648 1541 1828 1571 substantiam,

1056 1594 1102 1616 aut
1123 1588 1293 1620 substantias,
1316 1587 1366 1614 hoc
1384 1591 1434 1618 est,
1453 1585 1624 1616 ὑποστάσεις.
1645 1585 1755 1612 Scilicet
1773 1585 1829 1611 hanc

1055 1634 1179 1669 loquendi
1200 1634 1313 1660 formam
1327 1640 1359 1660 ex
1377 1631 1481 1660 Grrecis
1497 1631 1624 1659 Patribus
1645 1631 1758 1657 omnino
1769 1637 1830 1656 sum-

1055 1681 1141 1715 psisse
1155 1679 1260 1706 videtur
1276 1678 1430 1706 Graecorum
1446 1677 1491 1704 ille
1509 1677 1637 1709 imitator,
1656 1676 1777 1703 Graecam
1791 1682 1829 1701 vo-

1055 1734 1112 1754 cem
1128 1726 1278 1752 ὒπόστασιν
1298 1724 1393 1752 Latine
1408 1723 1583 1750 substantia»:
1606 1728 1633 1750 et
1650 1730 1705 1749 rem
1720 1724 1828 1748 substan-

1055 1772 1134 1798 tivant
1152 1776 1279 1798 vertens:
1298 1778 1359 1798 cum
1385 1769 1483 1803 alioqui
1508 1768 1608 1801 Latini,
1627 1768 1712 1795 etiam
1736 1766 1827 1794 Tertul-

1054 1817 1118 1844 liani
1133 1822 1222 1849 aetate,
1241 1824 1318 1844 suum
1340 1816 1458 1843 habuere
1481 1815 1656 1845 vocabulum,
1679 1822 1733 1849 quo
1752 1813 1827 1840 subsi-

1054 1863 1180 1890 stentiam
1208 1863 1234 1889 in
1263 1861 1352 1889 divina
1375 1861 1491 1888 essentia
1516 1861 1720 1895 exprimerent,
1746 1865 1826 1892 nempe

1054 1915 1295 1942 vocemrperaonaz,
1317 1914 1376 1941 qua:
1393 1906 1537 1941 aliquoties
1558 1906 1584 1932 in
1603 1905 1698 1932 eodem
1722 1904 1785 1931 libro
1800 1903 1827 1929 ab

1055 1954 1112 1988 ipso
1128 1952 1294 1980 Tertulliano
1313 1957 1465 1986 usurpatur.
1483 1951 1655 1986 Hippolytus,
1672 1949 1824 1978 Tertulliano

1054 2004 1132 2027 atate
1149 1999 1285 2034 proximus
1307 2003 1333 2025 et
1348 1997 1463 2031 Origene
1489 1996 1636 2031 antiquior,
1660 1996 1689 2023 in
1711 1995 1765 2022 loco
1786 2001 1824 2020 su-

1054 2047 1145 2082 perius
1157 2054 1173 2073 a
1189 2046 1266 2073 nobis
1282 2044 1388 2071 laudato
1403 2043 1427 2059 “
1438 2043 1477 2071 ait
1497 2050 1605 2070 carnem
1621 2042 1680 2070 sive
1696 2043 1824 2069 humanam

1054 2093 1081 2120 in
1101 2093 1209 2120 Christo
1225 2098 1346 2119 naturam
1362 2098 1410 2125 per
1429 2097 1458 2117 se
1473 2097 1525 2116 non
1546 2089 1708 2120 subsistere,
1722 2087 1765 2115 sed
1781 2095 1789 2111 ι
1801 2086 1824 2112 in

1055 2138 1143 2166 Verbo
1159 2139 1259 2165 habere
1272 2136 1319 2172 τὴν
1333 2136 1490 2167 ὑπόστασιν,
1506 2135 1557 2162 hoc
1573 2139 1623 2166 est,
1640 2134 1668 2160 in
1683 2133 1767 2160 Verbo
1774 2130 1823 2158 Sub

221 2188 294 2218 post,
309 2182 414 2217 legisse.
429 2182 592 2209 Vocabulum
608 2190 672 2210 vero
685 2183 777 2210 οὐσίαν
794 2184 828 2211 ab
845 2184 939 2212 iisdem
956 2193 1003 2220 pro
1020 2177 1042 2203 ι)
1056 2181 1161 2208 sistere.
1175 2190 1187 2206 ι
1208 2180 1350 2215 Dionysius
1372 2179 1568 2206 Alexandrinus
1579 2199 1587 2210 ,
1609 2177 1733 2213 Origcuis
1756 2175 1823 2202 disci-

223 2236 257 2256 oo
278 2229 349 2263 quod
371 2236 420 2255 nos
444 2228 591 2255 ὑπόστασιν
609 2229 784 2264 appellamus,
810 2237 1002 2266 nonnunquam

222 2273 307 2309 accipi
332 2274 513 2302 certissimum
528 2279 579 2302 est.
595 2275 641 2302 Sic
670 2275 777 2303 Pierius
790 2280 892 2312 martyr
904 2282 931 2304 et
946 2284 1005 2311 pre-

223 2321 324 2356 sbyter,
343 2320 475 2354 Pamphili
494 2321 619 2356 martyris
628 2326 786 2356 przeceptor,
801 2329 861 2349 cum
876 2322 908 2350 de
925 2322 1004 2351 Patre

222 2369 250 2392 et
269 2364 336 2392 Filio
350 2364 484 2392 catholico
502 2372 576 2392 more
599 2365 722 2397 sentiret,
747 2365 854 2393 Patrem
871 2370 959 2394 tamen
975 2372 1003 2395 et

221 2409 319 2438 Filium
333 2409 425 2441 οὐσίας
439 2415 466 2437 et
482 2409 576 2444 φύσεις
592 2410 658 2438 duas
670 2417 731 2438 esse
747 2411 862 2444 dicebat,
880 2416 907 2438 ut
922 2411 1003 2439 refert

221 2455 336 2483 Photius
352 2455 422 2482 Bibi.
446 2456 507 2483 cod.
521 2463 596 2488 cxrx,
620 2457 685 2484 urile
701 2461 727 2484 et
752 2462 851 2484 natura
876 2458 1005 2485 vocabulo

223 2502 380 2536 hyposlmim
394 2501 561 2536 signiﬁcans,
578 2507 606 2529 ut
619 2510 652 2529 ex
669 2503 889 2530 antecedentibus
901 2507 929 2530 et
942 2511 1005 2530 con-

222 2548 397 2582 sequentibus
414 2553 538 2576 constare
549 2549 614 2576 dicit
627 2549 697 2576 idem
712 2548 832 2576 Pbotius.
847 2548 892 2576 Sic
912 2557 1004 2577 vocem

222 2593 303 2627 φύσις
329 2595 399 2628 (qua:
423 2595 521 2629 alioqui
548 2594 651 2622 latioris
675 2599 717 2622 est
742 2595 959 2629 signiﬁcationis,
977 2600 1005 2623 ut

221 2646 274 2666 vox
303 2640 399 2672 obstat,
425 2648 439 2666 a
464 2640 603 2668 Cleiucnte
634 2640 815 2668 Alexandrino
845 2647 1003 2676 usurpatum

222 2683 305 2711 fuisse
324 2693 404 2720 supra
427 2686 630 2713 observavimus
650 2693 710 2720 cap.
724 2686 751 2717 6,
775 2694 849 2713 num.
865 2686 891 2714 6.
919 2687 1005 2721 Atque

223 2729 315 2756 eodem
330 2737 411 2757 sensu
427 2729 585 2757 vocabulum
599 2731 685 2765 accipi
699 2738 714 2757 a
728 2731 857 2766 Gregorio
872 2730 1004 2767 Nysseno,

1053 2227 1142 2261 pulus,
1157 2227 1183 2253 in
1198 2226 1373 2260 responsione
1388 2225 1422 2252 ad
1435 2224 1608 2259 quaestionem
1623 2227 1745 2257 quartam
1760 2219 1821 2248 Pauli

1054 2271 1224 2299 Samosateui
1255 2271 1288 2298 de
1313 2271 1398 2298 tribus
1429 2269 1549 2305 personis
1578 2269 1605 2296 ὃ.
1629 2267 1767 2295 Trinitatis
1790 2265 1821 2292 sic

1056 2317 1173 2352 loquitur
1269 2326 1276 2343 :
1300 2317 1332 2342 Ai
1355 2316 1409 2350 b860
1432 2314 1594 2345 ὑποστάσεις
1608 2313 1764 2349 ἀχώριστοι,
1783 2310 1820 2336 καὶ

1053 2363 1084 2390 τδ
1109 2363 1288 2391 ἐνυπόστατον
1303 2362 1349 2389 τοῦ
1377 2361 1484 2397 Πατρὺς
1511 2360 1636 2395 Πνεῦμα,
1659 2360 1674 2385 ὃ
1695 2356 1731 2394 ἦν
1749 2359 1774 2384 ὲν
1790 2355 1821 2390 τῷ

1059 2409 1125 2445 Υἰῷ,
1144 2409 1170 2437 id
1186 2415 1242 2441 est,
1268 2419 1278 2435 ι
1293 2409 1356 2436 Duae
1382 2408 1541 2443 hypostases
1566 2406 1671 2440 (Patris
1690 2405 1784 2432 scilicet
1798 2406 1819 2428 et

1057 2456 1129 2492 Filii)
1147 2455 1339 2491 inseparabiles
1354 2460 1427 2488 sunt,
1440 2447 1630 2482 et'subsistens
1651 2453 1736 2479 Patris
1749 2449 1818 2484 Spiri-

1058 2507 1110 2534 tus,
1124 2502 1168 2537 qui
1185 2507 1244 2529 erat
1259 2502 1285 2528 in
1303 2500 1380 2528 Filio.
1393 2509 1403 2526 ι
1421 2501 1509 2534 Atque
1529 2506 1561 2526 ex
1578 2500 1629 2526 hoc
1645 2497 1756 2532 Dionysii
1768 2494 1818 2521 Ale-

1056 2548 1178 2574 xandrini
1198 2548 1259 2574 loco
1273 2546 1383 2573 omnino
1399 2545 1560 2580 explicanda.
1574 2544 1639 2571 mihi
1652 2544 1753 2570 videtur
1768 2547 1816 2567 seu-

1058 2593 1139 2620 tentia
1160 2593 1335 2628 cognominis,
1356 2596 1383 2618 et
1407 2591 1534 2618 coastanei
1560 2589 1618 2624 ejus
1641 2587 1753 2623 Dionysii
1772 2585 1815 2613 llo-

1057 2639 1128 2666 mani
1149 2649 1156 2665 :
1178 2639 1222 2673 qui
1246 2639 1273 2665 in
1298 2638 1417 2673 Epistola
1452 2643 1546 2664 contra
1576 2636 1737 2663 Sabellianos
1760 2631 1814 2666 apud

1055 2684 1228 2711 Athanasium
1246 2683 1315 2719 (26),
1332 2688 1472 2718 postquam
1493 2683 1565 2717 ipsos
1586 2681 1759 2709 refutaverat,
1779 2684 1814 2703 eos

1053 2724 1149 2758 deinde
1173 2730 1321 2765 redarguit,
1344 2729 1388 2764 qui
1410 2729 1536 2756 deitatem
1555 2728 1680 2756 secabant
1702 2726 1739 2757 εἰς
1754 2724 1812 2759 τρεῖς

257 2786 284 2802 ⁸⁸
301 2787 359 2813 Act.
384 2795 421 2818 η,
445 2787 490 2815 52.
527 2788 550 2804 ⁵⁵
569 2788 646 2816 Joan.
666 2797 700 2821 x,
716 2789 762 2816 50.
799 2790 822 2805 ⁸⁸
847 2797 908 2825 cap.
930 2789 958 2825 8,
972 2797 1045 2818 num.
1062 2790 1089 2817 5.

261 2830 317 2866 (25)
337 2830 495 2860 Tlieodot'ct.
512 2833 581 2860 Hist.
597 2834 673 2868 κει-λ
687 2835 731 2861 lib.
744 2843 767 2868 t,
782 2843 840 2870 cap.
856 2835 883 2862 4.

1080 2834 1280 2869 (26)A1hnn.l)e
1289 2833 1410 2868 summa
1423 2834 1495 2864 Dm.
1507 2843 1532 2864 ι).
1540 2833 1601 2863 9.75.
1611 2834 1653 2862 ed.
1663 2827 1808 2861 Parium-
