1908 3071
79 137 147 167 I301

594 135 641 163 EX
660 133 693 163 ϐ.
714 133 815 163 BULLI
840 131 916 161 DEF.
936 130 1026 160 FIDEI
1046 128 1207 158 ΝΙΟΔΕΝᾹΞ.

1632 122 1700 151 1502

80 195 285 233 μεμερισμένας
311 194 476 226 ὑποστάσεις
505 202 514 220 ε
529 193 556 221 in
581 198 637 221 tres
662 192 761 220 divisas
784 193 869 228 hypo-

936 199 966 218 ex
983 189 1113 225 episcopi,
1128 187 1173 223 qui
1193 194 1226 214 ex
1245 184 1348 221 synodo
1362 182 1529 212 Antiochena
1542 181 1574 209 ad
1589 180 1700 208 Paulum

79 247 200 269 stases.»
236 240 362 268 Petavius
397 239 506 274 quidem
536 238 574 266 De
608 237 722 270 Trinit.,
754 237 799 264 lib.
822 245 865 271 tv,

79 295 105 314 ε.
125 287 151 319 l.
170 286 184 322 ᾗ
202 285 229 318 5,
242 292 275 313 eo
291 284 318 312 in
334 285 393 313 loco
409 291 500 312 vocem
515 283 663 311 ὑπόστασιν
678 291 726 319 pro
740 283 817 319 οὐσίᾳ
838 283 866 310 in

79 331 243 367 generaliori
280 329 474 365 signiﬁcatione
513 329 576 364 poni
611 329 712 362 voluit;
749 329 814 361 hoc,
838 331 868 356 ut

81 377 210 409 arbitror,
221 381 380 413 argumento
396 376 430 404 ad
445 376 472 403 id
487 376 622 408 inductus,
637 377 708 410 quod
724 374 867 410 Dionysius

80 423 234 450 dissensum
257 429 334 450 suum
359 422 393 449 ab
417 421 450 449 iis
476 421 644 456 proﬁteatur,
668 420 715 456 qui
740 420 867 448 deitatem

82 468 111 496 in
132 473 187 496 tres
211 469 370 504 hypostases
394 467 559 496 dividebant.
579 466 633 494 Sed
653 467 705 494 hoc
730 465 797 494 nihil
817 470 868 494 est.

84 514 178 550 Neque
194 514 266 542 enim
282 513 443 549 simpliciter
456 520 503 541 eos
526 513 617 548 culpat
633 512 786 548 Dionysius,
804 519 870 540 con-

85 565 129 588 tra
146 568 215 596 quos
232 561 362 595 disputat,
379 559 452 595 quod
472 563 527 586 tres
546 559 573 586 in
594 559 695 586 deitate
713 558 873 594 bypostases

85 607 250 641 statuerint;
276 607 324 634 sed
345 606 408 633 ideo
422 610 526 633 tantum
542 605 614 640 quod
637 605 798 641 bypostases
813 604 873 633 illas

88 658 146 679 tres
174 659 235 680 esse
264 651 468 688 μεμερισμένας
501 659 510 676 t
531 650 649 678 divisas:
681 650 872 678 existimarint.

87 698 166 731 Quod
193 705 254 725 mox
279 698 378 725 ibidem
403 698 507 733 plenius
533 696 673 732 exprimit,
693 696 756 723 dum
781 704 874 724 rursus

87 745 198 772 eosdem
214 744 358 772 haareticos
371 743 498 771 divisisse
513 743 551 771 ait
568 743 736 770 divinitatem
751 743 791 774 εἰς
801 743 875 778 τρεῖς

89 791 253 823 ὑποστάσεις
270 790 356 824 ξένας,
382 790 504 826 ἀλλήλων
520 789 677 817 παντάπασι
702 788 873 825 κεχωρισμέν

89 846 153 869 νας·
173 846 182 863 ε
197 837 224 864 in
248 841 303 864 tres
330 836 490 871 hypostases
511 834 680 871 peregrinas,
705 834 739 862 ab
761 834 874 861 invicem

90 881 203 909 omnino
218 885 366 915 separatas.
379 890 388 907 ι
407 880 528 908 Pessime
547 880 629 916 igitur
653 880 735 907 verba
757 878 876 914 Dionysii
893 874 913 901 Β

91 927 186 956 Graeca
208 927 302 955 Latine
325 926 442 954 reddidit
466 925 591 954 Petavius
608 935 618 953 ‹
631 926 773 954 distinctas
789 925 876 960 hypo-

92 979 191 1002 stases.
204 983 213 1000 ι
234 973 371 1001 Adversus
385 974 435 1001 hos
447 972 590 1001 haereticos
602 972 699 1000 deinde
711 971 807 999 statuit
817 971 878 998 Dio-

95 1019 198 1056 nysius,
211 1018 329 1055 ήνῶσθαι
346 1018 384 1054 τῷ
405 1018 464 1054 Θεῷ
475 1017 529 1045 τῶν
541 1017 607 1045 ὅλων
620 1017 666 1045 τὸν
690 1016 761 1044 θεῖον
782 1017 878 1051 Λόγον,

96 1065 291 1101 ἐμφιλοχωρεῖν
311 1064 340 1091 δὲ
362 1064 400 1100 τῷ
416 1063 484 1099 Θεῷ,
502 1064 549 1091 καὶ
563 1058 745 1090 ὲνδιαιτάσθαι
759 1063 790 1090 τὸ
803 1062 879 1097 ἆγιον

95 1110 220 1146 Πνεῦμα,
241 1110 332 1138 tuniri
358 1110 478 1138 oumium
499 1110 554 1138 Deo
572 1109 619 1137 Dei
640 1108 778 1142 Verbum;
802 1113 829 1137 et
854 1108 879 1135 in

94 1159 191 1186 eodem
207 1157 311 1185 haerere
327 1157 484 1192 versarique
498 1155 628 1191 Spiritum
650 1159 773 1183 sanctum
786 1164 792 1182 :
804 1164 813 1180 ι
831 1154 881 1181 hoc

95 1208 160 1237 est,.
177 1204 337 1239 hypostases
366 1206 422 1230 tres
456 1202 560 1230 divinas
590 1209 638 1236 per
665 1200 881 1236 inexplicabilem

94 1250 242 1285 quamdam
257 1248 441 1284 περιχὼρησιν
458 1248 551 1275 intime
564 1247 615 1275 sibi
633 1247 748 1275 invicem
768 1247 881 1281 conjun-

96 1300 157 1321 ctas
180 1301 250 1326 esse,
270 1298 298 1320 et
321 1301 381 1321 sese
406 1297 499 1320 mutuo
525 1291 603 1327 quasi
627 1291 771 1323 immeare,
794 1290 830 1316 ita
855 1293 883 1315 ut

97 1340 183 1367 altera
197 1340 231 1367 ab
248 1340 332 1367 altera
350 1340 506 1374 neutiquam
524 1337 645 1374 separari
660 1337 755 1373 possit.
771 1335 829 1370 Qua
849 1336 883 1362 de

97 1393 129 1412 re
142 1385 254 1413 inferius
269 1385 344 1420 plura
360 1384 492 1412 dicemus.
506 1383 609 1411 Locum
627 1387 718 1409 autem
737 1382 807 1408 hunc
822 1380 884 1409 Dio-

98 1431 172 1466 nysii
188 1430 303 1469 Romani
321 1432 426 1465 integre
444 1429 557 1458 citatum
579 1428 673 1457 videas
688 1427 767 1462 hujus
784 1427 883 1455 sectio«

100 1477 145 1504 nis
160 1477 193 1504 de
210 1476 267 1504 Filii
284 1476 321 1512 τῷ
336 1475 482 1512 ὁμοουσιῳ,
500 1482 560 1510 cap.
580 1475 624 1507 11,
642 1481 716 1501 num.
745 1473 769 1500 Ι.
793 1471 886 1506 itaque

99 1530 164 1550 cum
181 1522 324 1558 Dionysius
339 1522 478 1551 Romanus
493 1524 585 1555 negat,
599 1519 625 1547 in
640 1519 740 1547 deitate
758 1522 812 1546 tres
825 1524 886 1545 esse

101 1569 262 1607 bypostases
288 1569 388 1597 divisas
414 1576 446 1596 ac
469 1572 622 1603 separatas;
647 1567 718 1594 idem
742 1564 886 1593 manifeste

100 1615 197 1647 voluit,
213 1615 283 1649 quod
300 1615 367 1641 alter
387 1614 541 1650 Dionysius,
557 1620 619 1640 cum
635 1611 760 1644 affirmat,
779 1610 885 1638 Patrem

101 1666 130 1689 et
146 1661 243 1690 Filium
258 1668 318 1688 esse
336 1661 402 1688 duas
426 1661 585 1696 bypostases
607 1658 720 1686 tninime
735 1662 884 1693 separatas,

101 1712 131 1738 et
155 1706 286 1741 Spiritum
306 1710 430 1734 sanctum
451 1711 559 1740 quoque
583 1703 741 1739 hypostasin
769 1710 830 1731 esse
860 1702 887 1730 in

101 1752 163 1787 ipso
187 1751 257 1779 Filio
277 1751 491 1782 subsistentem,
515 1750 637 1784 adeoque
659 1756 747 1784 neque
769 1756 785 1775 a
805 1748 886 1781 Filio,

102 1806 192 1836 neque
205 1805 220 1825 a
236 1797 316 1825 Patre
330 1796 503 1831 disjunctam.
522 1796 656 1823 Nimirum
673 1800 785 1833 uterque
803 1796 887 1831 hypo-

103 1850 215 1877 stascon
228 1843 428 1872 distinctionem
451 1843 477 1870 in
494 1842 636 1870 divinitate
647 1842 750 1876 pariter
765 1842 888 1877 agnovit;

105 1896 220 1926 uterque
242 1889 401 1917 divisionem
427 1895 455 1917 et
481 1887 682 1924 separationem
709 1887 890 1923 bypostaseon

105 1938 208 1972 pariter
226 1936 344 1972 negavit.
362 1935 410 1965 His
431 1943 495 1963 vero
510 1934 689 1962 clarissimam
710 1933 798 1962 lucem
813 1933 892 1961 aﬁ‘ert

111 1983 182 2013 alter
198 1982 318 2018 Dionysii
338 1982 514 2010 Alexandrini
533 1981 619 2014 locus,
640 1981 740 2008 citatus
764 1987 780 2007 a
798 1979 893 2014 Magno

108 2029 207 2057 Basilio
220 2029 247 2057 in
267 2029 335 2056 libro
348 2027 385 2055 De
397 2026 497 2061 Spiritu
510 2032 613 2060 sancto,
627 2033 688 2062 cap.
702 2025 749 2058 29,
774 2025 819 2053 ubi
833 2025 894 2052 Dio-

108 2076 217 2115 nysium
241 2075 315 2102 illum
341 2073 442 2102 inducit
462 2073 502 2101 sic
525 2073 553 2100 in
585 2072 672 2100 media
698 2079 746 2099 sua
769 2071 895 2106 Apologia

108 2126 203 2150 contra
213 2119 564 2153 Sabellianosdisputantem
572 2116 627 2154 (27)
639 2126 646 2144 :
656 2117 687 2144 Εἰ
696 2116 733 2153 τῷ
741 2117 814 2152 τρεῖς
827 2113 895 2143 εἶναι

107 2168 158 2199 τὰς
175 2167 347 2198 ὑποστάσεις,
373 2165 579 2201 μεμερισμένας
601 2161 671 2190 εἶναι
686 2162 807 2197 λέγουσι,
824 2162 897 2197 τρεῖς

899 1542 920 1572 C

917 236 1121 263 Samosatenum
1137 234 1268 268 scripsere
1280 230 1420 265 epistolam
1431 228 1497 265 (28),
1508 229 1534 255 in
1544 228 1599 262 ipsa
1609 229 1702 253 contra

916 282 1041 310 eumdem
1059 280 1172 308 Paulum
1197 284 1224 306 et
1247 277 1406 307 Sabellium,
1424 280 1524 311 negant
1539 273 1636 300 Filiutn
1656 271 1703 298 Dei

916 335 977 356 esse
992 326 1081 354 Patris
1095 325 1249 360 ἐπιστήμην
1264 322 1458 354 ἀνυπόστατον,
1476 328 1486 346 ‹
1497 318 1638 347 scientiam
1655 323 1704 350 per

918 381 947 401 se
963 373 1072 400 minime
1085 371 1292 399 subsistentem.
1307 379 1316 395 ι
1334 368 1366 396 Ει
1382 367 1481 395 ibidem
1497 365 1583 400 ipsum
1598 363 1644 390 Dei
1657 363 1704 390 Fi-

919 420 982 447 lium
999 419 1090 446 dicunt
1105 417 1151 445 Dei
1165 416 1255 445 Patris
1269 416 1410 452 ἐνέργειαν
1425 412 1515 445 ζῶσαν
1526 411 1573 438 καὶ
1584 408 1706 444 ὑφεστῶο

921 474 996 497 σαι(
1010 465 1134 492 virtutem
1146 463 1279 490 viventem
1296 469 1328 488 ac
1339 459 1540 487 subsistentem.
1552 466 1561 483 ι
1575 455 1640 489 Quis
1653 455 1705 489 igi—

921 517 965 540 tur
981 511 1086 538 dubitet
1112 510 1175 546 quin
1200 509 1226 536 lii
1246 507 1365 543 episcopi
1386 505 1482 533 Filium
1507 510 1615 539 quoque
1635 501 1707 529 dixe-

921 559 976 587 rint
990 558 1137 586 ὑπόστασιν
1154 564 1168 584 a
1184 556 1264 583 Patre
1286 551 1460 582 distinctam?
1477 549 1629 578 Praesertim
1644 555 1706 575 cum

923 604 1067 640 Dionysius
1082 601 1278 631 Alexandrinus
1291 599 1410 634 ejusdem
1423 596 1514 625 saeculi
1527 595 1575 631 τὴν
1588 593 1707 622 ὑπόστα-

924 660 965 679 σιν
990 656 1017 678 et
1040 651 1071 677 τὸ
1090 649 1269 677 ὲνυπόστατον
1292 652 1419 681 tanquam
1440 644 1510 672 idem
1529 641 1709 678 signiﬁcantia

924 697 1071 732 usurparit,
1089 701 1118 724 ut
1132 703 1165 723 ex
1178 695 1238 722 loco
1253 700 1335 728 supra
1348 692 1430 719 allato
1444 690 1542 726 liquet.
1556 688 1709 715 Alexander

923 744 1064 777 episcopus
1078 741 1287 771 Alexandrinus,
1301 739 1326 767 in
1340 737 1455 773 epistola
1481 736 1514 763 ad
1528 734 1710 763 Alexandrum

924 786 1250 822 Constantinopolitanum
1263 788 1327 811 ante
1340 782 1472 819 synodum
1487 781 1625 808 Nicaenam
1641 778 1711 806 scri-

925 840 981 870 pta,
999 834 1093 862 eodem
1107 840 1187 860 sensu
1208 838 1302 859 vocem
1318 828 1456 863 accepisse
1471 827 1588 859 videtur,
1603 825 1665 852 dum
1679 826 1713 851 ad

928 881 1007 908 verba
1025 879 1138 907 Joannis
1158 877 1331 913 evangelistte
1351 876 1454 910 Evaug.
1471 881 1532 908 cap.
1557 880 1578 904 ι,
1600 878 1670 899 vers.
1689 871 1712 901 l,

929 927 986 954 hinc
1001 926 1094 954 scribit
1104 925 1160 961 (29)
1173 935 1178 952 :
1189 925 1244 959 Τὴν
1256 923 1310 959 γὰρ
1320 922 1466 957 ἰδιότροπον
1476 918 1557 946 αὑτοῦ
1566 917 1715 945 ὑπόστασιν

929 973 1070 1008 ἐδήλωσεν,
1084 971 1235 1004 εἱπὼν,Ἐν
1244 968 1323 1004 ἀρχῇ
1336 966 1376 1003 ἦν
1386 969 1402 994 ὀ
1414 967 1518 1001 Λόγος,
1531 964 1579 992 καὶ
1592 966 1609 990 ό
1619 963 1714 997 Λόγος

928 1017 968 1054 ἦν
976 1018 1050 1053 πρὸς
1060 1018 1113 1045 τὸν
1123 1017 1208 1049 Θεόν,
1220 1025 1230 1042 ι
1241 1016 1266 1043 id
1274 1019 1332 1042 est:
1343 1024 1352 1040 ε
1366 1012 1478 1048 Proprio
1493 1012 1571 1038 modo
1585 1013 1714 1054 constar»

931 1051 984 1092 tcm
996 1051 1061 1097 iejus
1076 1061 1158 1098 (Filii)
1180 1059 1344 1097 hypostasim
1366 1055 1540 1092 signiﬁcavit,
1557 1053 1660 1085 dicens,
1678 1051 1712 1078 lu

929 1109 1057 1144 principio
1070 1113 1125 1135 erat
1144 1106 1264 1138 Verbum,
1282 1109 1306 1132 et
1325 1103 1435 1131 Verbum
1451 1106 1506 1128 erat
1522 1101 1593 1134 apud
1604 1098 1714 1127 Deum...

933 1155 977 1189 Et,
990 1156 1012 1184 si
1029 1154 1125 1190 Magno
1142 1153 1252 1184 Basilio,
1275 1152 1365 1187 potius
1385 1157 1466 1184 quant
1492 1154 1594 1182 nupera
1610 1144 1718 1173 Jesuitm

932 1202 1053 1234 Petavio,
1069 1189 1136 1228 ﬁdes
1150 1199 1272 1226 habenda
1286 1197 1333 1230 sit,
1349 1196 1443 1224 eodem
1458 1201 1538 1222 sensu
1554 1189 1718 1219 vocabulum

933 1247 1132 1278 intellexerunt,
1157 1246 1235 1280 juxta
1253 1243 1392 1278 antiquum
1413 1240 1520 1268 scilicet
1547 1239 1574 1264 in
1598 1235 1719 1264 Ecclesia

933 1301 1023 1327 usum,
1043 1292 1139 1320 Patres
1155 1291 1267 1322 Nicami,
1285 1296 1345 1316 cum
1371 1288 1397 1315 in
1413 1285 1540 1322 Symbolo
1562 1283 1720 1311 anathema-

935 1341 1053 1367 tizarunt
1072 1345 1135 1370 eos,
1151 1337 1197 1372 qui
1217 1337 1338 1363 dicerent
1360 1333 1458 1361 Filium
1481 1338 1542 1359 esse
1567 1329 1597 1362 ἐξ
1623 1329 1721 1364 ἑτέρας

935 1384 1108 1416 ὑποστάσεως
1132 1383 1149 1418 ἢ
1167 1382 1270 1414 οὐσίας,
1289 1389 1299 1407 ‹
1310 1388 1344 1408 ex
1366 1379 1417 1407 alia
1433 1376 1572 1413 bypostasi
1589 1375 1646 1402 sive
1657 1374 1722 1402 sub-

935 1432 1034 1459 stantia
1052 1440 1062 1457 »
1081 1437 1164 1465 quam
1178 1428 1278 1456 Patris.
1292 1427 1359 1454 Nam
1371 1424 1487 1452 Basilius
1505 1423 1531 1450 in
1553 1419 1664 1457 epistola
1675 1419 1721 1452 78,

936 1477 1058 1504 referens
1079 1473 1237 1502 Marcellum
1255 1473 1441 1507 Ancyranum,
1460 1474 1486 1496 et
1507 1468 1575 1496 alios
1592 1466 1722 1502 quosdam

938 1522 1097 1551 Sabelliana:
1111 1521 1230 1548 fautores
1243 1518 1367 1550 haeresis,
1380 1525 1412 1545 ex
1429 1516 1482 1543 illis
1499 1513 1600 1542 Niczeni
1615 1511 1724 1540 concilii

936 1570 1025 1597 verbis
1039 1567 1219 1604 patrocinium
1235 1565 1411 1601 quaesivisse;
1428 1561 1521 1590 οὐσίαν
1536 1565 1562 1588 et
1577 1559 1725 1587 ὑπόστασιν

937 1620 1017 1651 negat
1030 1616 1062 1641 ὲκ
1077 1613 1260 1650 παραλλήλου,
1272 1616 1299 1639 et
1317 1616 1446 1645 tanquam
1460 1609 1529 1636 idem
1541 1606 1727 1642 signiﬁcantes

938 1669 1019 1689 voces
1036 1668 1052 1688 a
1069 1659 1193 1689 Patribus
1208 1657 1344 1685 adhibitas
1356 1656 1452 1683 fuisse.
1463 1653 1538 1688 Quod
1555 1654 1606 1681 hac
1623 1653 1727 1679 ratione

938 1707 1033 1741 probat
1047 1715 1054 1734 :
1068 1706 1100 1733 Ei
1113 1704 1168 1740 γὰρ
1183 1704 1259 1740 μίαν.
1274 1703 1319 1731 καὶ
1331 1701 1381 1738 τὴν
1400 1701 1483 1736 αὐτὴν
1499 1700 1607 1735 ἐδήλουν
1623 1699 1728 1725 ἔννοιαν

938 1754 967 1783 αἱ
980 1753 1077 1789 φωναὶ,
1090 1751 1131 1783 τίς
1145 1750 1224 1786 χρεία
1235 1747 1268 1785 ἦν
1283 1747 1435 1783 ἑκατέρωνς
1444 1745 1525 1773 Ἀλλὰ
1537 1744 1617 1779 δῆλον
1627 1744 1676 1775 ὅτι,
1689 1743 1728 1775 ὡς

938 1799 993 1827 τῶν
1014 1799 1061 1834 μὲν
1073 1797 1245 1834 ἀρνουμένων
1259 1794 1289 1822 τὸ
1305 1795 1338 1821 ὲκ
1349 1794 1398 1829 τῆς
1414 1791 1506 1823 οὐσίας
1523 1789 1592 1817 εἶναι
1605 1789 1654 1817 τοῦ
1670 1789 1729 1817 Πα-

940 1845 1013 1881 τρὸς,
1027 1844 1081 1872 τῶν
1108 1844 1138 1872 δὲ
1152 1842 1284 1877 λεγόντων
1300 1840 1361 1868 οὒτε
1384 1841 1417 1867 ὲκ
1434 1839 1482 1874 τῆς
1504 1837 1607 1868 οὐσίας,
1627 1835 1684 1863 ἀλλ’
1700 1835 1730 1867 ἐξ

941 1891 1023 1927 ἄλλης
1040 1891 1111 1923 τινὸς
1131 1889 1305 1920 ὑποστάσεως
1315 1896 1321 1903 ·
1337 1886 1423 1918 οὕτως
1438 1884 1580 1921 ἀμφότερα
1599 1883 1636 1914 ὡς
1653 1882 1730 1909 ἀλλό-

942 1946 1006 1973 τρια
1023 1936 1070 1964 τοῦ
1089 1933 1314 1971 ὲκκλησιαστικοῦ
1330 1933 1504 1969 φρονήματος
1528 1929 1728 1965 ἀπηγόρευσαν.

943 1984 972 2011 Id
995 1988 1047 2016 est,
1075 1992 1084 2008 ι
1100 1981 1128 2010 Si
1146 1988 1226 2009 unam
1245 1985 1272 2008 et
1290 1980 1412 2007 eamdem
1427 1983 1484 2005 rem
1508 1976 1731 2012 signiﬁcaverunt

943 2037 1026 2058 voces
1042 2028 1112 2062 illae,
1120 2028 1185 2063 quid
1201 2026 1336 2056 attinebat
1352 2025 1432 2053 simul
1448 2024 1508 2051 illas
1523 2022 1664 2050 adhiberi?
1676 2021 1731 2050 Sed

944 2076 1116 2112 perspicuum
1143 2078 1197 2105 est,
1216 2081 1250 2101 eo
1271 2072 1342 2108 quod
1361 2071 1405 2099 alii
1434 2074 1565 2105 negarent
1586 2069 1685 2097 Filium
1716 2073 1733 2094 e

946 2121 1100 2149 substantia
1113 2127 1175 2148 esse
1191 2119 1297 2152 Patris;
1316 2117 1361 2145 alii
1378 2123 1465 2152 neque
1483 2124 1516 2143 ex
1532 2116 1591 2151 ejus
1605 2115 1733 2142 substan-

948 2167 995 2199 tia,
1022 2171 1049 2193 et
1074 2173 1107 2193 ex
1127 2165 1181 2192 alia
1206 2165 1316 2198 insuper
1343 2162 1483 2198 hy~postasi
1503 2168 1564 2188 esse
1591 2161 1732 2188 dicerent:

109 2214 163 2243 εἰσι
178 2212 229 2243 κᾶν
257 2212 296 2247 μὴ
319 2211 442 2243 Θέλωσιν,
456 2210 473 2245 ἢ
487 2210 537 2245 τὴν
553 2208 627 2236 θείαν
640 2208 742 2244 Τριάδα
758 2207 883 2236 παντελῶ

936 2216 1090 2246 .utramque
1106 2210 1165 2238 illos
1177 2210 1333 2245 opinionem
1348 2213 1477 2242 tanquam
1493 2207 1609 2234 alienam
1625 2213 1639 2231 a
1653 2212 1735 2233 sensu

109 2259 290 2290 ἀνελέτωσαν,
306 2257 334 2285 id
350 2261 401 2290 est,
430 2265 441 2282 ς
455 2255 485 2283 Si
504 2263 536 2283 eo
557 2255 630 2290 quod
649 2259 709 2282 trcs
720 2259 785 2283 sunt
800 2261 895 2289 perso-

110 2313 163 2338 nae,
177 2305 277 2332 divisas
298 2309 359 2331 esse
380 2302 485 2334 dicunt,
512 2306 567 2329 tres
591 2306 655 2329 sunt
674 2300 784 2328 etiamsi
799 2300 898 2332 uelint,

111 2357 160 2382 aut
171 2351 289 2379 divinam
305 2349 466 2377 Trinitatem
490 2354 603 2382 prorsus
619 2354 635 2375 e
655 2347 745 2375 medio
765 2346 870 2374 tollant.
887 2356 896 2372 ι

112 2398 217 2432 Quibus
232 2405 264 2425 ex
281 2396 369 2425 verbis
383 2399 476 2430 aperte
489 2393 635 2428 coiligitur,
660 2393 728 2428 apud
743 2392 900 2420 Catholicos

113 2443 234 2479 Dionysii
247 2448 325 2470 ωιοιε
338 2447 425 2470 ratum
441 2446 469 2470 et
485 2441 568 2471 ﬁxum
583 2439 647 2466 illud
663 2438 758 2470 fuisse,
773 2443 829 2465 tres
841 2445 900 2465 esse

114 2492 142 2520 in
160 2489 258 2517 divinis
273 2489 448 2524 bypostases;
467 2486 636 2515 Sabellianos
650 2492 715 2512 vero
734 2492 767 2511 ex
793 2484 836 2511 illa
852 2483 901 2520 hy—

114 2535 220 2575 pothesi
243 2535 372 2570 consequi
387 2534 560 2562 existimasse
585 2536 640 2559 tres
661 2537 721 2558 esse
742 2530 901 2566 bypostases

113 2583 233 2614 divisas;
253 2586 345 2616 utpote
369 2581 414 2616 qui
435 2585 491 2608 tres
506 2579 649 2607 distinctas
665 2583 794 2612 personas
811 2576 837 2603 in
858 2582 901 2602 es-

114 2628 202 2656 scntia
223 2628 314 2655 divina
334 2627 436 2662 absque
460 2626 593 2654 divisione
611 2623 790 2652 subsistentes
813 2625 902 2649 mente

115 2684 165 2704 sua
179 2675 322 2711 concipere
337 2673 526 2709 nequiverunt.
542 2673 618 2701 llatic
632 2675 720 2699 autem
732 2676 902 2703 consequen-

118 2724 183 2750 tiam
200 2722 311 2749 omnino
326 2721 450 2755 rejiciunt
467 2721 547 2748 ambo
568 2719 687 2756 Dionysii
702 2718 729 2745 in
744 2718 809 2745 locis
822 2724 902 2751 supra

116 2767 251 2797 adductis.
277 2766 436 2802 Pergamus.
467 2765 589 2802 Dionysii
617 2765 759 2800 utriusque
784 2761 903 2798 :equales

155 2823 211 2859 (27)
226 2823 255 2850 S.
273 2823 363 2851 Basilii
376 2827 440 2850 tom.
453 2821 485 2854 ll,
504 2829 531 2857 p.
546 2821 609 2855 358,
622 2821 686 2849 edit.
701 2820 786 2848 Paris.
802 2818 880 2846 1657.

156 2871 212 2907 (28)
230 2871 297 2899 Bibl.
315 2870 373 2898 PP.
386 2876 448 2898 tom.
463 2868 506 2897 XI.

947 2255 1130 2284 ecclesiastico
1150 2254 1285 2288 reiecisse.
1309 2263 1319 2279 ›
1341 2252 1419 2279 Libet
1436 2258 1500 2278 vero
1519 2251 1564 2278 hic
1579 2250 1668 2277 obiter
1685 2257 1732 2276 ar-

949 2307 1072 2339 gumenta
1090 2301 1238 2337 pnucipua,
1255 2299 1355 2334 quibus
1372 2299 1442 2325 hanc
1459 2297 1495 2324 Μ.
1520 2296 1611 2323 Basilii
1626 2301 1736 2323 senten-

951 2350 1015 2378 tiam
1029 2347 1181 2376 convellere
1196 2346 1324 2374 Petavius
1341 2349 1455 2372 conatus
1467 2347 1509 2371 est
1520 2342 1558 2370 De
1567 2342 1675 2374 Trinit.,
1687 2341 1734 2368 lib.

952 2403 990 2428 tv,
1010 2402 1070 2430 cap.
1087 2394 1116 2427 2,
1141 2399 1220 2421 num.‘
1235 2392 1264 2425 6,
1287 2392 1383 2427 paucis
1408 2390 1441 2417 ad
1461 2396 1574 2417 examen
1596 2389 1735 2415 revocare.

956 2450 965 2467 ι
979 2441 1082 2475 Primo,
1111 2440 1211 2475 inquit,
1233 2442 1327 2466 contra
1358 2437 1444 2465 solum
1465 2435 1522 2464 Arii
1537 2437 1634 2470 dogma
1656 2433 1738 2469 Syru-

953 2487 1006 2514 boli
1024 2485 1170 2514 clausulam
1187 2484 1323 2512 addidisse
1351 2482 1447 2510 Patres
1472 2481 1581 2516 liquido.
1596 2483 1713 2506 constat.
1726 2488 1736 2504 ι

955 2532 1077 2559 Poteram
1100 2533 1270 2566 interrogare
1299 2529 1452 2559 Petavium,
1480 2527 1551 2554 unde
1581 2526 1607 2553 id
1638 2525 1741 2560 liquido

955 2577 1078 2605 constet?
1093 2577 1172 2605 Certe
1188 2577 1374 2612 liquidissima.
1391 2578 1510 2604 constat,
1533 2572 1629 2599 Patres
1649 2571 1675 2598 in
1691 2578 1740 2598 suo

956 2625 1084 2661 Sytnbolo
1108 2632 1262 2659 quanquam
1285 2624 1341 2651 Arii
1369 2623 1466 2657 dogma
1489 2619 1623 2655 praecipue
1651 2618 1741 2652 impu-

955 2678 1039 2706 gnare
1055 2670 1231 2702 intenderim,
1253 2670 1368 2697 aliorum
1388 2673 1475 2695 tamen
1501 2666 1618 2692 haereses
1641 2662 1740 2690 alicubi

957 2716 1151 2752 perstringere.
1172 2716 1218 2743 Sic
1240 2723 1301 2742 cum
1319 2715 1453 2742 deﬁniunt
1474 2719 1521 2747 per
1544 2710 1642 2738 Filium
1671 2708 1741 2735 facta

956 2762 1040 2790 fuisse
1064 2762 1168 2794 omnia,
1201 2769 1253 2788 non
1273 2760 1399 2793 Arianos,
1421 2758 1521 2794 quippe
1537 2757 1582 2791 qui
1601 2756 1652 2783 hoc
1671 2762 1741 2781 nun-

994 2817 1051 2853 (29)
1068 2817 1231 2845 Tlieodorct.
1260 2815 1358 2842 Ercles.
1374 2815 1436 2842 hist.
1452 2813 1500 2841 lib.
1518 2819 1536 2846 ι,
1550 2818 1613 2846 cap.
1627 2809 1654 2839 4.
