1908 3071
211 113 221 138 1
227 112 279 138 303

203 176 283 204 quam
304 170 442 206 negarint;
467 171 515 198 sed
538 171 688 205 Ehionazos,
708 172 901 205 Artemonitas,
928 172 978 200 Sa—
992 174 1015 202 Α

205 215 416 247 mosatenianos,
439 219 466 242 et
484 214 602 250 ejusdem
619 221 732 244 monetae
755 217 822 245 alios
837 217 979 246 haereticos

203 259 313 287 feriunt.
338 260 391 288 Sed
413 265 481 294 esto,
499 261 645 289 clausulam
668 262 746 289 istam
774 267 867 290 contra
894 262 979 290 solum

202 305 364 334 Arianorum
376 305 472 341 dogma
487 314 500 333 a
515 306 639 335 Patribus
653 307 768 334 additam
796 307 878 335 fuisse
899 308 980 345 (quod

202 351 373 378 verissimum
400 359 458 379 esse
480 351 574 387 puto);
601 353 664 387 quid
699 354 774 380 tum?
791 354 913 388 iAriani,
937 354 980 381 in-

203 396 261 430 quit
274 395 410 429 Petavius,
434 405 487 424 non
504 397 654 425 docuerunt
682 397 781 426 Filium
797 399 830 426 ab
849 399 899 426 alia
917 407 980 435 per-

204 449 269 468 sona
289 449 368 477 quam
386 442 474 470 Patris
493 443 623 477 originem
648 444 771 472 traxisse.
783 454 792 471 ι
811 444 979 480 Hespondeo,

205 494 290 521 neque
310 487 436 515 docuisse
458 487 618 515 Arianorum
645 490 810 524 quempiam,
831 490 929 518 Filium
948 498 981 519 ex

205 532 255 560 alia
271 534 420 562 substantia
434 535 563 569 originem
579 535 704 570 traxisse,
715 536 737 563 si
751 537 835 572 rigide
847 542 875 565 et
888 544 982 566 exacte

203 578 276 613 loqui
302 579 426 607 velimus.
451 580 548 607 Verum
569 585 599 607 ut
615 588 709 609 omnes
731 582 823 610 Ariani
851 588 983 618 negarunt

204 623 302 652 Filium
325 632 341 652 e
356 625 504 653 substantia
521 625 608 653 Patris
624 633 731 660 natum;
747 628 783 655 ita
799 628 906 662 quidam
926 629 982 657 ullo

205 671 284 699 modo
297 679 330 699 ex
343 671 400 706 ipso
413 672 502 704 Patre,
516 673 573 700 sive
588 679 620 699 ex
635 673 772 709 hypostasi
784 673 872 702 Patris
889 679 982 701 natum

205 717 280 744 illum
296 717 378 745 fuisse
390 723 580 751 peruegarunt.
597 718 705 746 Scilicet
726 720 784 746 dum
799 719 874 747 fuere
892 720 916 746 in
927 720 981 754 pri-

205 763 256 789 mis
273 763 498 790 Ariomanitarum
510 763 629 791 classes:
645 763 689 790 alii
707 763 859 791 fatebantur
873 765 981 799 quidem

920 109 1133 140 EXCERPTUM

1748 111 1815 141 ῑδοι

1030 169 1134 198 Seleuc.
1143 169 1226 197 recita
1231 173 1267 202 ta,
1274 169 1331 197 haec
1340 169 1371 197 in'
1377 169 1428 197 ﬁne
1435 168 1515 197 habet
1527 178 1533 196 :
1543 169 1598 207 (30)
1606 169 1681 202 Τοὺς
1687 169 1717 196 δὲ
1724 169 1814 204 λέγον-

1029 226 1078 249 τας
1089 216 1117 250 ἐξ
1129 216 1180 243 οὐκ
1192 216 1276 243 ὃντων
1294 216 1340 243 τὸν
1356 215 1429 248 Υἱδν,
1444 215 1460 251 ἦ
1476 215 1505 247 ἐξ
1518 216 1613 252 ἑτέρας
1626 216 1813 249 ὑποστάσεως,

1030 263 1077 290 καὶ
1093 262 1130 298 μὴ
1147 263 1179 289 ἐκ
1194 261 1241 288 τοῦ
1254 261 1332 293 Θεοῦ,
1344 260 1413 297 [καὶ]
1429 258 1462 296 ἦν
1476 261 1540 287 ποτὲ
1554 261 1598 287 ὅτε
1612 262 1664 287 οὐκ
1678 259 1725 295 ἦν,
1740 261 1814 288 ἀλλο-

1029 309 1120 345 τρίους
1133 306 1202 334 οἶδεν
1215 309 1231 343 ἡ
1249 307 1377 342 καθολικὴ
1385 306 1539 342 Ἐκκλησία.
1547 306 1575 333 id
1588 311 1640 339 est,
1653 306 1726 334 «Eos
1738 313 1816 342 porro

1030 354 1076 390 qui
1092 354 1182 381 dicunt
1199 353 1295 380 Filium
1313 360 1346 380 ex
1360 360 1412 380 non
1427 352 1627 386 exsistentibus,
1641 352 1705 380 sive
1717 359 1750 380 ex
1764 352 1815 379 alia

1030 399 1178 435 hypostasi,
1194 403 1221 426 et
1242 406 1294 426 non
1314 405 1348 425 ex
1365 397 1420 425 Deo
1433 405 1503 431 esse,
1519 403 1546 425 et
1566 398 1617 425 fuit
1633 403 1745 433 tempus
1764 405 1815 433 quo

1031 445 1148 472 nondum
1171 449 1229 471 erat
1251 443 1343 477 Filius,
1359 443 1462 470 alienos
1482 450 1497 470 a
1514 451 1544 471 se
1566 448 1661 471 censet
1682 443 1814 471 catholica

1031 487 1160 515 Ecclesia.
1174 496 1184 512 ι
1201 487 1298 514 Eadem
1312 487 1390 522 plane
1402 486 1529 514 exhibent
1542 485 1690 515 Confessio
1702 493 1752 522 per
1764 487 1815 514 Eu-

1033 532 1153 564 doxium,
1168 531 1338 567 Martyrium,
1361 537 1389 559 et
1407 531 1475 559 alios
1493 531 1522 558 in
1544 530 1649 559 italiam
1676 532 1772 566 missa,
1791 537 1816 560 et

1031 577 1173 605 Confessio
1186 577 1353 610 Sirmiensis,
1367 585 1425 612 qua
1437 578 1507 613 apud
1523 577 1708 605 Athanasium
1722 577 1815 605 ibidem

1032 628 1193 658 sequuntur.
1219 623 1299 651 Vides
1321 629 1410 651 autem
1427 624 1479 657 hic,
1494 624 1611 652 Arianos
1629 624 1695 651 illos
1708 631 1816 658 negasa

1031 668 1140 700 Filium,
1163 675 1197 696 ex
1212 669 1296 696 nihilo
1319 673 1452 702 creatum,
1475 670 1533 697 sive
1549 670 1672 702 factum;
1691 674 1720 697 et
1736 669 1817 696 fassus

1033 712 1115 740 fuisse
1122 711 1220 740 Filium
1230 712 1259 746 ὲξ
1271 713 1444 744 ὑποστάσεως
1458 723 1467 739 ι
1481 722 1514 740 ex
1525 714 1666 748 hypostasi
1678 723 1688 739 ι
1709 714 1755 741 Dei
1770 713 1815 740 Pa-

1034 759 1093 798 tris,
1105 758 1161 786 sive
1174 765 1207 785 ex
1223 758 1280 792 ipso
1303 759 1356 786 Deo
1374 764 1464 786 natum
1480 768 1487 786 :
1501 767 1561 787 cum
1582 765 1676 788 tamen
1700 760 1816 788 certissi-

206 809 302 836 qum
317 817 350 836 εχ
365 809 420 844 ipsa
436 808 522 836 pan-is
538 810 676 845 ιηροειηεί
691 809 816 844 pecuum
839 810 917 837 modo
935 817 984 836 na-
999 842 1017 845 ᾳ
1034 812 1105 831 mum
1121 804 1156 831 sit
1177 805 1286 832 eosdem
1308 805 1450 833 haereticos
1470 814 1608 841 nunquam
1630 806 1737 839 fassas,
1758 815 1816 834 nun—

207 858 261 881 tum
279 854 373 886 fuisse,
389 861 440 881 non
455 858 484 881 ut
499 859 602 882 ceterae
625 860 766 888 creaturae,
786 863 819 882 ex
844 855 927 882 nihilo
942 855 981 882 fa-

1037 856 1114 882 quam
1126 849 1245 877 fassuros
1257 849 1339 878 fuisse
1351 851 1446 878 Filium
1454 851 1483 884 ὲξ
1490 852 1582 884 οὐσίας
1593 861 1602 877 ι
1613 860 1628 879 e
1641 852 1794 879 substantia
1804 862 1814 878 ι

205 903 295 931 etum;
314 899 360 926 sed
382 900 515 934 negabant
536 904 624 927 tamen
641 899 737 927 Filium
760 907 793 927 ex
813 899 901 927 Patris
919 901 984 928 sub-

205 945 302 971 stantia
317 946 499 980 progenitum;
519 946 643 973 virtutem
662 946 847 974 tantummodo
864 946 983 980 aliquam

206 995 344 1024 paternam
367 990 441 1017 illum
463 998 524 1018 esse
548 991 735 1018 existimantes
750 1012 758 1024 ,
786 998 840 1019 non
868 996 985 1026 paterna!

205 1037 362 1063 substantia:
378 1036 542 1072 dmdppamv-
559 1037 603 1064 alii
625 1045 660 1064 ne
680 1045 711 1065 ex
736 1038 794 1072 ipso
809 1036 889 1065 Patre
905 1045 986 1072 pecu-

207 1084 265 1110 liari
288 1084 366 1111 modo
381 1085 500 1119 genitum
524 1083 607 1112 fuisse
630 1084 728 1112 Filium
752 1085 914 1118 faterentur;
939 1086 985 1113 sed

206 1129 283 1162 plane
297 1137 329 1157 ex
346 1138 398 1158 non
414 1131 604 1159 exsistentibus
622 1131 732 1165 factum,
746 1136 775 1159 ut
789 1137 892 1160 caetera
908 1140 985 1161 crea-

207 1179 282 1207 turae,
296 1176 409 1203 rotunde
425 1176 642 1210 pronuntiarunt.
655 1176 762 1205 Priorcs
776 1177 813 1204 illi
826 1176 986 1206 Scmiariani

207 1221 270 1248 dicti
296 1220 380 1253 fuere,
396 1229 509 1256 quorum
530 1223 694 1249 sententiam
709 1242 717 1255 ,
733 1229 766 1250 ex
782 1223 901 1258 ipsorum
923 1231 987 1251 con-

207 1265 325 1294 fossione
337 1267 405 1301 apud
416 1267 595 1302 Epiphanium
609 1268 704 1296 haeres.
719 1276 819 1302 Lxxnt,
837 1277 909 1296 num.
925 1269 943 1296 2
960 1274 987 1297 et

207 1320 296 1347 βρίμῃ..
317 1314 356 1340 sic
369 1313 462 1347 paucis
476 1314 577 1348 optime
593 1314 739 1349 explicavit
755 1315 817 1342 alibi
835 1315 893 1350 ipse
911 1314 987 1343 Peta—

207 1359 266 1385 vius
283 1359 324 1386 his
336 1359 423 1386 verbis
437 1369 445 1387 :
461 1360 529 1392 «lbi,
552 1360 640 1394 inquit
662 1360 698 1387 De
715 1359 811 1387 Trim't.
834 1361 879 1388 lib.
893 1369 913 1394 ι,
927 1368 986 1395 cap.

208 1405 252 1437 10,
268 1412 340 1432 num.
367 1405 400 1439 7,
421 1406 503 1432 multa
525 1406 659 1433 catholico
677 1406 793 1441 dogmati
808 1414 887 1441 quam
903 1407 985 1434 simil-

208 1451 272 1478 lima
289 1450 438 1485 proferunt.
453 1449 480 1478 lu
498 1451 591 1486 primis
602 1452 672 1484 quod
687 1451 784 1479 Filium
810 1456 908 1487 negant
923 1459 985 1480 esse

207 1501 371 1530 creaturam,
388 1503 420 1523 eo
433 1497 504 1530 quod
518 1504 598 1523 verus
612 1497 647 1524 sit
658 1497 742 1525 Filius
757 1505 767 1524 :
781 1504 812 1525 ac
826 1505 889 1525 vera
905 1505 981 1533 gene-
999 1513 1020 1542 ε

208 1541 313 1568 ratione
327 1542 485 1576 productus,
507 1549 560 1569 non
576 1543 678 1577 trepica
694 1543 749 1575 illa,
765 1551 816 1578 qua
830 1548 929 1572 creatre
943 1551 986 1572 res

208 1595 222 1612 a
237 1588 290 1614 Deo
301 1588 397 1622 genitae
409 1587 534 1614 dicuntur
549 1597 555 1615 :
572 1589 617 1615 sed
632 1595 695 1615 vere
708 1596 766 1615 esse
775 1587 894 1615 Patrem.
903 1588 987 1622 Quem

207 1637 235 1658 et
256 1640 289 1659 ex
313 1639 372 1660 sese
393 1633 517 1668 genuisse
540 1633 639 1660 Filium
667 1634 796 1667 fatentur,
821 1634 901 1670 idque
924 1640 988 1663 ante

209 1685 316 1706 omnem
336 1678 537 1713 cogitationem,
557 1683 584 1705 et
605 1685 699 1707 onmes
724 1680 851 1713 rationes,
870 1687 897 1708 et
921 1686 988 1708 tem-

208 1731 284 1758 pora,
296 1729 322 1752 et
336 1723 443 1751 saecula.
458 1722 520 1752 Haec
533 1729 597 1752 sunt
610 1725 700 1760 specie
714 1725 771 1760 ipsa
787 1725 949 1760 plausibilia,
962 1732 989 1754 et

209 1770 243 1797 ad
267 1770 426 1798 catholicam
450 1772 644 1805 professionem
668 1779 748 1806 quam
772 1773 894 1807 proxime
913 1781 989 1801 acce-

209 1815 286 1843 dunt.
301 1816 353 1843 Sed
365 1816 440 1844 deest
457 1821 546 1845 tamen
565 1817 616 1845 hoc
630 1817 693 1850 illis,
709 1818 736 1845 in
756 1825 809 1853 quo
829 1819 890 1847 ﬁdei
909 1820 990 1847 robur

209 1866 342 1896 caputque
355 1862 494 1895 consistit,
517 1864 588 1898 quod
610 1863 705 1891 Filium
725 1864 757 1891 ὲκ
771 1865 820 1900 τῆς
835 1865 929 1897 οὐσίας
944 1872 990 1899 ge-

209 1908 295 1934 nitum
315 1915 330 1934 a
351 1907 431 1935 Patre
453 1915 515 1936 esse
534 1916 586 1936 non
612 1910 791 1943 confitentur,
814 1910 863 1938 sed
887 1911 918 1937 ἐκ
941 1911 990 1945 τῆς

210 1953 365 1989 ὁμοιότητος
396 1954 442 1981 τοῦ
471 1955 593 1991 Πατρὺς,
623 1964 656 1982 ea:
686 1957 858 1983 similitudine
885 1956 990 1988 Patria;

210 2006 305 2033 nempe
317 1999 440 2035 ἐνεργείᾳ.
451 2002 608 2036 γεννητικῇ,
632 2002 733 2028 actione
750 2006 774 2028 et
794 2001 930 2036 efﬁcientia
947 2009 991 2035 ge-

210 2044 298 2071 nitali.
318 2044 455 2080 Siquidem
476 2045 583 2073 Patrem
601 2048 674 2074 aiunt
690 2047 780 2074 varias
804 2047 923 2074 actiones
940 2048 990 2074 ha-

211 2090 285 2122 bere,
302 2098 381 2117 unam
397 2091 536 2126 κτιστικὴν
556 2093 716 2124 creatricem,
734 2092 843 2119 alteram
868 2100 991 2127 γεννητι-

212 2134 262 2170 κὴν
275 2137 478 2170 generatricem,
499 2144 558 2171 qua:
580 2137 702 2172 producit
724 2137 838 2170 Filium,
860 2142 916 2164 tum
940 2145 990 2164 non

1034 894 1123 921 Patris
1135 897 1315 930 progenitum.
1329 896 1410 924 [lecte
1421 897 1511 931 itaque
1522 903 1606 932 atque
1618 898 1729 925 erudite
1743 905 1815 926 voces

1035 940 1180 973 ὑπόστασις
1192 947 1218 969 et
1229 941 1308 969 οὐσία
1325 942 1351 969 in
1366 942 1491 978 Sylnbolo
1506 943 1616 971 Nicarno
1628 944 1758 971 distinxit
1769 944 1815 971 Ba-

1034 985 1133 1013 silius:
1148 990 1250 1013 temere
1274 994 1338 1013 vero
1362 994 1483 1022 prorsus,
1510 989 1730 1015 observationem
1748 989 1813 1016 illam

1035 1031 1124 1066 magni
1140 1031 1260 1059 doctoris
1274 1032 1376 1066 carpsit
1392 1031 1493 1059 Jesuita
1508 1033 1646 1061 Petavius.
1665 1033 1745 1066 Quod
1758 1041 1815 1061 vero

1035 1076 1067 1102 ad
1084 1075 1174 1103 Basilii
1189 1077 1333 1109 rationem,
1345 1085 1451 1111 nempe,
1467 1077 1562 1105 Patres
1579 1078 1706 1106 Nicmnos
1725 1079 1751 1106 in
1766 1084 1813 1106 tam

1035 1121 1108 1149 brevi
1128 1122 1265 1157 Symbolo,
1281 1124 1348 1150 duas
1366 1124 1431 1151 istas
1452 1131 1533 1152 voces
1544 1124 1624 1152 simul
1644 1125 1813 1152 adhibiturus

1035 1175 1087 1195 non
1111 1168 1203 1202 fuisse,
1223 1170 1245 1197 si
1270 1170 1364 1197 eadem
1387 1174 1456 1198 esset
1470 1170 1622 1199 ambarum
1642 1171 1813 1207 signiﬁcatio,

1035 1215 1322 1248 rcspondetPetavius;
1336 1216 1361 1243 id
1373 1216 1451 1244 facile
1464 1217 1603 1244 refellitur.
1621 1227 1631 1243 ι
1657 1217 1700 1249 Si,
1723 1217 1813 1252 inquit,

1035 1258 1127 1286 Basilii
1146 1261 1197 1287 ista
1227 1261 1296 1288 ratio
1322 1262 1434 1294 valeret,
1458 1269 1490 1289 ne
1511 1262 1576 1289 illud
1592 1262 1706 1297 quidem
1730 1268 1813 1296 repre-

1037 1306 1175 1334 hensionis
1199 1315 1297 1341 expers
1317 1307 1397 1340 foret,
1422 1308 1491 1343 quod
1513 1308 1538 1334 in
1558 1309 1653 1335 eodem
1681 1308 1814 1344 Symbolo,

1035 1360 1096 1378 cum
1109 1352 1203 1379 Patres
1217 1352 1359 1386 dixissent,
1377 1353 1504 1381 damnare
1525 1361 1555 1381 se
1578 1353 1648 1386 illos,
1666 1354 1715 1388 qui
1738 1353 1815 1380 fuisse

1036 1397 1180 1431 aliquando
1195 1402 1331 1432 putarent,
1346 1399 1452 1433 quando
1466 1406 1518 1426 non
1541 1403 1600 1426 erat
1613 1399 1713 1432 Filius,
1727 1399 1812 1426 statim

1036 1442 1062 1469 id
1083 1442 1240 1476 subjiciunt,
1264 1444 1334 1478 quod
1361 1444 1428 1471 idem
1454 1445 1597 1480 signiﬁcat,
1621 1449 1651 1471 et
1675 1449 1813 1480 antequam

1036 1493 1203 1521 nasceretur,
1219 1496 1271 1515 non
1293 1494 1491 1516 eratznecnon
1517 1490 1579 1524 quia
1602 1497 1635 1516 ex
1660 1489 1742 1516 nullis
1755 1490 1811 1517 sub-

1037 1535 1170 1562 stantibus
1183 1534 1269 1562 factus
1294 1539 1345 1562 est.
1361 1545 1371 1561 ι
1388 1535 1440 1563 Sed
1463 1543 1530 1570 nego
1552 1536 1631 1562 verba
1660 1536 1705 1563 illa
1729 1541 1814 1563 tante-

1037 1587 1117 1615 quam
1133 1586 1297 1613 nasceretur,
1309 1587 1362 1608 non
1378 1585 1448 1613 erat,
1459 1590 1469 1606 ι
1495 1581 1564 1607 idem
1580 1588 1694 1615 prorsus
1717 1580 1810 1616 signiﬁ-

1038 1632 1112 1658 care,
1127 1626 1196 1660 quod
1213 1625 1314 1660 priora,
1342 1635 1352 1651 ε
1365 1630 1424 1653 erat
1435 1627 1543 1660 quamlo
1565 1634 1617 1653 non
1639 1631 1712 1653 erat.
1725 1635 1734 1652 ι
1754 1624 1810 1652 Nam

1037 1672 1111 1706 prior
1131 1673 1262 1699 sententia
1281 1671 1342 1699 Filii
1361 1672 1527 1699 exsistentia:
1550 1672 1657 1698 initium
1682 1671 1812 1698 indefinite

1040 1717 1148 1749 tribuit;
1170 1717 1253 1744 altera
1270 1722 1396 1751 punctum
1413 1718 1509 1752 ipsum,
1523 1722 1551 1744 ut
1573 1718 1608 1744 ita
1625 1717 1726 1749 dicam,
1748 1716 1809 1743 inilii

1039 1762 1109 1789 illius
1119 1762 1252 1797 designat.
1265 1762 1392 1797 Equidem
1405 1771 1499 1790 sensus
1515 1764 1540 1790 in
1554 1762 1644 1789 verbis
1665 1761 1811 1796 posteriori-

1039 1808 1089 1834 bus
1102 1807 1176 1840 Ialet,
1191 1808 1237 1842 qui
1260 1808 1341 1835 etiam
1355 1808 1457 1835 Petavii
1475 1816 1586 1835 acumen
1609 1807 1696 1843 fugit;
1709 1806 1808 1841 quinam

1039 1860 1104 1880 vero
1119 1854 1163 1881 ille
1176 1853 1221 1886 sit,
1237 1853 1306 1881 infra
1333 1854 1507 1881 commodiori
1528 1855 1586 1881 loco
1604 1854 1665 1881 fuse
1681 1852 1810 1888 explicabi

1041 1907 1110 1926 Inus.
1136 1899 1227 1934 Neque
1250 1907 1342 1928 verum
1363 1905 1403 1927 est
1421 1901 1446 1927 in
1469 1901 1559 1928 verbis
1581 1900 1810 1935 consequentibus,

1043 1946 1125 1979 «quia
1154 1952 1187 1972 ex
1213 1945 1293 1972 nullis
1316 1945 1499 1977 substantibus
1521 1945 1606 1973 factus
1629 1950 1704 1978 est.»
1726 1951 1809 1972 rursus

1041 1991 1110 2017 idem
1128 1990 1206 2024 plane
1226 1991 1321 2025 repeti.
1335 1991 1400 2017 Nam
1416 1999 1449 2018 cx
1465 1998 1546 2025 grege
1567 1991 1730 2018 Arianorum
1743 1990 1810 2017 fuere

1041 2036 1161 2063 nonnulli
1183 2037 1253 2071 (ipso
1274 2037 1381 2064 Petavio
1393 2037 1456 2063 alibi
1470 2037 1495 2063 id
1510 2036 1631 2072 notante)
1646 2044 1714 2071 quos
1728 2041 1806 2070 postea

1040 2081 1234 2118 Psathyrianos
1247 2083 1394 2117 appellatos
1410 2082 1494 2110 fuisse
1515 2083 1609 2110 scribit
1631 2082 1659 2109 in
1683 2090 1710 2110 tv
1722 2081 1764 2109 lib.
1776 2080 1807 2107 De

1042 2130 1135 2156 liceret.
1149 2129 1344 2162 Thcodoretus,
1367 2129 1412 2164 qui
1427 2134 1456 2156 ut
1470 2129 1577 2156 Patrem
1591 2129 1728 2156 exstitisse
1747 2134 1806 2154 sem-

212 2181 335 2209 eamdem
348 2183 442 2209 οὐσιαν
456 2184 482 2210 in
498 2189 612 2218 utroque
630 2192 689 2212 esse
704 2189 836 2216 statuunt,
852 2186 899 2211 sed
922 2185 986 2212 duas

1043 2183 1099 2210 per,
1115 2175 1151 2202 ita
1173 2174 1269 2202 Filium
1283 2181 1388 2208 semper
1409 2174 1442 2200 ab
1458 2181 1490 2201 eo
1503 2179 1623 2201 creatum
1640 2173 1724 2200 fuisse
1745 2172 1806 2199 dire<

211 2226 284 2253 inter
297 2233 327 2254 se
340 2228 451 2256 similes.
463 2238 471 2254 i
486 2229 632 2264 Utramque
648 2229 738 2264 itaque
755 2229 898 2257 factionem
913 2230 990 2256 Aria-

212 2278 308 2298 norum
318 2271 519 2302 feriuntPatres
530 2274 629 2302 Nicaani
644 2276 670 2302 in
686 2275 775 2302 verbis
789 2275 852 2308 illis,
865 2275 894 2309 ἐξ
905 2275 988 2311 ἄλλης

212 2316 396 2350 ὑποστάσεως,
412 2318 428 2354 ἢ
447 2319 553 2351 οὐσίας·
573 2327 667 2354 nempe
682 2325 736 2347 tum
750 2320 817 2352 illos,
833 2321 879 2355 qui
893 2321 989 2348 Filium

212 2370 244 2390 ex
261 2371 374 2397 persona
393 2364 479 2393 Patris
492 2366 548 2392 sive
561 2372 594 2392 ex
611 2366 668 2400 ipso
683 2365 764 2392 Patre
780 2366 835 2393 ullo
847 2366 925 2393 modo
942 2373 990 2392 na-

213 2413 269 2436 tum
280 2409 363 2437 fuisse
375 2411 518 2445 negabant,
532 2417 558 2438 et
577 2419 609 2438 ex
628 2411 710 2439 nihilo
730 2411 830 2439 factum
842 2413 968 2439 dicebant
981 2421 988 2439 :

212 2460 269 2482 tum
281 2456 361 2482 etiam
376 2463 432 2489 eos,
458 2456 504 2491 qui
529 2457 625 2484 Filium
649 2465 681 2485 ex
698 2458 754 2492 ipso
769 2458 847 2485 Patre
863 2458 989 2492 peculiari

213 2501 292 2527 modo
306 2505 396 2528 natum
418 2509 478 2529 cum
492 2501 654 2535 faterentur;
680 2508 767 2530 tamen
788 2503 816 2536 ἐξ
835 2503 929 2534 οὐσίας
947 2512 957 2529 ι
976 2511 992 2530 e

212 2546 363 2582 substantia
383 2556 392 2572 ι
408 2546 495 2574 Patris
515 2548 692 2582 progenitum,
721 2555 754 2575 ac
778 2549 890 2582 proinde
917 2548 990 2576 Patri

213 2579 353 2626 ὸῖιοούσιον
369 2588 558 2628 pertiegabant.
580 2593 614 2620 Ut
637 2601 693 2620 rem
715 2600 789 2620 extra
805 2602 910 2621 omnem
928 2602 991 2621 con-

215 2638 351 2664 troversia:
372 2638 460 2665 aleam
484 2647 592 2673 ponam,
613 2639 745 2668 confessio
761 2640 921 2666 Arianorum
945 2648 993 2674 per

215 2681 319 2715 Marim,
342 2683 509 2712 Theodorum
527 2691 553 2712 et
573 2685 690 2713 Marcum
712 2686 853 2713 Constanti
880 2687 993 2719 impera.

217 2729 267 2755 tori
281 2731 379 2764 oblata,
393 2732 426 2759 ab
448 2732 596 2760 Athanasio
619 2733 666 2760 lib.
693 2733 729 2759 De
749 2733 848 2768 synodo
862 2733 943 2759 Arim.
967 2738 991 2759 et

251 2787 305 2824 (50)
317 2788 382 2824 V_ide
399 2789 527 2817 Albanas.
541 2795 603 2817 tom.
618 2791 637 2821 1,
655 2798 682 2824 p.
696 2791 756 2818 895.

1041 2226 1101 2248 rent
1114 2229 1121 2247 :
1136 2220 1201 2247 nihil
1222 2220 1294 2247 enim
1320 2220 1390 2254 apud
1409 2219 1491 2246 Deum
1517 2219 1588 2246 aliud
1609 2226 1671 2246 esse
1691 2218 1803 2253 gignere,

1040 2275 1120 2302 quam
1134 2274 1236 2294 creare.
1251 2266 1296 2293 lsti
1312 2274 1363 2293 non
1376 2266 1501 2293 dixerunt
1511 2265 1594 2292 fuisse
1613 2265 1722 2300 quando
1734 2262 1804 2290 Filius

1040 2321 1092 2340 non
1116 2318 1174 2340 crat
1190 2322 1196 2340 :
1210 2312 1335 2340 dixerunt
1348 2316 1436 2339 tamen
1447 2311 1542 2338 Filium
1562 2319 1594 2338 ex
1615 2318 1669 2338 non
1683 2310 1802 2338 exsisten-

1039 2359 1110 2386 tibus
1123 2359 1232 2385 factum.

1077 2415 1209 2443 Caeterum
1227 2416 1306 2443 etiam
1323 2415 1446 2443 Gelasius
1460 2415 1608 2451 Cyzicenus
1624 2415 1651 2442 in
1664 2414 1729 2442 actis
1747 2418 1800 2440 eon-

1043 2461 1098 2488 cilii
1115 2461 1215 2488 Nicaeni
1231 2466 1299 2496 part.
1322 2470 1351 2494 ll,
1366 2470 1426 2497 cap.
1442 2461 1475 2488 12
1488 2468 1520 2488 ex
1535 2462 1616 2488 totius
1631 2460 1723 2496 synodi
1740 2465 1802 2485 matt-

1044 2508 1106 2533 dato
1122 2515 1154 2534 ac
1176 2507 1283 2535 decreto
1306 2509 1508 2543 respondentem
1532 2506 1643 2534 Hosium
1659 2505 1760 2535 inducit,
1774 2509 1800 2529 ac

1044 2552 1145 2587 Τριάδα
1168 2553 1340 2579 ὑποστάσεων
1363 2553 1551 2587 Ῑιηιεᾱίωηιεηι
1567 2561 1574 2578 :
1589 2552 1660 2587 quod
1682 2556 1708 2578 ot
1726 2554 1800 2585 postea

1044 2606 1090 2632 per
1109 2599 1248 2626 Leontium
1274 2600 1429 2634 episcopum
1456 2599 1550 2626 Patres
1570 2598 1726 2634 proﬁtentur
1746 2595 1799 2622 ibid.

1045 2652 1103 2678 cap.
1121 2645 1165 2671 21.
1183 2645 1416 2673 HincAnastasius
1432 2645 1534 2672 Sinaita
1551 2646 1577 2672 in
1594 2643 1691 2678 ’οδἧγ.
1704 2639 1797 2675 σημὲιν

1044 2690 1152 2722 scripsit.
1160 2690 1281 2718 Nicanos
1297 2691 1389 2719 Patres
1401 2691 1537 2719 deliniisse
1545 2691 1618 2726 τρεῖς
1626 2684 1796 2716 εἶναιύποστὰ-

1044 2742 1110 2765 aug.
1122 2735 1180 2769 ἦτοι
1193 2736 1324 2771 πρόσωπα
1337 2736 1383 2763 ἐπὶ
1401 2736 1449 2772 τῆς
1461 2736 1541 2770 ἁγίας
1554 2735 1600 2763 xxi.
1612 2732 1744 2770 ὀμοουσίου
1751 2728 1795 2766 (51)

253 2823 309 2852 (Si)
328 2822 433 2856 Bullus,
448 2825 485 2850 De
499 2825 561 2850 Filii
576 2826 614 2857 τῷ
633 2822 786 2857 erraro/gi.
802 2833 860 2859 cap.
875 2826 990 2859 2,1num.
1002 2826 1019 2852 2
1031 2829 1057 2853 et
1069 2833 1143 2857 seqq.
