1908 3071
68 146 138 175 i3"5

582 145 627 172 EX
647 145 679 173 ϐ.
698 145 797 173 BULLI
816 145 892 174 DEF.
913 145 1001 173 FlDEl
1018 145 1180 175 NICENE.

1613 147 1678 174 15οε

67 204 194 241 Τριάδος,
214 203 242 231 id
254 207 304 236 cst,
324 213 334 230 ‹
345 202 413 230 Tres
431 209 491 230 esse
503 203 672 238 ltypostases.
691 204 747 231 sive
763 211 855 236 perso-
870 207 890 236 Α
905 203 992 231 cabuli
1008 211 1085 231 usum
1107 207 1134 231 et
1155 202 1379 237 signiﬁcationem
1395 202 1576 230 retintterunt.
1596 203 1681 236 Quem

66 257 115 278 nas
128 249 155 276 in
175 253 271 277 sancta
289 252 316 276 et
330 247 549 276 consubstantiali
564 248 708 275 Trinitate.
720 258 729 274 ι
751 248 850 276 llorum

65 294 261 322 auctoritatem
278 293 440 328 contempsit
466 292 602 325 Petavius,
631 293 664 320 iis
690 293 794 321 scilicet
807 302 852 332 ar-

65 339 205 376 gumentis
223 339 319 371 fretus,
337 338 434 373 quibus
451 346 480 366 se
493 338 584 366 Basilii
600 339 761 365 sententiam
779 339 852 367 refu-

66 389 139 412 tasse
156 384 260 413 frustra
274 384 413 419 gloriatur.
431 384 510 412 Certe
531 384 662 412 Eusebius
679 384 852 414 Caesariensis

64 430 123 468 (qui
137 431 247 466 synodo
263 430 376 458 Nicaeam
392 430 522 463 interfuit.
541 437 648 465 quoque
663 438 742 458 nemo
757 432 852 458 melius

64 477 210 512 antiquum
231 476 306 504 vocis
329 476 502 507 ὑποστάσεως
525 475 550 502 in
575 475 691 503 Ecclesia
711 484 788 503 usttm
808 477 852 504 in-

64 523 180 558 tellexit)
193 522 221 550 in
236 523 334 550 litteris
354 524 411 550 suis
426 523 459 550 ad
475 522 641 550 Eustatltium
655 522 850 550 Antiochenum

63 569 213 605 (referente
226 569 338 597 Socrate
352 568 454 598 Erclet.
470 569 532 596 hist.
547 569 593 597 lib.
610 577 630 601 t,
648 576 707 604 cap.
724 569 770 604 25)
786 577 851 596 con-

62 616 149 643 fessus
165 619 208 642 est
224 615 402 642 ὲνυπόστατόν
427 623 456 641 τε
476 615 523 642 καὶ
535 615 718 651 ἐνυπάρχοντα
732 615 776 642 τὸν
787 615 850 642 Υἱὸν

61 659 130 689 εἶναι
146 661 196 688 τοῦ
219 661 298 692 Θεοῦ.
312 661 360 688 ἕνα
382 670 412 688 τε
437 660 503 688 Θεὸν
524 661 552 688 ὲν
570 661 658 697 τρισὶν
672 661 850 688 ὑποστάσεσιν

60 705 140 739 εἶναι,
160 707 188 734 id
198 712 252 740 est,
268 706 385 734 «Filium
404 706 450 734 Dei
470 707 603 741 propriam
629 706 793 742 ltypostasim
823 712 850 734 et

59 752 268 780 subsistentiam
287 751 398 784 habere,
419 750 559 786 Dettmqtte
579 751 605 778 in
623 751 708 779 trihus
723 751 850 787 ltyposta-

58 797 236 826 sibusamum
253 804 324 825 esse.
337 806 346 823 ι
361 797 449 830 Atque
465 797 517 824 hac
532 803 613 824 senstt
630 796 688 823 sine
701 795 849 824 oﬁensione

59 843 184 878 usurpari
204 848 406 877 perseverasset
417 843 457 878 (ut
471 842 601 878 arbitror)
615 850 667 870 vox
688 843 846 875 ὑπόστασις.

902 257 978 276 usum
993 257 1040 276 sua
1061 249 1167 276 tandem
1181 248 1344 276 auctoritate
1355 248 1527 276 conﬁrmavit
1539 249 1681 276 concilium

901 294 1221 328 Coustunlinopolitanum
1234 294 1348 328 primum
1364 294 1389 320 in
1408 293 1488 327 epist.
1502 294 1597 329 synod.
1612 295 1682 329 apud

902 339 1096 368 Theodoretum
1116 339 1214 367 Ecclu.
1231 340 1293 367 Itlu.
1307 340 1354 367 lib.
1372 347 1398 372 ν,
1411 339 1479 373 lcap.
1498 340 1525 367 9.
1548 339 1680 367 Caeterum

900 385 992 412 Ariani
1006 385 1111 413 tandem
1130 385 1211 413 etiam
1225 392 1317 412 vocem
1335 384 1519 417 ὑποστάσεως,
1542 393 1594 412 uua
1617 392 1677 412 cum

900 431 992 463 οὐσίας
1013 430 1150 462 vocabulo,
1166 438 1182 458 e
1203 430 1331 466 symbolis
1353 430 1408 458 suis
1428 430 1604 464 abjiciendam
1626 430 1683 457 de-

900 485 1018 506 crevere.
1034 477 1102 504 Nam
1117 477 1142 505 in
1154 477 1322 504 confessione
1333 476 1678 511 ConstantinOpoliscripta

899 523 933 551 ab
945 523 1053 555 Acacio,
1068 522 1187 550 Eudoxio
1198 521 1321 556 aliisque,
1334 521 1378 555 qui
1390 520 1570 548 Seleuciensis
1580 519 1676 556 synodi

899 569 1007 597 decreto
1037 568 1169 601 damnati,
1201 568 1234 595 ad
1267 567 1452 602 imperatorem
1479 567 1681 602 confugerunt,

898 623 981 650 prope
995 615 1073 641 linem
1086 615 1125 642 sic
1133 613 1262 641 definiunt
1271 622 1278 640 ι
1287 612 1342 649 (55)
1351 613 1387 639 Τὸ
1394 613 1422 639 δὲ
1432 613 1570 648 δνοματῆς
1576 612 1684 646 οὐσίας,

898 663 965 698 ὅπερ
979 661 1160 697 ἁπλούστερον
1176 661 1229 688 ἀπὸ
1243 661 1297 687 τῶν
1313 660 1439 696 Πατέρων
1458 660 1547 695 ἐτέθη,
1563 659 1676 694 ἀγνοού-

899 716 978 743 μενον
989 707 1018 734 δὲ
1032 708 1087 739 τοῖς
1103 707 1187 738 λαοῖς,
1204 706 1350 734 σκάνδαλον
1367 705 1457 741 ἔφερε,
1479 705 1544 732 διότι
1562 705 1627 740 μηδὲ
1649 705 1677 732 αἱ

897 754 1003 790 Γραφαὶ
1011 753 1273 789 τοῦτοπεριέχουσιν,
1281 753 1361 789 ἤρεσε
1372 752 1584 788 περιαιρεθῆναι.
1590 751 1682 778 -Καὶ

896 799 950 836 ⁴γὰρ
966 800 1026 827 οὑδὲ
1041 800 1142 835 ὀφείλει
1161 799 1308 830 ὑπόστασις
1329 799 1392 834 περὶ
1416 798 1522 834 Πατρός
1539 798 1584 825 καὶ
1599 797 1676 830 Tia-3,

897 847 943 874 καὶ
956 845 1033 880 ἁγίου
1046 845 1200 881 Πνεύματος
1216 844 1405 881 ὀνομάζεσθαι·
1419 845 1510 880 ὅμοιον
1522 845 1550 871 δὲ
1564 844 1680 879 λέγομεν

58 889 109 916 nisi
132 888 230 916 Ariani
248 888 333 923 ipsam
355 887 429 915 abusi
454 887 568 915 fuissent
590 887 622 914 ad
646 888 843 922 propagaudam
861 884 881 911 Β
894 891 932 927 τῷ
948 891 1034 927 Πατρὶ
1049 891 1095 918 τὸν
1112 891 1186 918 risv.
1203 890 1229 918 Id
1251 895 1302 921 est,
1320 899 1330 916 ι
1346 890 1446 918 Nomen
1460 897 1540 924 porro
1553 890 1680 917 substan-

57 934 184 962 batresim
210 942 300 966 suam,
318 942 367 969 pro
386 938 482 961 natura
500 941 532 961 ac
558 933 706 961 substantia
723 933 748 960 itt
765 940 846 968 gene-

57 980 151 1008 raliori
169 979 371 1012 signiﬁcatione
387 980 560 1014 accipientes.
588 987 619 1007 ac
643 979 770 1006 docentes
792 979 844 1006 Pa-

57 1031 126 1054 trem
145 1029 174 1053 et
190 1025 291 1053 Filium
313 1026 377 1052 duas
394 1033 453 1053 esse
476 1026 644 1061 hypostases,
660 1025 712 1053 hoc
729 1030 779 1059 est,
796 1033 845 1052 ua-

57 1075 132 1098 turas
151 1078 184 1099 ac
201 1071 368 1098 substantias
385 1071 517 1104 diversas,
533 1079 548 1098 a
564 1079 594 1099 se
614 1071 729 1099 invicem
745 1071 846 1098 discre-

55 1122 164 1152 pantes.
179 1117 320 1145 Adversus
336 1117 386 1145 ltos
400 1117 470 1144 enim
488 1117 613 1144 catholici
628 1117 751 1146 doctores
772 1117 844 1144 aﬁir-

55 1167 168 1190 marunt
184 1163 212 1189 in
230 1162 346 1189 concilio
363 1162 529 1195 Sardicensi,
551 1160 638 1189 Patris
652 1165 680 1188 et
700 1161 760 1189 Filii
781 1161 845 1196 μίαν

55 1215 115 1235 esse
131 1208 297 1235 ὑπόστασιν.
311 1208 394 1242 Digna
407 1213 480 1240 sunt,
493 1215 552 1242 quae
567 1215 580 1234 a
594 1208 672 1235 nobis
685 1208 727 1235 hic
743 1208 846 1235 descri-

56 1253 156 1281 bantur
169 1253 282 1280 Patrum
306 1253 504 1281 Sardicensium
521 1253 599 1281 verba
617 1254 668 1280 hac
687 1253 721 1281 de
736 1260 765 1281 re
788 1253 846 1288 (52)

57 1298 83 1325 in
97 1299 214 1334 cpistola
232 1306 279 1327 sua
298 1299 425 1334 synodica
441 1299 508 1334 apud
524 1299 721 1326 Tlteodorctum
743 1299 843 1327 Ecclu.

57 1344 129 1371 Πὶιι.
145 1345 193 1371 lib.
209 1352 239 1374 II.
257 1352 317 1378 cap.
334 1344 369 1372 8:
386 1344 421 1371 Τὸ
433 1345 486 1371 τῶν
503 1344 647 1380 αἱρετικῶν
660 1344 784 1380 σύστημα
800 1353 845 1379 φι-

56 1390 168 1420 λονικεῖ.
186 1391 333 1426 διαφόρους
351 1388 418 1417 εῖναι
431 1391 480 1422 τὰς
503 1390 664 1422 ὑποστάσεις
680 1390 725 1417 τοῦ
740 1390 846 1427 Πατρδς

56 1436 166 1464 καὶτοῦ
190 1436 256 1463 Υἱοῦ
277 1437 323 1463 καὶ
346 1436 393 1463 τοῦ
420 1436 496 1470 ἁγίου
516 1436 683 1471 Πνεύματος,
708 1436 755 1463 καὶ
777 1433 845 1463 εῖναι

55 1482 280 1517 κεχωρισμένας·
303 1483 383 1518 ἡμεῖς
405 1481 434 1508 δὲ
454 1481 554 1518 ταύτην
577 1482 782 1518 παρειλήφαμεν
799 1481 845 1509 καὶ

55 1527 246 1562 δεδιδάγμεθα,
266 1527 313 1554 καὶ
336 1527 437 1563 ταύτην
457 1527 553 1563 ἔχομεν
575 1527 622 1563 τὴν
638 1527 783 1563 καθολικὴν
799 1527 846 1555 καὶ

54 1572 239 1608 ἀποστολικὴν
264 1573 410 1608 παράδοσιν
435 1573 482 1599 καὶ
507 1573 599 1599 πίστιν
620 1573 666 1600 καὶ
691 1573 845 1608 ὁμολογίαν,

56 1618 120 1652 μίαν
137 1616 210 1645 εἶναι
236 1618 393 1649 ὑπόστασιν,
410 1619 442 1654 ἣν
465 1619 541 1646 αὐτοὶ
562 1620 586 1646 οι
609 1619 740 1655 αἰρετικοὶ
752 1619 846 1647 οὐσίαν

55 1664 288 1699 προσαγορεύουσι
294 1684 300 1696 ι
307 1664 353 1690 τοῦ
362 1665 467 1699 Πατρὺς
473 1665 519 1691 καὶ
529 1665 575 1692 τοῦ
582 1664 647 1691 Υἱοῦ
655 1664 755 1691 καὶτοῦ
767 1665 845 1699 ἁγίου

55 1710 228 1745 Πνεύματος.
244 1710 270 1736 ld
284 1714 334 1741 est,
346 1719 354 1735 t
370 1711 560 1737 llmreticorum
579 1710 659 1737 factio
672 1711 846 1745 pertinaciter

54 1758 205 1786 asseverat,
220 1753 307 1780 Patris
323 1761 354 1780 ac
370 1753 429 1780 Filii
451 1759 476 1780 et
491 1753 607 1788 Spiritus
620 1754 704 1781 sancti
722 1755 843 1782 diversas

54 1806 114 1826 esse
126 1799 302 1834 hypostases,
321 1805 335 1825 a
353 1806 383 1825 se
399 1798 513 1825 invicem
541 1803 689 1832 separatas.
702 1798 757 1825 Nos
777 1806 840 1826 vero

55 1844 126 1872 hanc
146 1851 162 1871 a
179 1844 326 1879 majoribus
342 1844 494 1878 accepimus
511 1852 542 1871 ac
558 1844 710 1876 didicimus,
729 1849 756 1871 et
774 1845 843 1873 hanc

56 1895 181 1918 tenemus
205 1890 364 1918 catholicam
386 1895 467 1924 atque
483 1890 654 1925 apostolicam
673 1891 842 1917 traditionem

55 1942 81 1964 et
99 1937 180 1965 ﬁdem
203 1945 234 1964 ac
260 1937 462 1972 professionem.
484 1944 563 1963 unum
582 1943 642 1963 esse
664 1936 839 1971 ltypostasim,

55 1990 135 2015 quam
152 1983 203 2017 ipsi
221 1982 338 2009 ha'rctici
355 1981 532 2009 substantiam
548 1980 694 2016 appellant,
711 1981 796 2008 Patris
811 1989 842 2008 ac

55 2028 116 2055 Filii
133 2034 160 2056 et
177 2028 296 2064 Spiritus
309 2029 408 2056 sancti.
420 2038 428 2053 ι
449 2027 497 2055 llic
511 2027 605 2054 Patres
620 2027 720 2054 diserte
733 2032 842 2054 monent

56 2073 212 2104 sePatrem.
224 2073 319 2101 Filium
332 2079 356 2101 et
369 2073 497 2106 Spiritum
509 2078 630 2100 sanctum
648 2073 711 2108 μίαν
723 2072 841 2099 ὑπόστα-

58 2128 99 2146 σιν
121 2120 223 2147 dixisse
245 2127 278 2147 eo
297 2125 397 2146 tantum
422 2127 512 2153 sensu,
530 2127 583 2154 quo
605 2119 724 2146 haeretici
747 2126 840 2145 vocem

57 2166 205 2193 ὑπόστασιν
221 2174 269 2200 pro
279 2166 357 2202 οὐσίᾳ
372 2171 552 2199 acceperunt:
566 2165 747 2200 signiﬁcantes
760 2165 840 2191 nimi-

57 2219 115 2238 rum
137 2220 166 2239 se
187 2212 267 2239 alium
284 2212 341 2246 ejus
360 2211 480 2238 vocabuli
507 2218 625 2241 sensum.
652 2211 720 2245 apud
736 2216 840 2238 veteres

57 2256 185 2285 Ecclesia:
210 2258 333 2284 doctores
358 2257 504 2284 catholicos
527 2262 662 2292 receptum
693 2257 802 2292 (quippe
825 2264 839 2283 a

57 2303 154 2337 quibus
167 2308 326 2337 usurpatum
341 2302 423 2329 fuerit
433 2311 480 2337 pro
494 2310 608 2337 persona
622 2302 679 2329 sive
690 2302 839 2329 subsisten-

57 2348 106 2383 tia)
138 2356 191 2375 non
214 2349 361 2382 ignorasse,
387 2356 501 2383 eumque
525 2348 647 2375 lultentes
669 2348 839 2383 amplexuros

58 2393 152 2425 fuisse,
168 2401 200 2421 ac
215 2393 342 2427 fassuros,
359 2393 435 2428 juxta
460 2394 537 2420 istam
556 2393 629 2421 vocis
643 2394 838 2427 acceptioucm,

58 2443 114 2466 tres
128 2447 189 2466 esse
205 2439 230 2466 in
253 2440 391 2467 divinitate
412 2447 543 2474 personas
559 2439 617 2466 sive
638 2439 837 2468 subsistentias.

59 2485 127 2513 Hinc
146 2490 235 2512 tamen
253 2491 345 2512 uatum
362 2486 443 2512 fuisse
465 2490 571 2512 constat
587 2485 662 2512 triste
679 2485 741 2512 illud
758 2485 840 2513 disci-

58 2532 142 2563 dium,
154 2532 226 2566 quod
241 2532 412 2567 postmodum
424 2531 542 2559 Orientis
553 2531 673 2565 adeoque
684 2530 838 2559 Oecidcnlis

59 2576 194 2605 Ecclesias
210 2578 337 2608 turbavit,
357 2578 389 2604 de
407 2585 457 2604 una
475 2578 532 2605 sive
552 2576 635 2604 triluts
649 2576 839 2612 hypostasibus

59 2623 156 2650 divinis
173 2634 180 2652 2
197 2625 259 2651 dum
287 2624 390 2650 scilicet
419 2624 464 2650 alii
490 2632 551 2651 cum
575 2623 700 2650 Patribus
727 2624 834 2650 concilii

60 2667 225 2697 Sardicensis
251 2669 323 2704 loqui
345 2675 484 2701 amarunt;
507 2670 552 2697 alii
581 2677 643 2697 vero
663 2673 780 2696 veterem
792 2676 839 2695 vo»

93 2769 148 2805 {52)
163 2770 194 2797 In
206 2770 316 2804 epistola
329 2778 378 2797 sua
398 2770 523 2805 synodica
539 2771 610 2803 apud
627 2769 825 2797 Theodoremm.

60 2803 110 2840 seu
128 2803 215 2838 potius
227 2806 254 2832 in
268 2803 421 2840 Appendice
442 2806 475 2830 ad
486 2805 624 2838 epistolam
636 2813 650 2831 ιι
668 2805 827 2838 quibusdam

61 2839 174 2872 adjecta,
185 2839 434 2874 reliquis’episcopis
446 2839 662 2866 reclamantibus.
674 2840 738 2867 Vide
749 2840 830 2867 Atha-

62 2881 118 2902 υθέ.
131 2876 208 2910 epist.
223 2876 348 2911 synodica
362 2876 394 2904 ad
404 2876 598 2903 Autiocbenscs
611 2883 669 2909 pag.
683 2875 743 2907 576,.
763 2875 818 2903 edit

858 1559 880 1589 (ι

856 2240 877 2268 D

898 938 952 967 tite.
965 937 1035 972 qttod
1049 936 1197 972 simplicius
1209 943 1224 962 a
1242 935 1364 963 Patribus
1377 935 1488 967 editum,
1504 939 1531 961 et
1552 935 1678 970 ignotum

897 984 1012 1018 populis,
1028 981 1183 1010 scandalum
1206 981 1300 1013 amart;
1322 980 1452 1015 quoniam
1465 979 1489 1006 in
1512 978 1679 1006 sacrislitte-

898 1031 934 1057 ris
957 1037 1011 1057 non
1034 1029 1197 1060 continetur,
1220 1027 1321 1063 placuit
1341 1027 1375 1054 de
1396 1026 1485 1054 medio
1508 1024 1679 1053 tolli.—lmo

898 1083 930 1103 ne
941 1075 1086 1106 ὑπόστασις
1097 1068 1203 1109 quidem
1214 1074 1246 1101 de
1256 1073 1346 1105 Patre.
1355 1072 1423 1100 Filio
1435 1076 1463 1100 et
1473 1071 1573 1106 Spiritu
1586 1075 1679 1099 sancto

898 1119 1029 1147 nominari
1049 1119 1138 1146 debet.
1155 1118 1275 1145 Similem
1296 1122 1384 1145 autem
1404 1116 1517 1144 dicimus
1542 1115 1615 1143 Patri
1634 1115 1679 1143 Fi-

897 1166 973 1196 lium.
990 1175 999 1192 ι
1014 1169 1067 1193 etc.
1079 1163 1137 1198 Quo
1149 1163 1257 1191 decreto
1267 1163 1359 1190 Ariani
1371 1162 1408 1190 illi
1423 1162 1527 1197 priores
1543 1169 1606 1190 suas
1617 1169 1680 1189 con-

897 1211 1038 1242 fessioues,
1058 1211 1085 1238 iu
1104 1210 1202 1245 quibus
1221 1210 1358 1241 dixerant.
1375 1207 1473 1236 Filium
1493 1207 1597 1235 etiamsi
1618 1214 1672 1234 non

896 1260 926 1293 ἐξ
936 1259 1039 1291 οὐσίας,
1052 1264 1140 1286 tamen
1153 1257 1183 1291 ἐξ
1198 1257 1372 1289 ὑποστάσεως
1386 1257 1434 1299 Dei
1452 1256 1540 1284 Patris
1559 1255 1678 1292 genitum

897 1314 966 1338 esse,
979 1305 1088 1333 omnino
1102 1304 1282 1333 resciderunt.

930 1350 958 1377 2°
973 1350 1113 1378 Przemissa
1140 1349 1191 1377 hac
1216 1348 1358 1376 admodum
1385 1348 1498 1383 prolixa,
1522 1355 1609 1382 neque
1632 1352 1676 1374 ta--

895 1404 956 1424 men
977 1395 1036 1423 utili
1055 1396 1153 1428 minus,
1170 1395 1359 1423 dissertatione
1379 1394 1496 1430 generali
1512 1394 1545 1421 de
1558 1394 1676 1428 [antiquo

895 1450 944 1470 usu
963 1441 1145 1469 ecclesiastico
1169 1448 1264 1469 vocum
1286 1441 1366 1468 οὐσία
1382 1444 1410 1467 et
1431 1440 1579 1471 ὑπόστασις
1593 1448 1600 1454 ’
1613 1444 1673 1466 tan—

897 1488 956 1515 dem
976 1488 1009 1515 ad
1029 1487 1173 1522 Origenem
1206 1486 1296 1513 redeo.
1319 1485 1429 1513 Certum
1453 1490 1495 1513 est
1519 1485 1677 1513 vocabulum

897 1535 1044 1566 ὑπόστασις
1061 1534 1131 1569 apud
1145 1534 1232 1567 ipsum
1248 1533 1288 1560 vel
1304 1540 1355 1568 pro
1370 1532 1544 1560 subsistentia
1564 1533 1606 1560 vel
1630 1540 1679 1566 pro

896 1589 925 1609 re
938 1580 1069 1615 singulari
1094 1583 1122 1607 et
1150 1579 1298 1609 individua,
1320 1586 1368 1613 per
1381 1586 1412 1606 se
1428 1578 1599 1612 subsistente,
1620 1586 1678 1613 quas

896 1628 923 1655 in
939 1628 972 1655 iis
983 1635 1042 1662 quae
1056 1626 1194 1654 intellectu
1210 1625 1320 1660 praedita
1336 1629 1409 1658 sunt,
1422 1624 1492 1652 idem
1508 1629 1550 1651 est
1562 1631 1594 1651 ac
1607 1624 1678 1658 quod

895 1681 1038 1709 personam
1060 1673 1140 1700 hodie
1171 1672 1294 1704 dicimus,
1331 1670 1429 1705 passim
1456 1670 1592 1705 usurpari.
1622 1669 1682 1696 imo

895 1726 947 1745 non
968 1716 1081 1744 memini
1100 1723 1142 1744 me
1161 1716 1266 1751 uspiam
1291 1722 1383 1742 vocem
1400 1715 1478 1741 aliter
1493 1715 1526 1742 ab
1545 1715 1614 1749 ipso,
1631 1714 1681 1741 ubi

894 1763 929 1790 de
941 1762 1080 1790 Trinitate
1100 1760 1231 1795 loquitur,
1252 1764 1388 1794 acceptam
1412 1758 1518 1794 legisse.
1543 1759 1619 1787 Unde
1637 1759 1683 1786 vir-

894 1815 1006 1843 magnus
1026 1807 1102 1842 llugo
1118 1806 1227 1835 Grotius
1252 1805 1280 1833 in
1303 1805 1378 1833 Notis
1404 1805 1438 1832 ad
1464 1804 1544 1832 Joan.
1572 1812 1631 1838 cap.
1652 1813 1681 1838 ιἰ

895 1853 1005 1886 vcrs.2,
1018 1857 1044 1881 et
1061 1852 1146 1887 Epist.
1162 1853 1195 1879 ad
1213 1851 1346 1883 Hebmos,
1361 1858 1419 1885 cap.
1434 1858 1455 1883 ι,
1471 1858 1542 1878 vers.
1559 1850 1586 1882 3,
1604 1849 1674 1877 allir-

894 1905 950 1926 mat
968 1906 1029 1925 eam
1044 1898 1117 1926 vocis
1129 1897 1305 1929 ὑποστάσεως
1318 1896 1541 1932 signiﬁcationem
1563 1895 1597 1923 ab
1611 1895 1674 1923 Ori-

892 1951 959 1978 gene
974 1943 1090 1978 primum
1106 1941 1186 1977 (quod
1202 1946 1291 1969 tamen
1325 1948 1416 1968 verum
1440 1947 1500 1968 esse
1521 1948 1574 1967 non
1597 1940 1674 1975 puto)

896 1997 928 2016 cx
942 1988 1088 2015 Platonicis
1113 1988 1140 2014 in
1165 1987 1290 2014 Ecclesia:
1306 1994 1383 2014 ttsum
1400 1986 1546 2014 traductam
1571 1986 1665 2014 fuisse.

891 2034 932 2061 Ad
957 2033 1044 2060 locum
1065 2033 1099 2060 ab
1124 2032 1220 2060 liuetio
1245 2037 1365 2060 notatum
1387 2031 1458 2066 quod
1483 2031 1588 2063 attinet,
1606 2031 1672 2058 nihil

891 2078 1061 2106 manifestius
1082 2085 1161 2112 quam
1186 2073 1329 2112 Origenem
1354 2076 1390 2104 ibi
1415 2076 1548 2104 aﬁirmare
1565 2075 1673 2103 Patrem

890 2129 918 2151 et
936 2123 1032 2152 Filium
1044 2123 1111 2150 duos
1123 2130 1184 2150 esse
1194 2124 1227 2159 τῇ
1242 2122 1389 2149 ὑποστάσει
1406 2123 1499 2150 eodem
1514 2130 1604 2153 sensu.
1616 2129 1673 2156 quo

890 2169 1020 2201 haeretici,
1045 2176 1112 2203 quos
1136 2168 1234 2195 ibidem
1265 2169 1439 2204 perstringit,
1466 2169 1492 2196 id
1528 2173 1670 2203 negarunt.

892 2214 1006 2248 Quinam
1031 2220 1095 2240 vero
1117 2213 1160 2240 isti
1178 2212 1190 2240 τ
1213 2213 1309 2240 Procul
1332 2214 1414 2241 dttbio
1436 2214 1556 2241 Noetiani
1571 2219 1598 2241 et
1613 2213 1670 2246 alii,

891 2260 936 2295 qui
950 2259 1033 2286 Deum
1054 2265 1113 2285 esse
1131 2257 1340 2293 μονοπρόσωπον
1366 2258 1529 2292 docuerunt,
1554 2267 1586 2286 ac
1607 2264 1667 2286 tan-

891 2310 947 2333 tum
971 2303 1035 2339 μίαν
1058 2302 1217 2335 ὑπόστασιν,
1242 2303 1294 2330 hoc
1313 2308 1366 2334 est.
1389 2312 1531 2338 personam
1547 2314 1625 2332 unum
1643 2305 1672 2334 in

890 2351 1031 2378 divinitate
1043 2354 1221 2384 agnoverunt.
1249 2348 1324 2382 Quod
1343 2356 1406 2376 vero
1425 2356 1553 2384 prteterca
1569 2352 1662 2384 objicit

891 2396 1002 2424 Huetius
1016 2395 1166 2431 Origem'an.
1183 2394 1230 2422 lib.
1245 2403 1274 2426 tt,
1289 2400 1384 2429 quaest.
1399 2394 1424 2425 2,
1440 2402 1514 2422 num.
1529 2396 1556 2429 5,
1569 2405 1594 2430 p.
1607 2397 1671 2429 H6.

890 2442 1044 2477 Origenem,
1058 2449 1119 2469 cum
1136 2449 1217 2468 unum
1239 2447 1299 2468 esse
1322 2440 1465 2467 concordia
1488 2445 1515 2468 et
1535 2450 1669 2470 consensu

889 2489 988 2516 dixerit
1002 2487 1110 2516 Patrem
1140 2491 1168 2514 et
1185 2487 1293 2519 Filium,
1309 2487 1388 2513 aliam
1404 2493 1510 2513 omnem
1529 2488 1613 2515 videri
1627 2496 1667 2514 re.

890 2535 997 2569 spuisse
1010 2534 1140 2561 unitatem
1152 2555 1159 2564 ,
1182 2533 1207 2561 id
1219 2541 1284 2560 sane
1306 2533 1372 2560 levis
1387 2537 1428 2560 est
1446 2533 1582 2559 momenti.
1602 2534 1669 2561 Nam

889 2580 933 2614 qui
957 2584 1058 2607 tatttum
1074 2580 1202 2607 unitatem
1223 2586 1369 2606 consensus
1382 2578 1451 2606 inter
1463 2577 1570 2606 Patrem
1586 2584 1610 2606 et
1624 2579 1667 2606 Fi-

888 2625 964 2657 lium,
980 2625 1070 2660 aliquo
1090 2626 1116 2653 in
1144 2625 1204 2652 loco
1226 2625 1361 2659 exprimit,
1381 2633 1433 2652 nou
1455 2625 1545 2652 statim
1565 2625 1587 2651 is
1602 2632 1666 2651 ceu-

890 2671 989 2699 sendus
1004 2675 1054 2704 est,
1070 2679 1176 2700 omnem
1198 2671 1275 2698 :tliuut
1304 2672 1433 2698 unitatem
1461 2679 1571 2706 prorsus
1587 2671 1664 2706 igno-

881 2769 965 2798 Puris.
980 2770 1100 2798 BULLUS.

882 2806 973 2868 mea!)
986 2806 1202 2876 Alpugogthanas.
1216 2806 1255 2834 De
1266 2807 1358 2842 synod.
1378 2806 1490 2834 Arimin.
1516 2811 1541 2833 et
1564 2805 1664 2833 Selene.
