1908 3071
244 142 310 170 I307

950 148 1160 176 EXCERPTUM

1782 154 1838 182 I508

243 208 329 229 rasse.
343 201 444 229 Deinde
457 201 582 237 Origcnis
608 204 744 232 sexcentis
770 205 832 233 aliis
851 206 877 233 in
897 206 964 234 locis
977 207 1029 234 Pa—
1043 210 1067 238 Α
1080 208 1157 236 Noeti
1172 209 1274 242 schola,
1286 210 1331 243 qui
1347 210 1464 242 dicebat,
1476 209 1602 245 Spiritum
1615 216 1733 238 sanctum
1745 219 1758 239 θ
1772 213 1836 242 Patre

244 253 313 274 trem
325 253 352 275 et
363 247 459 275 Filium
474 249 645 283 ὁμοουσίους,
659 250 681 278 si
700 258 756 278 rem
769 259 828 285 quae
844 260 908 280 voce
924 253 1026 288 signiti-

244 297 332 324 catur,
351 298 469 328 spectes,
488 295 611 329 agnovit;
628 296 726 331 saepius
748 298 831 324 etiam
854 298 879 325 in
894 299 1028 332 terminis,

245 343 276 366 ut
297 338 453 374 loquuntur,
482 339 513 366 τὺ
534 341 676 376 ὀμοούσιον
693 342 833 370 confessus
855 347 905 377 est,
929 343 1029 371 citante

247 385 388 420 Pamphilo
403 391 521 422 martyre
533 408 541 420 ,
567 393 594 416 et
616 393 763 416 altestante
783 389 890 418 Ruﬁno.
908 390 978 418 Idem
996 391 1030 419 de

245 430 408 465 Novatiano,
429 433 486 460 sive
516 439 629 462 auclore
650 435 711 462 libri
739 435 775 462 De
805 437 932 464 Trinitale
958 437 1030 465 inter

244 484 329 512 opera
343 478 515 513 Tertulliani,
531 487 609 514 quem
621 481 656 508 ob
672 481 788 508 similem
806 482 969 510 locutionem
982 491 1031 511 no-

246 527 287 550 tat
299 522 413 551 Huetius
429 525 528 552 ibidem
543 533 597 560 quo
611 534 702 562 supra,
723 535 772 554 suo
796 527 855 555 loco
882 528 1031 556 luculenter

246 569 397 597 ostendam.
412 569 497 598 Porro
509 570 644 606 Origenes
657 577 730 600 tomo
752 573 840 608 primo
860 575 887 601 in
900 574 1030 602 Joannem

245 613 281 642 de
295 615 501 649 Valentinianis,
519 617 695 653 ejusdemque
709 619 802 646 farina:
819 620 881 648 aliis
896 620 1031 649 bzereticis

247 660 363 694 locutus,
389 662 424 689 ait
442 670 515 689 num.
543 663 587 694 25,
611 671 670 699 pag.
693 664 739 697 25,
753 665 788 692 26
804 665 949 702 εΧρῶνται
969 666 1026 702 τῷ·
1049 660 1051 665 Α

254 706 448 740 Ἐξηρεύξατο
463 709 482 742 ἡ
498 709 603 743 καρδία
613 718 672 743 μου
679 711 772 745 λόγον
782 711 902 746 ἀγαθὸν,
914 713 1031 747 οἰόμενοι

248 752 387 788 προφορὰν
416 754 561 789 πατρικὴν,
580 755 661 781 οἱονεὶ
687 756 715 782 ὲν
736 756 880 788 συλλαϐαῖς
902 757 1031 793 κειμένην

247 795 316 824 εἶναι
339 798 384 825 τὸν
403 799 465 825 Υἱὸν
476 799 521 826 τοῦ
539 799 617 832 Θεοῦ,
637 801 685 826 καὶ
699 802 769 829 κατὰ
779 802 858 829 τοῦτο
873 803 1030 836 ὑπόστασιν,

247 844 367 880 αὑτῷ,εί
382 844 505 882 ἀκριϐῶς
522 848 611 875 αὐτῶν
634 848 844 884 πυνθανοίμεθα,
859 849 888 876 οὑ
904 849 1030 882 διδόασιν,

249 890 304 918 οὐδ’
324 881 516 919 οὺσὶανγαὺτοῦ
534 894 736 929 σαφηνίζουσιν.
761 881 788 921 Id
806 899 861 929 est,
888 904 897 920 ι
917 881 1033 922 Utuntur
1048 881 1069 909 Β

249 936 322 964 dicto
340 937 393 971 illo,
408 937 542 966 Eructavit
566 948 611 967 car
641 949 726 968 meum
748 942 852 968 verbum
881 942 975 969 bonum
989 943 1032 970 “z

251 983 439 1011 existimantes
474 984 571 1012 Filium
606 986 652 1013 Dei
682 991 820 1022 paternam
855 988 1031 1023 prolationem

250 1034 321 1061 esse,
337 1034 464 1064 tanquam
480 1030 505 1057 in
527 1031 641 1065 syllabis
653 1033 769 1066 positam
783 1042 789 1060 :
817 1034 886 1061 unde
906 1034 1034 1069 hyposta-

250 1076 292 1103 sin
315 1077 362 1108 illi.
384 1077 406 1105 si
428 1083 556 1105 accurate
579 1079 652 1113 ipsos
676 1079 880 1115 interrogemus,
905 1088 956 1107 nou
979 1081 1035 1107 tri-

253 1121 347 1153 buunt,
363 1129 450 1157 neque
463 1122 642 1150 substantiam
657 1123 718 1158 ejus
729 1125 883 1159 explanant.
903 1134 912 1151 r
931 1125 979 1152 Hic
995 1125 1032 1152 fa-

253 1168 323 1193 tetur
337 1166 448 1195 Huetius
463 1168 560 1195 ibidem
576 1176 629 1203 quo
644 1177 736 1203 supra,
755 1169 907 1205 Origenian.
928 1179 954 1206 p.
970 1171 1032 1205 “6,

253 1211 402 1239 ὑπόστασιν
419 1213 453 1239 ab
467 1213 545 1249 οὐσίᾳ
557 1214 687 1249 distingui
703 1215 810 1248 quidem
825 1223 832 1247 ;
850 1216 896 1243 sed
912 1215 960 1249 ait,
980 1223 1033 1243 non

252 1258 321 1284 sumi
345 1265 394 1292 pro
417 1267 539 1292 persona,
562 1260 609 1287 sed
633 1260 814 1289 subsistentia.
838 1260 936 1288 Verum
965 1262 1034 1296 apud

253 1309 378 1337 veteres,
398 1305 443 1332 ubi
456 1305 490 1333 de
504 1305 639 1333 Triuitate
656 1306 815 1341 loquuntur,
841 1307 915 1342 quid,
932 1315 1033 1342 quaaso,

254 1349 343 1377 dilI‘ert
371 1357 486 1385 persona
509 1358 524 1378 a
545 1351 717 1379 subsistentia
738 1352 750 1379 τ
776 1351 905 1379 Nimirum
932 1353 979 1385 illi,
1006 1357 1036 1380 ut

254 1400 329 1422 recte
348 1395 501 1423 observavit
517 1397 643 1425 Petavius
662 1397 701 1424 De
715 1398 822 1431 Trini1.,
836 1399 881 1426 lib.
898 1406 934 1430 tv,
953 1406 976 1426 c.
1002 1399 1035 1431 3,

253 1447 326 1466 nutu.
343 1440 370 1472 6,
388 1449 397 1466 ι
411 1442 612 1468 subsistentiam
634 1451 645 1468 ι
669 1449 717 1476 pro
731 1448 873 1475 concreto,
888 1443 957 1478 quod
978 1443 1031 1471 dici

254 1486 332 1516 solet,
351 1487 457 1513 nomine
471 1491 653 1520 sumpserunt,
675 1492 702 1514 et
718 1495 778 1514 cum
799 1495 912 1522 persona
936 1489 1032 1517 confu-

253 1531 359 1558 derunt.
379 1531 477 1558 Deinde
491 1533 517 1560 in
531 1532 590 1559 loco
600 1532 734 1568 Origenis,
757 1542 835 1568 quem
859 1535 1031 1569 reprehendit
1050 1554 1072 1584 ο

255 1576 378 1611 Iluetius,
401 1579 549 1613 accipiatur
573 1580 655 1616 igitur
676 1580 824 1612 ὑπόστασις
846 1588 893 1615 pro
912 1590 922 1607 ‹
947 1583 1035 1610 subsi-

253 1624 363 1657 stentia,
378 1634 387 1650 ι
407 1630 436 1652 ut
451 1626 574 1654 dicantur
592 1626 672 1654 Pater
687 1630 715 1653 et
738 1626 821 1654 Filius
838 1627 890 1654 duo
910 1629 943 1663 τῇ
967 1628 1034 1654 ὑπο-

255 1675 349 1702 στάσει
371 1684 380 1701 ι
397 1675 590 1705 subsistentia:
609 1686 619 1702 ι
637 1684 671 1703 an
685 1676 828 1711 quisquam
842 1675 996 1703 Catholicus
1007 1677 1033 1703 id

255 1721 365 1756 eulpet?
380 1720 436 1749 IIuo
451 1729 541 1750 nonne
558 1722 706 1750 haereticus
719 1727 772 1754 est,
796 1722 841 1757 qui
868 1723 970 1758 neget?
990 1722 1040 1750 Ve-

255 1774 315 1794 rum
339 1767 429 1795 acrius
444 1768 560 1803 insurgit
578 1768 691 1796 Iluetius
720 1769 874 1804 Origenian.
898 1774 993 1803 quest.
1009 1775 1039 1801 Il,

258 1821 333 1840 ιιικιι.
358 1814 386 1847 5,
411 1821 472 1849 pag.
497 1814 559 1842 Il'i.
592 1823 601 1841 ι
627 1815 709 1848 Quid,
731 1815 830 1849 inquit,
856 1814 1040 1842 defensionem

257 1859 379 1894 pr'ebere
398 1868 530 1888 conantur
546 1861 666 1897 Origeni,
682 1869 742 1888 cum
760 1868 837 1888 suam
856 1860 912 1895 ipse
924 1868 1034 1887 causam

256 1906 352 1941 prodat
378 1912 442 1935 tom.
469 1915 488 1934 ll
511 1908 538 1934 in
563 1907 656 1940 10am,
683 1914 757 1934 num.
779 1907 806 1940 5,
832 1914 893 1941 pag.
916 1905 960 1939 6|,
991 1906 1037 1933 ubi

256 1953 399 1986 quemdam
432 1954 591 1989 impugnans
613 1953 826 1989 δογματίζοντα,
849 1952 915 1988 μηδὲ
944 1952 1038 1978 οὐσίαν

257 1998 318 2025 τινὰ
339 1999 406 2025 ἰδίαν
429 1999 577 2034 ὑφεστάναι
599 1999 645 2026 τοῦ
665 1999 743 2034 ἁγίου
766 1998 924 2034 Πνεύματος
946 1998 1041 2034 ἑτέραν

259 2045 334 2080 παρὰ
347 2044 391 2071 τὸν
405 2045 514 2080 Πατέρα
538 2046 584 2072 κα)⁵
606 2045 651 2072 τὸν
672 2045 735 2071 Υίόν
747 2054 754 2060 ·
767 2049 828 2079 post
844 2044 931 2079 aliqua
949 2044 1042 2070 addit:

264 2089 359 2125 Ἡμεῖς
371 2090 460 2127 μέντοι
481 2100 511 2126 γε
528 2092 601 2127 τρεῖς
623 2091 786 2122 ὑποστάσεις
806 2090 959 2126 πειθόμενοι
978 2098 1043 2124 τυγ-

261 2137 366 2173 χάνειν,
390 2138 436 2164 τὸν
459 2137 570 2174 Πατέρα
596 2137 644 2163 καὶ
669 2137 733 2163 Υίὸν
756 2137 803 2163 καὶ
825 2136 901 2171 ἅγιον
920 2136 1043 2171 Πνεῦμα,

261 2193 288 2211 κ.
303 2193 330 2211 τ.
344 2183 382 2218 λ..
401 2185 425 2211 id
438 2190 490 2217 est,
502 2194 511 2210 ι
534 2183 587 2211 Nos
603 2188 692 2211 autem
703 2183 748 2217 qui
766 2188 821 2210 tres
842 2190 971 2217 personas
984 2189 1045 2209 csse

259 2229 379 2263 Patrem,
393 2230 490 2258 Filiqu
504 2235 531 2257 et
547 2231 678 2265 Spiritum
705 2234 828 2257 sanctum
852 2230 973 2264 persuasi
998 2236 1045 2255 su-
1060 2223 1083 2251 Ι)

262 2284 332 2308 mus,
355 2283 427 2304 )etc.
445 2276 545 2310 Quibus
560 2276 694 2311 signiﬁcat
708 2277 741 2302 ab
763 2283 796 2302 co
819 2275 865 2310 qui
887 2275 993 2302 unicam
1013 2274 1039 2301 in

260 2321 394 2350 Triuitate
405 2323 497 2350 οὐσίαν
528 2322 614 2357 punit,
633 2329 663 2349 se
678 2321 834 2355 dissentire,
851 2325 878 2348 et
901 2325 956 2348 tres
978 2321 1044 2348 ὑπο-

260 2370 371 2401 στάσεις
401 2370 554 2402 admittere,
587 2370 638 2397 boc
668 2374 719 2401 est,
754 2374 808 2396 tres
837 2368 942 2399 οὐσίας.
974 2367 1042 2395 Nam

261 2417 284 2446 si
308 2417 452 2453 ἰδιότητας.
485 2417 535 2444 hoc
561 2422 614 2450 est,
642 2424 773 2451 personas
801 2416 967 2451 signiﬁcaret
994 2423 1045 2442 vox

262 2465 436 2498 ὑποστάσεις,
453 2465 607 2500 neutiquam
623 2465 790 2499 exprimeret
803 2464 954 2492 dissensum
969 2470 1047 2490 suum

262 2512 299 2540 ab
310 2520 354 2545 eo,
366 2512 412 2547 qui
427 2512 508 2539 unius
520 2511 613 2542 οὐσίας
635 2510 796 2537 Trinitatem
819 2516 879 2537 esse
902 2509 1020 2537 volebat.
1035 2517 1044 2535 ι

264 2559 357 2593 Atqui,
374 2558 484 2593 inquam
498 2565 560 2593 ego,
581 2565 613 2585 ex
625 2558 677 2584 hoc
692 2557 751 2584 loco
767 2556 834 2583 nihil
857 2555 929 2582 aliud
956 2555 1046 2589 colligi

265 2609 365 2638 potest,
393 2611 473 2639 quam
500 2603 695 2634 adversarium,
728 2609 808 2637 quem
839 2600 877 2628 ibi
908 2601 1048 2636 impugnat

265 2649 405 2685 Origenes,
421 2649 513 2682 οὐσίας
529 2649 638 2677 nomine
657 2648 820 2684 bypostasim
832 2648 888 2675 sive
902 2654 1048 2682 personam

266 2695 445 2728 intellexisse,
458 2696 529 2730 quod
544 2701 572 2722 et
584 2695 618 2722 ab
635 2695 695 2722 aliis
709 2693 812 2726 multis,
825 2694 907 2721 etiam
927 2692 1049 2721 Catholi-

268 2742 318 2774 cis,
328 2742 440 2776 factum,
454 2750 535 2778 supra
550 2742 728 2770 ostendimus.
743 2741 853 2769 Scilicet
864 2740 1048 2772 adversarius,

267 2792 361 2814 contra
376 2796 456 2823 quem
473 2790 593 2824 disputat
614 2788 651 2816 ibi
675 2787 819 2823 Origenes,
837 2786 888 2815 fuit
909 2794 1002 2815 revera
1017 2794 1050 2814 ex

308 2876 327 2891 “
341 2876 410 2904 I‘sal.
430 2884 499 2911 xuv,
514 2877 538 2904 ι.

1079 260 1107 282 et
1129 255 1198 282 Filio
1216 255 1368 284 nullatenus
1390 255 1507 289 differre,
1530 258 1576 284 sed
1600 257 1630 283 τὸ
1648 258 1712 284 αὐτὸ
1725 255 1789 285 εἶναι
1807 260 1837 296 τῷ

1079 301 1178 338 Πατρί,
1197 309 1332 336 ιορτοτευε
1345 302 1414 329 idem
1431 310 1490 329 esse
1501 303 1572 337 quod
1594 302 1682 336 Pater,
1697 313 1706 329 ι
1723 304 1837 334 referente

1080 347 1179 375 ibidem
1198 348 1256 382 ipso
1273 346 1398 383 Origene.
1413 348 1549 375 Adversus
1564 348 1635 375 hunc
1646 349 1763 376 ostendit
1774 357 1801 377 eo
1815 350 1836 377 in

1081 391 1139 418 loco
1159 391 1302 425 Origenes,
1322 391 1392 426 quod
1409 392 1468 419 sine
1490 393 1674 420 controversia
1695 392 1783 421 Matth.
1797 403 1837 429 xu,

1082 437 1128 471 32,
1141 436 1280 464 distinctio
1304 437 1458 465 declaretur
1483 437 1600 472 Spiritus
1623 439 1710 466 sancti
1733 446 1746 466 a
1763 439 1836 474 Filio;

1082 483 1200 518 indeque
1215 482 1352 510 concludit
1370 483 1500 518 Spiritum
1525 489 1648 511 sanctum
1672 490 1701 511 ut
1717 489 1742 512 et
1757 485 1838 514 Filium

1081 530 1173 562 etiam,
1189 537 1204 556 a
1220 529 1300 557 Patre
1313 537 1425 564 persona
1443 530 1560 557 diﬂ'erre.
1583 529 1649 556 Tum
1667 530 1802 566 subjungit,
1818 536 1840 560 et

1081 582 1122 606 se.
1135 579 1162 602 et
1174 575 1244 603 alios
1258 575 1413 603 Catholicos
1435 575 1558 607 credere,
1577 574 1696 608 Patrem,
1717 575 1805 603 Filium
1818 583 1840 604 et

1085 620 1215 656 Spiritum
1238 626 1363 649 sanctum
1388 629 1448 649 esse
1478 622 1551 657 τρεῖς
1575 622 1747 654 ὑποστάσεις,
1771 627 1840 651 ιιι-ες

1081 667 1280 695 subsistentias.
1298 677 1306 693 ι
1327 667 1459 694 Nimirum
1473 667 1621 699 ὑπόστασις
1634 668 1704 703 apud
1718 668 1839 703 Origenem

1082 714 1137 741 fere
1150 718 1304 741 constanter
1317 713 1450 749 significat
1466 714 1521 740 sive
1535 714 1735 741 subsistentiam
1750 713 1773 740 in
1791 714 1840 742 abs-

1083 765 1179 794 tracto,
1205 762 1261 789 sive
1285 769 1341 788 rem
1368 761 1530 795 singularem
1546 766 1574 788 et
1590 761 1752 787 individuam
1765 767 1807 794 per
1819 768 1841 789 se

1082 806 1282 837 subsistentem,
1307 814 1366 841 quae
1389 806 1417 833 in
1439 807 1482 839 iis,
1507 813 1566 840 quae
1587 806 1642 833 vita
1671 811 1700 833 et
1725 806 1841 833 intellectu

1083 853 1200 887 gaudent
1226 852 1266 887 (ut
1280 853 1377 887 smpins
1391 850 1468 887 dixi),
1487 851 1557 878 idem
1575 857 1617 878 est
1637 852 1710 887 quod
1731 859 1837 885 persona.

1085 897 1136 925 Sed
1167 906 1295 933 quorsum
1321 899 1394 926 hisce
1425 898 1550 926 lectorem
1578 898 1735 933 ambagibus
1756 898 1841 925 detine-

1084 944 1163 971 mus?
1180 944 1272 971 Exstat
1292 944 1366 971 locus
1379 945 1405 971 in
1423 944 1525 972 Graecis
1546 943 1673 978 Origenis
1692 943 1842 971 Commenta-

1083 989 1131 1017 riis
1151 990 1184 1017 ab
1197 990 1254 1024 ipso
1276 989 1373 1017 lluetio
1388 990 1480 1022 editis,
1504 989 1550 1024 qui
1573 995 1694 1016 nostram
1711 989 1843 1022 Origeniani

1083 1043 1180 1063 sensus
1219 1036 1467 1071 interpretationem
1510 1036 1681 1071 apertissime
1712 1035 1843 1062 conﬁrmet.

1084 1080 1149 1108 Nam
1166 1085 1237 1108 tomo
1250 1089 1264 1108 κ
1287 1081 1313 1107 in
1325 1080 1464 1112 Joannem,
1479 1087 1551 1106 num.
1567 1079 1612 1110 21,
1628 1087 1690 1114 pag.
1704 1079 1763 1111 199,
1778 1085 1845 1113 quos-

1084 1128 1144 1155 dam
1157 1131 1231 1154 notat
1246 1126 1375 1162 Origenes
1391 1127 1499 1161 (nempe
1529 1133 1562 1152 ex
1586 1124 1737 1158 Noetianis)
1748 1145 1755 1156 ,
1767 1124 1805 1158 qui
1819 1132 1844 1151 ex

1084 1173 1151 1200 locis
1168 1172 1315 1207 Scripturae
1331 1171 1491 1206 quibusdam
1506 1171 1574 1197 male
1599 1170 1742 1198 intellectis
1759 1169 1844 1197 ostendi

1084 1219 1285 1250 existimarunt,
1303 1218 1340 1253 μὴ
1357 1217 1495 1253 διαφέρειν
1509 1217 1547 1252 τῷ
1561 1215 1672 1252 ἀριθμῷ
1683 1215 1728 1242 τὸν
1744 1214 1799 1241 Υἰδν
1810 1214 1845 1241 τοῦ

1085 1265 1200 1300 Πατρὺς,
1226 1264 1283 1291 ἀλλ’
1303 1263 1343 1296 ἓν,
1356 1263 1386 1290 οὐ
1405 1263 1483 1299 μόνον
1503 1262 1592 1297 οὐσίᾳ,
1609 1261 1679 1288 ἀλλὰ
1698 1261 1744 1287 καὶ
1759 1261 1845 1286 ὑποκει-

1087 1310 1159 1346 μένῳ
1176 1310 1358 1345 τυγχάνοντας
1379 1308 1557 1344 ἀμφοτέρους,
1573 1306 1644 1334 κατά
1656 1315 1732 1338 τινας
1747 1305 1845 1336 smnia;

1085 1355 1240 1392 διαφόρους,
1257 1356 1287 1382 οὐ
1310 1355 1367 1382 κατ’
1384 1354 1531 1381 ὑπόστασιν
1549 1353 1677 1388 λέγεσθαι
1701 1352 1802 1388 Πατέρα
1813 1351 1845 1378 τὸν

1093 1402 1166 1429 Υἱύν·
1186 1401 1211 1429 id
1223 1405 1279 1434 est,
1296 1410 1304 1426 ι
1319 1399 1436 1427 Numero
1450 1407 1501 1427 non
1519 1399 1627 1426 dil‘erre
1644 1398 1740 1426 Filium
1754 1397 1844 1428 aPatre.

1087 1449 1133 1477 sed
1150 1454 1293 1483 utrumque
1307 1454 1388 1474 unum
1412 1453 1464 1473 non
1491 1445 1570 1472 modo
1589 1444 1751 1477 substantia,
1770 1443 1809 1470 sed
1827 1445 1847 1468 et

1088 1494 1208 1528 Subiecta
1222 1492 1397 1524 exsistentes,
1419 1490 1566 1518 secundum
1591 1490 1725 1525 quasdam
1746 1489 1846 1517 notiones

1089 1541 1221 1570 diversas,
1234 1546 1286 1566 non
1307 1538 1455 1566 secundum
1471 1537 1641 1572 hypostasin,
1658 1537 1765 1564 Patrem
1779 1540 1802 1562 et
1815 1533 1845 1560 Fi'

1089 1587 1153 1613 lium
1166 1585 1230 1612 dici.
1251 1595 1260 1611 ι
1290 1584 1392 1618 Quibus
1412 1584 1468 1618 ipse
1487 1583 1631 1618 respondet
1648 1591 1655 1609 :
1671 1581 1783 1609 Λεκτέον
1796 1579 1847 1614 πρὸς

1089 1632 1186 1664 αὐτοὺς
1199 1631 1306 1668 πρῶτον
1322 1630 1370 1666 μὲν
1392 1631 1485 1666 ἕτερον
1500 1628 1569 1657 εἶναι
1585 1629 1629 1655 τὸν
1644 1629 1709 1655 Υίδν
1728 1628 1796 1663 παρὰ
1814 1626 1848 1652 τὸν

1089 1680 1209 1715 Πατέρα,
1225 1679 1272 1705 καὶ
1283 1679 1323 1705 ὃτι
1338 1678 1441 1714 ἀνάγκη
1457 1678 1502 1705 τὸν
1520 1677 1583 1703 Υἱὸν
1598 1677 1705 1713 Πατρὺς
1718 1674 1780 1703 εἶναι
1792 1675 1847 1707 Υίὸν,

1090 1728 1137 1755 καὶ
1149 1727 1195 1754 τὸν
1209 1726 1319 1762 Πατέρα
1338 1725 1402 1752 Υίοῧ
1419 1724 1539 1760 Πατέρα,
1553 1724 1577 1751 id
1591 1729 1642 1756 est,
1674 1733 1683 1749 ι
1709 1723 1747 1749 Ad
1766 1723 1807 1749 bos
1819 1720 1848 1748 di-

1090 1775 1204 1801 cendum
1223 1773 1320 1807 primo,
1333 1771 1415 1798 alium
1430 1778 1490 1798 esse
1506 1769 1603 1796 Filium
1620 1777 1636 1796 a
1650 1769 1740 1801 Patre,
1756 1772 1780 1795 et
1792 1767 1845 1802 quod

1091 1818 1246 1847 necessario
1268 1817 1351 1844 Filius
1368 1816 1404 1844 sit
1424 1815 1511 1843 Patris
1536 1815 1632 1846 Filius,
1654 1821 1683 1842 et
1711 1814 1784 1841 Pater
1804 1811 1847 1839 Filii

1091 1865 1226 1893 sitP-ater.
1245 1873 1254 1889 ι
1281 1863 1328 1890 llic
1353 1863 1430 1889 οὐσία
1451 1867 1478 1888 et
1499 1861 1646 1892 ὑπόστασις
1671 1861 1743 1888 clare
1767 1859 1844 1887 distin-

1093 1916 1222 1948 guuntur,
1249 1910 1328 1945 plane
1351 1908 1577 1944 quemadmodum
1593 1915 1608 1934 a
1624 1907 1703 1934 nobis
1729 1905 1800 1933 hodie
1814 1904 1847 1934 ﬁt;

1093 1962 1120 1985 et
1147 1955 1272 1992 Origenis
1295 1956 1465 1989 aliorumque
1486 1953 1687 1981 Catholicorum
1708 1951 1823 1980 sententia
1837 1956 1847 1975 ί

1093 2001 1224 2030 Noetiana
1238 2005 1366 2028 accurate
1386 1997 1598 2026 discriminatnr.
1614 1996 1751 2024 Docebant
1765 1994 1844 2022 Catbo‘

1094 2048 1136 2076 Iici
1151 2047 1258 2075 Patrem
1268 2051 1296 2074 et
1309 2045 1404 2073 Filium
1420 2051 1502 2071 unum
1521 2043 1628 2079 quidem
1645 2050 1707 2070 esse
1719 2039 1845 2069 substantia

1098 2094 1160 2129 (hoc
1187 2097 1240 2126 est,
1267 2090 1454 2127 ὁμοουσίους),
1481 2089 1527 2117 sed
1552 2089 1688 2124 bypostasi
1704 2093 1732 2115 et
1755 2085 1847 2129 subjecto

1096 2140 1178 2167 duos:
1194 2141 1288 2165 contra
1306 2135 1424 2163 hatretici
1441 2134 1649 2167 contendebant,
1664 2133 1767 2160 Patrem
1780 2135 1802 2158 et
1813 2128 1846 2156 Fi-

1097 2185 1160 2211 lium
1179 2191 1232 2211 non
1255 2184 1336 2210 modo
1367 2180 1529 2211 substantia.
1554 2180 1600 2207 sed
1628 2179 1711 2205 etiam
1738 2173 1849 2213 liypostasi

1098 2238 1178 2257 unum
1199 2237 1272 2261 esse,
1290 2236 1322 2256 ac
1337 2233 1438 2254 tantum
1449 2226 1596 2254 secundum
1612 2224 1734 2252 diversas
1753 2222 1847 2250 notiones

1097 2278 1153 2305 sive
1166 2280 1312 2314 conceptus
1327 2279 1434 2302 nostros
1451 2273 1590 2307 distingui,
1605 2276 1689 2306 atque
1707 2271 1756 2297 alio
1766 2270 1847 2303 Irespe-

1098 2328 1141 2351 ctu
1156 2330 1227 2350 nunc
1244 2322 1364 2354 Patrem,
1381 2328 1452 2348 nunc
1468 2320 1521 2347 alio
1538 2319 1635 2346 Filium
1656 2317 1720 2345 dici.
1739 2315 1781 2342 His
1793 2317 1848 2341 certe

1099 2369 1165 2397 nihil
1180 2367 1360 2396 manifestius.
1376 2366 1452 2400 Quod
1465 2373 1529 2393 vero
1542 2365 1576 2392 de
1593 2363 1705 2398 antiquo
1722 2361 1787 2389 vocis
1798 2359 1847 2386 6m-

1101 2416 1222 2447 στάσεως
1237 2415 1262 2442 iu
1273 2414 1373 2441 divinis
1381 2421 1430 2440 usu
1443 2411 1639 2443 ecclesiastico,
1657 2409 1741 2437 fusius
1760 2407 1847 2434 fortasse

1099 2469 1180 2497 quam
1207 2461 1345 2496 proposita
1363 2459 1479 2494 obiectio
1503 2457 1662 2493 postularet,
1686 2451 1846 2482 disseruerim;

1099 2510 1138 2541 id,
1156 2508 1192 2535 uti
1206 2515 1295 2542 spero,
1319 2507 1390 2533 haud
1411 2504 1553 2532 nudestum
1573 2504 1626 2531 erit
1641 2502 1732 2530 lectori
1752 2498 1846 2528 cordato,

1099 2554 1144 2590 qui
1160 2561 1251 2581 secum
1265 2553 1356 2580 animo
1371 2550 1546 2586 reputaverit,
1560 2556 1641 2584 quam
1660 2549 1704 2577 hic
1726 2554 1771 2574 non
1789 2542 1846 2592 modo

1102 2610 1117 2629 a
1132 2601 1212 2636 vulgo
1227 2600 1423 2634 theologorum,
1451 2596 1498 2624 sed
1518 2597 1599 2622 etiam
1616 2601 1631 2621 ιι
1647 2595 1712 2621 viris
1725 2590 1845 2620 eruditissi-

1101 2648 1154 2674 mis
1167 2651 1222 2674 tota
1236 2646 1278 2672 via
1297 2649 1413 2672 erretur.

1141 2692 1155 2728 §
1172 2691 1230 2719 XII.
1248 2690 1375 2726 Sequitur
1390 2689 1440 2717 alia
1459 2688 1546 2716 Huetii
1560 2686 1676 2722 objectio
1692 2683 1846 2728 desumpta:x

1105 2723 1196 2766 vei-bis
1214 2723 1338 2771 Origeiiis
1366 2736 1413 2763 lib.
1435 2742 1481 2762 vm
1503 2739 1595 2762 contra
1627 2731 1706 2763 Cela,
1729 2736 1793 2757 num.
1814 2723 1844 2771 ii.

1104 2794 1129 2820 p.
1143 2784 1206 2818 752,
1225 2770 1319 2818 nempe
1338 2782 1410 2810 hisce
1426 2781 1535 2809 ε’Έστω
1546 2780 1585 2813 δὲ,
1602 2778 1676 2810 τινὰς
1689 2777 1760 2809 ὠςὲν
1774 2770 1844 2807 πλήθει
