1908 3071
71 141 134 169 15119

70 198 252 230 πιστευόντων,
267 197 314 225 καὶ
326 198 477 234 δεχομένων
491 200 646 235 διαφωνίαν,
661 201 706 229 διὰ
721 202 770 238 τὴν
778 211 841 238 προ-
853 205 879 233 Δ

69 246 172 272 πέτειαν
188 243 361 271 ὑποτίθεσθαι
371 243 416 271 τὸν
433 245 546 280 Σωτῆρα
563 243 631 272 εἷναι
651 247 696 274 τὸν
711 248 757 274 ἐπὶ
774 249 840 274 πᾶσι

68 290 129 318 Θεόν
140 298 147 305 ·
161 289 216 317 ἀλλ’
226 288 284 315 οὔτι
297 298 329 324 γε
338 290 417 325 ἡμεῖς
427 290 557 323 τοιοῦτον,
565 292 589 318 οἱ
604 292 756 328 πειθόμενοι
768 293 842 329 αὺτῷ

68 335 176 369 λέγοντι,
191 335 217 360 '0
228 334 340 369 Πατὴρ,
353 336 369 362 ὀ
381 335 502 369 πέμψας
513 336 670 371 με,μείζωιν
676 338 735 372 μοῦ
744 339 840 371 ἐστιν,

69 381 94 408 id
109 385 163 408 est:
177 388 186 405 ι
199 380 266 407 Esto
279 385 369 407 autem
383 388 437 408 non
451 381 544 409 deesse
558 383 698 417 quosdam,
710 388 740 410 ut
752 384 776 410 in
788 388 841 411 tam

70 431 207 452 numerosa
224 424 392 451 credentium
406 424 589 458 multitudine,
600 427 644 461 qui
659 426 841 462 discrepantes

70 470 102 497 ab
121 469 181 496 aliis
203 473 306 496 temere
328 469 474 502 aiiirment,
494 471 565 505 quod
593 471 721 500 Servatur
742 473 777 499 sit
796 473 842 500 ille

70 515 249 542 universorum
265 515 354 542 Deus:
377 521 514 544 nos.certe
528 516 578 543 hoc
595 525 646 544 non
662 516 785 551 facimus,
796 518 841 552 qui

70 561 200 588 credimus
211 561 263 596 ipsi
275 561 388 594 dicenti,
403 561 484 589 Pater
495 563 539 597 qui
552 563 622 590 misit
636 571 686 596 me,
703 563 788 598 major
802 572 842 591 me

69 613 103 635 est
120 607 153 633 ".
170 617 180 634 ›
200 607 239 634 Ad
253 614 313 641 qua:
325 607 382 634 haec
395 608 506 635 adnotat
517 608 552 635 cl.
564 608 674 636 Huetius
687 608 841 645 Origenian.

69 652 113 680 lib.
127 660 156 686 It,
176 658 271 687 quaest.
292 653 320 685 2,
344 660 419 680 ηιιηι.
435 653 460 685 7,
486 661 547 689 pag.
561 654 607 681 I2I
625 664 631 681 :
645 663 654 680 ι
670 655 843 683 Allirmabant

67 698 172 733 quidam
195 697 332 725 Christum
356 705 416 725 esse
441 699 628 726 universorum
652 699 746 731 Deum,
764 699 842 733 idque

67 750 126 770 vere
147 747 173 770 et
193 742 353 770 orthodoxe.
376 742 498 770 Pertinet
519 744 583 771 illud
603 751 667 771 sane
680 744 712 771 ad
724 745 841 773 divinam

68 787 164 814 Christi
182 792 320 820 naturam,
343 795 395 814 non
415 788 447 814 ad
469 788 624 816 humanam.
651 788 736 824 Negat
761 796 842 816 econ-

69 832 149 859 trario
191 831 321 867 Origenes
357 831 527 860 Servatorem
561 840 620 861 esse
656 834 841 861 universorum

69 877 159 908 Deum,
177 877 248 911 quod
267 877 328 904 inde.
341 877 447 911 probat,
463 878 524 912 quia
535 877 616 906 Patre
632 880 719 906 minor
733 880 779 912 sit,
798 879 843 914 qui
858 880 879 908 Β

67 927 107 949 est
121 923 311 951 universorum
328 923 408 950 Deus.
425 923 524 950 Divina:
545 931 609 959 ergo
623 924 723 952 Christi
744 930 845 952 natura

65 969 179 996 detrahit
190 976 344 1004 supremam
356 968 427 996 illam
434 969 550 1004 θεότητα
556 977 635 1004 supra
644 978 687 997 res
696 970 844 1003 universas,

64 1019 90 1041 et
109 1014 180 1042 Patri
209 1014 310 1042 addicit
327 1024 334 1048 ;
359 1015 523 1050 prcindeque
554 1015 662 1050 μεγέθει
681 1016 747 1049 τινί,
767 1022 794 1043 et
816 1023 845 1044 ut

66 1059 146 1087 Deum
163 1061 229 1094 Deo,
247 1061 407 1088 inferiorem
421 1060 494 1088 Patri
513 1061 611 1088 Filium
626 1062 729 1094 statuit,
747 1069 800 1089 non
816 1067 844 1090 ut

67 1105 196 1133 hominem
215 1106 280 1134 Deo.
295 1116 304 1132 ι
320 1107 372 1134 Sed
394 1107 420 1133 1·
434 1106 593 1142 gravissime
607 1112 681 1134 errat
693 1107 732 1134 vir
747 1108 845 1135 doctis-

66 1152 146 1180 simus
158 1153 243 1189 (quod
258 1162 325 1189 pace
336 1154 395 1188 ejus
409 1154 546 1189 dixerim),
566 1153 593 1181 in
612 1161 645 1181 eo
670 1154 741 1190 quod
758 1159 843 1189 putet,

67 1206 132 1231 quos
152 1199 197 1226 hic
224 1199 384 1234 perstringit
404 1198 543 1233 Origenes,
570 1206 633 1226 vere
652 1203 679 1226 et
697 1199 845 1226 orthodoxe

67 1243 223 1278 aliirmasse,
249 1244 345 1271 Filium
366 1251 427 1271 esse
448 1244 636 1271 universorum
662 1245 755 1272 Deum.
777 1244 843 1272 Nam

66 1289 164 1316 diserte
179 1290 301 1324 loquitur
315 1289 446 1324 Origenes
464 1289 496 1316 de
511 1290 605 1324 paucis
622 1290 784 1325 quibusdam
802 1291 844 1317 in-

68 1338 106 1360 ter
119 1334 299 1368 Christianos,
313 1335 358 1370 qui
376 1336 402 1362 in
417 1343 449 1362 eo
465 1335 535 1370 quod
548 1335 726 1369 allirmabant,
749 1343 765 1363 a
775 1335 845 1370 {reli-

67 1386 115 1412 qua
130 1380 300 1407 credentium
314 1388 323 1405 ι
339 1387 481 1407 numerosa
498 1379 681 1412 multitudine,
696 1390 706 1406 ι
725 1380 774 1408 hoc
793 1385 844 1413 est.

68 1430 82 1449 a
108 1425 243 1452 catholica
271 1424 371 1452 Christi
400 1424 520 1451 Ecclesia
547 1424 747 1459 discrepabant.
776 1424 845 1458 Quin

67 1469 159 1502 etiam,
173 1472 196 1498 si
211 1471 400 1498 antecedentia
413 1475 441 1496 et
455 1472 652 1506 consequentia
672 1472 742 1506 apud
757 1471 846 1507 Orige-

68 1522 127 1542 nem
141 1515 249 1552 legeris,
265 1517 416 1552 comperies
439 1524 497 1551 quae
513 1516 547 1543 ibi
569 1516 663 1544 Celsus
685 1517 844 1544 Christianis

68 1561 169 1595 objicit,
196 1571 256 1590 esse
281 1564 391 1590 omnino
411 1571 443 1590 ex
469 1563 659 1590 haereticorum
682 1562 778 1590 fabulis
800 1552 879 1591 de-C

67 1613 183 1640 sumpta.
205 1608 320 1641 Quinam
347 1616 409 1635 vero
435 1608 492 1640 isti,
507 1607 557 1642 [qui
588 1607 763 1640 heterodoxe,
785 1612 812 1634 et
830 1616 845 1634 a

68 1656 204 1682 communi
227 1654 443 1682 Christianorum
466 1662 600 1681 consensu
619 1654 758 1686 abeuntes,
773 1653 845 1681 alIir-

68 1706 174 1726 marunt
189 1701 359 1728 Servatorem
376 1708 435 1728 esse
446 1701 533 1735 ipsum
544 1701 729 1728 universorum
743 1700 846 1734 Deum}

67 1744 134 1772 Puto
148 1746 291 1774 haereticos
308 1746 454 1780 designari,
469 1746 514 1780 qui
535 1745 658 1780 Origenis
682 1745 846 1780 temporibus

68 1791 260 1820 Noetianorum
276 1792 455 1827 appellatione
477 1793 672 1824 noscebantur,
692 1791 738 1826 qui
764 1791 846 1819 doce-

67 1837 130 1865 bant
145 1839 244 1867 Filium
259 1847 319 1867 esse
333 1839 418 1874 ipsum
437 1838 519 1865 Deum
533 1837 652 1870 Patrem,
676 1838 721 1873 qui
742 1837 847 1872 διακρι-

66 1883 148 1916 τικῶς
173 1885 277 1913 solebat
305 1885 338 1911 ab
363 1884 422 1919 eius
441 1883 491 1911 aevi
517 1882 663 1910 Catholicis
682 1884 695 1909 ὁ
714 1882 760 1909 ἐπὶ
781 1883 847 1909 πᾶσι

67 1928 143 1962 θεός,
162 1940 171 1956 ι
191 1931 378 1958 universorum
397 1930 468 1956 Deus
483 1938 493 1954 ι
511 1928 651 1964 appellari.
668 1928 748 1956 Certe
765 1928 847 1956 Justi-

69 1981 118 2002 nus
134 1977 223 2003 verbis
238 1983 289 2003 non
307 1975 478 2003 absimilibus
491 1975 516 2002 id
535 1983 618 2010 genus
643 1976 845 2008 hteretit-orum,

67 2020 119 2047 alio
134 2022 243 2050 nomine
261 2022 348 2056 ipsius
369 2025 448 2048 actate
469 2021 649 2056 cognitorum,
676 2020 784 2055 impiam
800 2028 845 2048 ve—

67 2068 168 2095 saniam
185 2069 211 2096 in
233 2068 360 2104 Apologia
377 2075 437 2102 qua:
462 2067 560 2095 dicitur
581 2066 696 2093 Secunda
723 2066 766 2093 his
790 2073 848 2093 ver-

68 2111 108 2140 bis
124 2119 199 2141 notat
213 2122 272 2149 pag.
288 2114 321 2141 96
330 2122 336 2140 :
345 2114 375 2140 Ui
389 2113 442 2148 γὰρ
456 2112 501 2139 τὸν
513 2112 575 2139 Υἰὺν
583 2112 690 2148 Πατέρα
701 2112 848 2146 φάσκοντες

68 2155 144 2189 εἶναι,
166 2160 332 2195 ἐλέγχονται,
358 2160 425 2194 μήτε
453 2159 497 2185 τὸν
526 2159 635 2194 Πατέρα
662 2159 846 2194 ἐπιστάμενοι,

568 141 613 169 EX
632 142 665 170 (ἶ.
686 142 786 172 BULLI
806 143 881 171 DEP.

901 143 990 172 FIDE!
1009 145 1170 174 NICIENE.
1599 151 1667 178 I3l0

892 204 937 239 qui
954 205 1082 233 mundum
1097 205 1227 239 condidit,
1243 205 1339 233 Filium
1354 214 1361 239 ;
1377 207 1425 234 sed
1439 206 1497 241 ejus
1514 207 1666 242 Dominum,

891 257 977 284 eoque
1010 251 1189 285 superiorem.
1228 258 1315 285 eoque
1346 252 1454 279 nomine
1483 253 1668 280 universorum

891 295 987 323 Deum.
1007 296 1079 323 Sane
1093 296 1126 324 de
1144 296 1187 323 his
1202 296 1245 331 agi
1259 296 1286 323 in
1302 297 1521 325 antecedentibus
1533 303 1559 325 et
1573 306 1670 327 conse-

890 341 1035 379 quentibus
1053 341 1224 369 ntanil'estum
1238 346 1291 369 est.
1307 341 1442 374 Secundo,
1456 344 1526 376 quod
1538 343 1669 377 Origenes

891 385 917 412 in
931 385 990 414 loco
1007 386 1088 413 citato
1103 386 1178 419 dicit,
1191 386 1287 414 Filium
1302 388 1384 415 etiam
1396 395 1448 422 qua
1461 388 1531 415 Deus
1543 393 1586 415 est
1606 389 1671 423 (hoc

892 436 943 465 est,
957 431 1028 460 Deus
1042 441 1075 460 ex
1090 433 1154 468 Deo)
1170 433 1250 461 Patre
1267 433 1398 461 minorem
1423 441 1483 462 esse
1513 435 1595 469 (quod
1626 442 1669 462 re-

891 477 1033 511 prehendit
1051 476 1200 512 Iiuetius);
1223 477 1301 512 plane
1319 477 1477 505 catholicum
1490 485 1563 510 esse.
1588 482 1669 513 atque

891 521 974 548 etiam
999 529 1013 548 a
1043 521 1179 555 Patribus,
1202 522 1247 557 qui
1272 527 1333 557 post
1361 522 1498 550 Nicaenum
1523 523 1668 550 concilium

889 565 1018 593 Arianam
1030 566 1153 594 haeresim
1162 567 1293 595 acerrime
1304 567 1504 603 impugnarunt.
1517 568 1668 601 defensum,

892 610 961 638 infra
975 612 1008 638 ad
1024 613 1169 640 sectionem
1184 613 1213 645 4,
1228 621 1288 648 cap.
1302 613 1330 645 2,
1349 621 1425 640 num.
1438 613 1465 646 6,
1486 614 1667 641 ostendemus.

892 656 944 685 Ubi
955 658 1037 685 etiam
1054 658 1268 686 luculentissime
1282 658 1468 694 probabimus.
1485 659 1625 694 Origenem
1641 660 1669 687 in

893 703 967 731 libris
987 709 1079 731 contra
1090 704 1204 738 Celsum,
1213 712 1275 732 cum
1292 706 1375 733 Deum
1392 704 1499 732 Patrem
1511 706 1570 732 κατ’
1580 706 1670 732 αἰτίαν

892 749 960 776 Filio
975 749 1103 784 majorem
1114 750 1252 783 statuerit,
1270 750 1340 777 κατὰ
1354 749 1434 785 φύσιν
1453 755 1541 778 tamen
1563 750 1670 778 Patrem

892 801 919 823 et
931 795 1026 822 Filium
1042 803 1120 830 pares
1130 796 1239 823 omnino
1250 803 1309 824 esse
1332 800 1359 823 et
1378 796 1495 830 a‘qnales
1516 796 1669 831 agnovisse.

928 842 941 878 §
956 842 1022 869 XIII.
1036 842 1127 869 Tertio
1143 842 1318 876 reprehendit
1338 841 1450 870 ﬂuetius
1472 842 1552 869 verba
1575 841 1670 877 Orige-

895 887 935 914 nis
952 887 977 913 in
1001 886 1068 914 libro
1081 894 1097 912 v
1109 892 1199 914 contra
1213 886 1329 920 Celsum,
1345 887 1388 914 ubi
1407 888 1446 914 sic
1459 887 1554 914 scribit
1569 895 1595 915 n.
1617 887 1649 914 11
1662 896 1670 914 :

899 933 928 959 'O
935 931 1029 968 Σωτὴρ
1038 931 1116 967 ἡμῶν
1124 932 1171 958 καὶ
1183 931 1295 966 Κύριος,
1308 933 1425 964 ἀκούσας
1438 933 1512 965 ποτὲ,
1524 933 1672 959 Διδάσκαλε

893 977 989 1012 ἀγαθὲ,
1006 977 1174 1012 ἀναπέμπων
1188 977 1234 1004 τὸν
1250 977 1363 1012 λέγοντα
1378 978 1456 1004 τοῦτο
1475 979 1521 1004 ἐπὶ
1540 978 1586 1004 τὸν
1609 979 1672 1004 ἑαυ-

893 1022 940 1050 τοῦ
949 1022 1066 1058 Πατέρα,
1075 1024 1150 1058 φησὶ,
1161 1023 1235 1058 Τιμε
1243 1023 1340 1057 λέγεις
1353 1023 1585 1058 ἀγαθόηοὺδεὶς
1599 1024 1671 1058 ἀγα-

894 1069 945 1102 θὸς
959 1070 986 1096 εἰ
996 1070 1038 1104 μὴ
1055 1067 1108 1102 εἷς,
1124 1071 1141 1096 ὀ
1153 1069 1223 1102 Θεὸς
1234 1071 1250 1096 ὁ
1264 1069 1372 1103 Πατήρ.
1382 1069 1467 1104 Εἴπερ
1482 1069 1588 1096 δὲτοῖη⁹
1598 1069 1673 1096 εὐλό-

895 1124 961 1150 γως,
982 1116 1020 1147 ὡς
1030 1115 1112 1143 εἰκὼν
1124 1117 1174 1152 τῆς
1185 1116 1351 1152 ἀγαθότητος
1368 1116 1416 1142 τοῦ
1431 1116 1498 1142 Θεοῦ
1519 1117 1671 1151 τυγχάνων,

894 1161 1003 1197 εἴρηκεν
1020 1162 1034 1187 ό
1051 1161 1114 1193 Υἱὸς
1129 1162 1178 1196 τῆς
1197 1161 1307 1196 ἀγάπης
1321 1161 1367 1188 τοῦ
1385 1162 1506 1197 Πατρός·
1538 1162 1597 1194 πῶς
1613 1162 1673 1198 οὐχὶ

894 1207 1074 1243 εὐλογώτερον
1087 1207 1119 1234 ἃν
1133 1209 1188 1239 τοῖς
1198 1207 1395 1243 προσκυνοῦσιν
1411 1204 1488 1234 εἶπεν
1500 1207 1585 1242 ἥλιος,
1597 1208 1630 1234 Τί
1639 1216 1672 1244 με

897 1254 1073 1288 προπκυνείςς
1087 1253 1196 1287 Κύριον
1203 1252 1260 1287 γὰρ
1270 1253 1323 1279 τὸν
1334 1253 1407 1279 Gedr-
1419 1260 1477 1279 σου
1496 1252 1679 1288 προσκυνήτ

894 1306 968 1331 σεις·
979 1307 1039 1326 κ.τ.
1049 1298 1073 1325 λ.
1082 1298 1110 1325 Id
1121 1298 1319 1330 est,tServator
1328 1302 1418 1325 noster
1430 1303 1458 1325 et
1471 1298 1610 1330 Dominus,
1623 1289 1679 1333 ap-‘

894 1344 1007 1379 pellatus
1018 1344 1162 1379 aliquando
1171 1348 1319 1379 praeceptor
1327 1345 1424 1377 bonus,
1434 1345 1467 1372 ad
1477 1344 1583 1371 Patrem
1596 1352 1674 1371 suum

895 1389 1035 1416 remittens
1047 1395 1107 1416 eum
1121 1388 1164 1422 qui
1179 1395 1209 1415 se
1223 1388 1262 1415 sic
1274 1388 1461 1422 appellaverat,
1475 1388 1568 1422 inquit.
1605 1387 1674 1420 Quid

894 1443 934 1461 me
947 1434 1012 1461 dicis
1031 1434 1124 1460 bonum
1137 1435 1150 1461 7
1167 1441 1238 1459 nemo
1258 1433 1339 1459 bonus
1354 1433 1404 1460 nisi
1422 1441 1487 1460 unus
1503 1434 1537 1465 ⁸³,
1581 1440 1675 1467 nempe

896 1479 965 1506 Deus
980 1478 1068 1506 Pater.
1090 1478 1167 1512 Quod
1181 1479 1204 1506 si
1219 1478 1244 1505 id
1263 1477 1371 1509 merito.
1386 1482 1415 1504 ut
1433 1478 1520 1514 imago
1547 1478 1676 1505 bonitatis

897 1524 954 1556 Dei.
968 1525 1035 1552 dixit
1048 1524 1162 1552 dilectus
1176 1523 1267 1551 Patris
1285 1523 1379 1555 Filius,
1402 1531 1491 1550 annon
1511 1523 1610 1557 justius
1635 1524 1675 1550 sol

895 1571 997 1598 diceret
1010 1570 1067 1598 suis
1082 1570 1284 1601 adoratoribus,
1301 1569 1365 1604 quid
1386 1576 1428 1596 me
1451 1569 1566 1596 adores?
1586 1568 1675 1595 Domi-

896 1627 958 1645 num
977 1618 1059 1644 Deum
1074 1623 1148 1644 tuum
1166 1616 1290 1642 adorabis
1299 1615 1332 1646 “.
1349 1624 1358 1640 ι
1374 1619 1426 1642 etc.
1439 1615 1477 1641 Ad
1490 1622 1548 1648 quae
1560 1615 1616 1642 haec
1628 1614 1676 1640 ad-

897 1668 972 1690 notat
987 1663 1028 1689 vir
1043 1661 1215 1688 doctissimus
1234 1660 1388 1694 On‘genian.
1413 1660 1460 1686 lib.
1480 1667 1511 1692 ιι,
1530 1665 1628 1694 quaest.
1646 1659 1676 1692 2,

897 1714 970 1733 num.
989 1705 1032 1738 I5,
1048 1713 1108 1740 pag.
1127 1704 1177 1731 126
1192 1711 1200 1732 :
1214 1713 1223 1729 ι
1245 1703 1393 1730 Bonitatem
1421 1703 1511 1735 illam.
1537 1711 1597 1738 quae
1617 1704 1672 1731 Deo

896 1751 968 1778 Patri
979 1750 1115 1782 convenit,
1133 1749 1242 1777 Christo
1258 1749 1387 1782 detrahit,
1412 1756 1463 1776 non
1482 1753 1584 1776 tantum
1601 1757 1682 1788 «μω-ί

898 1801 974 1822 tenus
986 1795 1066 1822 homo
1078 1799 1130 1827 est,
1145 1794 1192 1822 sed
1207 1794 1289 1821 etiam
1301 1799 1434 1828 quatenus
1456 1793 1545 1829 imago
1559 1799 1601 1822 est
1623 1795 1674 1822 bo-

897 1841 988 1867 nitatis
1013 1839 1072 1872 Dei,
1093 1839 1144 1866 hoc
1172 1844 1224 1871 est,
1248 1843 1381 1874 quatenus
1397 1843 1441 1868 est
1459 1839 1538 1866 Deus.
1555 1848 1565 1865 ι
1591 1839 1675 1873 Quasi

897 1886 1000 1914 scilicet
1022 1886 1147 1914 Christus
1169 1885 1254 1913 etiam
1278 1890 1410 1919 quatenus
1432 1885 1512 1913 homo
1537 1890 1593 1918 est,
1624 1894 1679 1913 non

896 1932 1028 1966 singulari
1054 1931 1158 1959 ratione
1180 1934 1253 1958 esset
1278 1930 1405 1958 bonitatis
1420 1930 1466 1958 Dei
1491 1932 1590 1966 imago.
1613 1931 1680 1964 Quis

897 1986 962 2005 vero
973 1978 1076 2010 credat,
1090 1977 1235 2012 Origenem
1252 1976 1352 2012 stupidi
1378 1977 1446 2004 adeo
1466 1977 1565 2012 ingenii
1582 1977 1677 2010 fuisse,

898 2029 927 2052 ut
954 2031 1008 2051 non
1034 2023 1209 2056 intellexerit,
1226 2027 1327 2051 textum
1356 2022 1430 2050 illum
1453 2023 1628 2058 evangelista:
1644 2025 1680 2050 ad

897 2070 997 2099 Christi
1022 2069 1195 2105 οἰκονομίαν,
1222 2068 1248 2096 in
1275 2073 1411 2104 assutnpta
1436 2073 1537 2096 natura
1561 2069 1680 2096 humana

897 2121 1060 2152 susceptam,
1072 2115 1183 2143 omnino
1198 2114 1353 2149 pertinere!
1370 2114 1424 2140 lmo
1437 2113 1567 2149 Origenes
1579 2114 1679 2142 ibidem

898 2162 999 2189 diserte
1011 2163 1110 2191 monet.
1126 2166 1156 2186 se
1170 2158 1306 2186 Christum
1319 2159 1354 2185 ita
1367 2158 1520 2193 loquentem
1538 2159 1680 2192 inducere,

70 2204 130 2239 μήθ’
139 2206 179 2232 ὅτι
190 2206 262 2233 ἐστὶν
277 2206 339 2237 Υἱὸς
353 2205 391 2240 τῷ
407 2202 493 2240 Πατρὶ
505 2204 558 2231 τῶν
574 2204 641 2231 ὅλων
654 2204 845 2239 γινώσκοντες-

900 2211 1026 2241 tanquam
1045 2204 1221 2242 παράδειγμα
1237 2205 1393 2238 exentplum,
1419 2204 1491 2239 quod
1510 2204 1613 2231 scilicet
1633 2205 1682 2232 lio-

68 2248 96 2280 ὃς
123 2252 169 2278 καὶ
184 2251 270 2286 Λόγος
292 2250 462 2286 πρωτότοκος
487 2249 525 2276 ὢν
549 2249 594 2276 τοῦ
612 2249 690 2282 Θεοῦ,
716 2250 762 2276 καὶ
783 2250 848 2282 Θεὸς

69 2294 194 2332 ὑπάρχει.
209 2297 234 2324 id
250 2302 311 2324 est:
329 2305 338 2322 ι
356 2295 404 2330 Qui
418 2297 489 2322 enim
501 2296 595 2323 Filium
612 2295 718 2323 Patrem
735 2303 794 2323 esse
807 2295 848 2322 di-

68 2347 142 2374 cunt,
161 2343 364 2379 comperiuntur
378 2350 466 2377 neque
481 2341 587 2368 Patrem
605 2341 686 2374 scire,
705 2349 790 2375 neque
804 2341 849 2368 Fi-

69 2382 134 2411 lium
162 2385 235 2413 Patri
265 2387 455 2414 universorum
486 2393 547 2412 esse
572 2393 674 2412 nosse:
701 2386 757 2420 qui,
777 2386 848 2421 quod

69 2427 188 2458 Verbum
207 2432 252 2458 Dei
279 2432 487 2467 primogenitum
516 2431 562 2464 sit,
588 2431 658 2458 Deus
685 2432 766 2459 etiam
792 2432 849 2467 ipse

70 2479 120 2502 est.
135 2485 145 2502 ι
165 2477 214 2505 Ubi
231 2485 286 2504 tum
299 2478 396 2506 Filium
410 2485 425 2504 a
440 2478 520 2505 Patre
546 2477 732 2504 universorum
753 2477 848 2505 distiu-

71 2521 136 2554 guit,
153 2529 180 2550 et
196 2531 256 2550 esse
276 2524 362 2558 ipsum
378 2525 460 2551 Deum
476 2524 584 2551 Patrem
597 2528 692 2550 contra
708 2523 848 2550 haereticos

72 2571 152 2600 negat
164 2577 170 2595 :
186 2573 241 2596 tum
254 2570 334 2596 etiam
347 2569 455 2602 Filium.
467 2570 578 2604 perinde
593 2577 624 2596 ac
635 2569 753 2601 Patrem.
767 2570 849 2597 Deum

71 2617 163 2640 revera
193 2621 262 2646 esse,
283 2619 376 2649 utpote
398 2623 431 2642 ex
457 2616 513 2650 ipso
536 2616 590 2642 Deo
615 2615 693 2643 Patre
718 2616 850 2650 genitum,

72 2661 205 2689 “Kltoscit.
226 2661 359 2688 Fortassis
376 2669 439 2688 vero
454 2662 638 2694 M-ircionitas,
651 2666 679 2689 et
693 2661 746 2688 alia
764 2661 789 2688 id
804 2668 850 2696 ge-

72 2708 123 2730 nus
136 2705 276 2734 hominum
292 2712 425 2739 monstra,
451 2709 477 2735 in
498 2708 562 2742 ,loco
581 2708 663 2736 citato
683 2707 745 2734 ierit
759 2707 851 2742 Orige-

63 2755 130 2790 με.
146 2754 191 2788 qui
203 2754 335 2781 docebant
347 2754 519 2781 Servatorem
541 2762 595 2782 non
617 2761 676 2782 esse
695 2753 744 2781 Dei
768 2753 849 2786 illius,

108 2844 133 2862 ⁶¹
148 2846 224 2875 Joan.
252 2855 308 2882 nr,
327 2847 371 2875 28.
409 2847 533 2884 εἴκων.
547 2848 627 2880 x,l8;
643 2847 800 2883 Lucrum.
821 2846 864 2874 i9.

902 2251 1027 2284 minibus,
1047 2251 1105 2285 ipse
1118 2249 1240 2278 Christus
1256 2249 1326 2276 inter
1344 2250 1466 2277 homines
1479 2255 1611 2282 versatus,
1625 2258 1676 2277 ex-

901 2298 994 2325 hibere
1007 2297 1099 2324 voluit.
1117 2296 1193 2330 Quod
1213 2296 1235 2322 si
1260 2295 1393 2325 daremus,
1422 2294 1565 2330 Origenem
1589 2296 1624 2322 ibi
1640 2296 1682 2322 lo—

900 2343 944 2378 qui
963 2343 995 2370 de
1017 2342 1126 2369 Christo
1152 2346 1285 2376 quatenus
1300 2340 1370 2368 Deus
1385 2345 1436 2372 est,
1459 2341 1583 2375 equidem
1603 2347 1681 2369 recte

900 2389 998 2416 dicitur
1008 2388 1091 2415 Filius
1101 2388 1187 2422 imago
1198 2386 1325 2412 bonitatis
1339 2391 1465 2420 putemur,
1475 2386 1613 2421 adtequata
1626 2386 1683 2413 sci—

899 2434 962 2461 licet
975 2439 1003 2460 et
1017 2432 1154 2467 perfecta;
1177 2436 1203 2458 et
1221 2436 1311 2458 tamen
1331 2436 1465 2465 quatenus
1489 2431 1575 2458 Patris
1592 2431 1684 2465 imago

901 2484 955 2512 est,
972 2487 1024 2506 non
1041 2479 1099 2513 ipse
1115 2477 1206 2509 Pater,
1223 2478 1274 2504 hoc
1290 2482 1343 2509 est,
1361 2481 1496 2511 quatenus
1511 2484 1545 2504 ex
1568 2482 1684 2511 paterno

902 2526 975 2552 ionte
986 2524 1134 2552 bonitatem
1151 2531 1240 2556 suam,
1258 2528 1286 2550 ut
1300 2526 1327 2550 et
1343 2528 1440 2550 caetera
1459 2522 1556 2549 divinat
1577 2527 1682 2549 natura:

902 2570 1044 2601 attributa.
1058 2570 1180 2603 adeoque
1192 2569 1276 2603 ipsam
1290 2568 1407 2595 divinam
1425 2572 1550 2595 naturam
1569 2568 1678 2595 deriva-

902 2620 955 2643 tam
972 2615 1060 2647 habet,
1075 2620 1155 2650 atque
1169 2615 1195 2642 in
1211 2615 1329 2642 secundo
1341 2614 1417 2649 signo
1433 2613 1546 2648 originis
1564 2613 1614 2649 (ut
1641 2613 1680 2640 lou-

901 2664 1021 2695 quuntur
1034 2660 1204 2693 scholastici)
1226 2660 1351 2687 deitatem
1379 2658 1519 2693 possidet;
1537 2659 1606 2686 haud
1624 2659 1676 2685 nti-

902 2714 952 2733 nus
969 2711 1040 2734 recte
1055 2714 1087 2733 ea
1103 2707 1206 2733 ratione
1225 2706 1296 2733 Patri
1322 2706 1421 2740 primas
1442 2705 1559 2732 tribucre
1581 2704 1681 2739 potuit.

902 2753 978 2785 Quod
993 2760 1056 2780 vero
1067 2760 1100 2779 es
1123 2752 1181 2779 istis
1207 2751 1298 2779 verbis
1317 2751 1417 2787 colligit
1440 2751 1562 2784 IIuctins,
1585 2757 1683 2786 nempe

903 2845 1015 2883 “_Deut.
1031 2853 1068 2875 v1.
1087 2845 1140 2874 t3:
1163 2843 1261 2872 Matth.
1277 2851 1313 2871 tv.
1342 2843 1385 2870 tu.
