1908 3071
234 139 298 167 1511

935 143 1147 174 EXCERPTUM

1783 144 1854 170 1512

235 200 378 233 Origencm
392 198 504 226 omnino
522 199 671 228 bonitatem
687 200 774 234 illam,
789 203 850 236 qua
865 201 920 230 Deo
942 202 1014 231 Patri
1030 206 1053 234 Α
1067 203 1209 239 Origenem
1226 203 1324 230 Filium
1350 210 1474 230 manasse
1493 203 1526 230 de
1551 202 1597 230 Dei
1622 202 1788 233 substantia.
1814 203 1854 229 sic

234 246 380 277 convenit,
405 245 516 272 Cltnisto
540 246 710 279 detraxisse,
736 255 768 274 ac
792 249 909 276 sensisse
934 249 1015 284 (qttod

238 298 299 318 mox
317 290 415 317 ibidem
431 290 496 318 dicit
510 290 581 318 idem
593 289 733 326 Boetius),
757 292 855 320 Filium
877 300 938 321 esse
954 299 1017 320 tan-

238 343 294 366 tum
308 341 427 372 paterna:
440 336 571 365 bonitatis
584 338 745 371 particulam
763 342 791 366 et
813 346 906 366 auram
921 346 1017 373 quam-

237 382 298 410 dam
325 381 531 417 imperfectam;
549 390 564 409 a
582 387 675 410 mente
693 383 776 417 ipsius
792 383 916 419 Origenis
938 392 1017 419 pror-

233 435 281 455 sus
293 428 409 455 ahenum
425 435 487 456 esse
516 428 550 464 (si
564 429 643 456 modo
669 437 746 457 mens
762 437 794 457 ac
810 430 943 457 sententia
960 430 1018 465 ejus

232 481 267 500 ex
281 473 358 501 libris
371 479 463 500 contra
475 473 581 501 Celsum
596 475 754 503 atstimattda
767 474 824 511 sit).
836 475 1018 503 certissimum

235 524 289 547 est.
307 518 374 546 Nam
394 527 456 547 cttm
474 519 501 546 in
520 519 586 547 locis
609 527 625 547 a
649 521 726 548 nobis
744 521 869 556 superius
893 521 1018 549 adductis

233 564 308 593 clare
323 565 419 593 doceat
433 565 573 601 Origenes.
588 565 686 593 Filium
701 573 771 599 esse,
788 567 904 602 perinde
917 574 949 594 ac
965 566 1019 594 Pa-

234 615 315 643 trem,
334 619 427 638 verum
444 611 540 644 Deum,
564 612 724 645 increalum,
755 613 945 646 immortalem,
970 613 1019 640 im-

235 656 402 688 mutabilem,
421 656 627 691 impassibilem,
639 657 816 690 immensum,
830 658 931 693 ubique
946 666 1017 693 pra-

234 707 350 734 sentem,
364 707 443 737 atque
455 702 638 738 undequaquc
665 704 775 731 beatum
797 709 825 731 et
844 704 1014 739 perlectum;

233 755 287 782 qua
306 749 329 775 is
356 749 459 776 ratione
481 749 570 784 potuit
592 749 618 776 in
643 750 738 777 eodem
757 750 826 778 libro
854 749 1017 782 bonitatem.

234 801 295 828 quae
313 793 385 821 Patri
399 794 537 828 convenit,
554 795 635 828 Filio,
643 802 696 829 qua
711 795 780 823 Deus
793 800 846 828 est,
857 796 1018 824 detrahere!

236 838 290 866 Sed
304 847 386 874 supra
414 848 489 867 num.
503 841 530 872 6.
547 840 629 868 etiam
651 842 842 869 Adamantium
867 842 1018 870 audivimus

235 885 262 912 in
273 885 317 912 lib.
333 893 363 913 Ill
392 892 485 913 contra
505 886 585 922 Gelu,
602 895 677 915 num.
696 888 740 918 41,
758 889 903 921 dicentem,
918 888 1017 916 Filium

234 930 282 958 Dei
296 938 356 958 esse
367 932 413 958 τὸν
427 932 582 967 αὐτολόγον,
601 934 649 960 καὶ
657 934 707 970 τὴν
716 934 890 969 αὑτοσοφιαν,
907 935 956 962 καὶ
969 934 1019 971 τὴν

234 977 440 1013 αὑτοαλήθειαν,
460 978 486 1006 id
498 984 541 1007 est
569 988 579 1006 ι
595 979 680 1014 ipsam
694 981 761 1016 (sive
777 981 1017 1018 absolutissimatn)

234 1023 308 1050 Illam
323 1024 468 1058 rationem,
488 1024 574 1060 ipsam
595 1025 668 1052 illam
685 1027 858 1061 sapientiam.
880 1027 964 1062 ipsam
987 1027 1018 1054 ilo

240 1069 292 1096 lam
307 1070 459 1098 veritatem.
485 1080 496 1097 ι
512 1071 610 1105 Quidni
634 1072 717 1108 igitur
734 1072 819 1101 Filius
840 1074 945 1101 dicatur
960 1074 1018 1109 ipsa

235 1114 292 1142 sive
308 1115 507 1144 absolutissima
536 1118 652 1151 bonitas.
680 1126 733 1147 non
753 1120 881 1148 bonitatis
905 1119 1019 1154 alicujus

234 1161 383 1194 superioris
397 1162 528 1196 particula
552 1168 634 1198 atque
654 1172 720 1191 aura
742 1165 866 1200 quaedam
893 1165 1020 1200 imperfe-

235 1207 299 1234 cta?
314 1206 424 1235 Scilicet
441 1208 561 1235 omnium
588 1209 779 1236 attributorum
803 1210 957 1238 divinorum
972 1218 1020 1246 par

238 1258 282 1280 est
295 1253 374 1280 ratio.
390 1253 436 1281 Sic
449 1254 475 1281 in
487 1254 557 1281 libro
581 1261 598 1280 v
621 1260 714 1282 contra
735 1255 850 1289 Celsum,
876 1256 1018 1290 nom.'39.

237 1305 300 1332 pag.
314 1298 378 1330 608,
393 1299 464 1326 unde
483 1299 540 1326 haec
553 1299 710 1328 criminatio
734 1301 876 1336 desumpta
894 1306 946 1335 est,
970 1302 1021 1329 ite-

236 1351 296 1370 rum
309 1343 440 1379 Origenes
455 1344 554 1372 Filium
571 1346 638 1373 dicit
658 1346 704 1373 τὸν
727 1347 882 1382 αὐτολόγον,
906 1348 954 1375 καὶ
971 1347 1021 1384 τὴν

236 1389 412 1425 αὺποσοφιαν,
428 1391 474 1418 καὶ
487 1392 536 1428 τὴν
549 1392 798 1429 αὑτοδικαιοσύνην,
813 1394 838 1421 id
850 1398 902 1428 est,
915 1403 925 1420 ι
936 1395 1020 1428 ipsam

237 1435 309 1463 illam
339 1437 483 1471 rationem,
509 1439 595 1473 ipsam
623 1439 697 1466 illam
727 1440 901 1475 sapientiam,
934 1440 1020 1474 ipsam

237 1481 309 1508 illam
321 1482 465 1516 justitiam.
480 1491 490 1508 ι
509 1482 537 1509 lu
558 1490 619 1518 quae
634 1483 759 1520 Origenis
771 1485 828 1512 loca
841 1486 964 1520 quisquis
977 1485 1020 1513 lu-

1070 255 1195 283 tanquam
1209 249 1296 277 lucem
1313 249 1347 276 de
1359 249 1425 280 sole,
1444 254 1524 284 atque
1537 249 1658 284 ejusdem
1673 256 1735 275 esse
1750 255 1782 275 ac
1803 247 1855 274 Pa-

1069 300 1136 322 trem
1149 295 1318 327 substantiae,
1331 295 1393 329 quia
1419 295 1462 322 lux
1477 294 1596 329 ejusdem
1620 299 1661 321 est
1680 294 1855 325 substantiae,

1068 340 1143 374 cujus
1164 340 1222 373 sol;
1247 344 1274 367 et
1289 347 1383 367 rursus
1395 339 1491 366 Filium
1506 347 1520 366 a
1537 339 1625 366 Patris
1649 339 1803 366 substantia
1829 344 1857 365 et

1067 384 1207 412 divinitate
1218 391 1393 419 segregasse;
1410 384 1472 418 quia
1497 388 1525 411 ut
1546 391 1561 410 a
1577 384 1633 411 sole
1649 391 1699 418 per
1716 382 1856 411 diluvium

1068 430 1189 464 profecta
1207 435 1248 457 est
1262 429 1319 463 lux,
1336 435 1437 457 secreta
1455 431 1489 456 ab
1505 437 1538 457 eo
1553 435 1579 457 et
1591 430 1707 465 sepOsita
1728 429 1781 457 dici
1808 436 1858 464 po-

1069 481 1139 508 test;
1157 481 1287 511 prsterea
1306 475 1387 504 Patre
1403 476 1559 504 inferiorem
1578 483 1637 504 esse
1664 475 1774 507 Filium,
1790 475 1856 510 quia

1068 523 1108 550 sol
1129 522 1187 550 luce
1203 522 1319 550 nobilior
1334 526 1376 549 est
1391 527 1418 549 et
1443 522 1573 557 dignitate
1590 521 1723 556 superior.
1741 530 1750 547 I
1765 521 1857 548 Aula

1067 575 1100 596 ex
1112 568 1206 596 eodem
1225 567 1307 595 simili
1324 569 1358 596 ab
1386 567 1502 602 Origene
1533 573 1662 602 usurpato
1683 567 1853 601 collegerat.

1069 621 1142 640 num.
1159 613 1204 644 12,
1223 620 1282 648 pag.
1302 611 1363 646 125,
1382 622 1391 638 ι
1403 612 1563 640 Trinitatem
1575 613 1609 640 ab
1623 612 1741 647 Origene
1754 612 1781 638 in
1791 619 1857 647 par-

1070 662 1109 685 tes
1124 662 1237 690 sectam.
1246 662 1273 685 et
1286 657 1410 685 essentia:
1421 665 1453 684 ac
1462 657 1608 684 divinitatis
1622 657 1787 692 quibusdam
1801 657 1861 684 vel.

1069 704 1106 730 uti
1121 703 1248 739 gradibus
1260 704 1413 731 distinctam
1431 703 1520 731 fuisse.
1547 713 1557 729 ι
1573 703 1672 732 Verum
1681 704 1732 731 hoc
1747 711 1803 731 non
1814 708 1857 731 est

1069 750 1151 785 (quod
1165 749 1240 777 salvo
1251 749 1356 777 honore
1370 749 1419 776 viri
1443 748 1621 776 laudatissitni
1642 750 1746 776 dictum
1762 748 1859 784 velim)

1069 796 1127 831 ipsa
1144 795 1314 831 Origenianaz
1334 795 1463 823 doctrina:
1480 795 1627 831 penetralia
1653 795 1772 823 scrutari
1787 803 1796 827 ;
1811 795 1858 822 sed

1070 849 1100 868 ea
1118 841 1207 876 potius
1222 841 1314 868 rimari
1330 846 1358 868 et
1375 841 1520 876 suspicari,
1540 841 1572 868 de
1589 842 1691 875 quibus
1711 842 1770 876 ipse
1794 841 1857 869 Ori-

1068 894 1149 921 genes
1164 893 1198 913 ne
1217 893 1264 921 per
1285 886 1418 913 somnium
1433 885 1540 920 quidem
1570 893 1688 919 unquam
1716 886 1857 920 cogitavit.

1069 930 1169 958 Fateor
1193 930 1396 966 generationem
1422 929 1481 958 Filii
1509 937 1543 958 ex
1566 929 1647 958 Patre
1675 930 1808 957 illustrari
1825 931 1858 957 ah

1068 976 1287 1011 Origene,etiam
1301 975 1328 1002 in
1343 975 1421 1003 libris
1437 981 1529 1003 contra
1546 975 1661 1008 Celsum,
1677 975 1858 1003 similitudine

1069 1022 1136 1049 radii
1153 1022 1214 1050 sive
1241 1021 1392 1057 splendoris
1406 1029 1421 1049 a
1448 1021 1515 1054 sole,
1533 1022 1591 1050 sive
1617 1022 1670 1049 alio
1687 1030 1805 1057 corpore
1819 1022 1860 1048 lu-

1070 1068 1141 1101 cido,
1155 1067 1279 1103 proiecti.
1294 1067 1347 1096 Sed
1358 1068 1422 1103 quid
1439 1068 1515 1095 tum?
1531 1068 1627 1095 Annon
1644 1067 1742 1095 Patres
1761 1068 1859 1094 catho-

1069 1114 1113 1142 lici
1130 1121 1235 1148 omnes,
1255 1118 1310 1141 tam
1330 1113 1376 1149 qui
1392 1118 1466 1146 ante,
1482 1121 1561 1149 quain
1576 1113 1622 1148 qui
1637 1118 1696 1148 post
1709 1113 1859 1140 concilium

1069 1159 1395 1195 Nicaenumscripserunt,
1405 1159 1499 1188 eodem
1511 1159 1592 1187 simili
1608 1159 1648 1186 usi
1663 1164 1727 1186 sunt
1739 1159 1750 1186 2
1764 1158 1860 1186 Nonne

1070 1207 1119 1242 ipsi
1139 1206 1234 1234 Patres
1256 1205 1369 1239 Nicaani,
1384 1206 1464 1241 idque
1484 1205 1511 1233 in
1531 1205 1588 1241 ipso
1605 1205 1730 1241 symbolo
1749 1213 1802 1232 suo
1820 1205 1860 1231 di-

1070 1258 1182 1286 xerunt,
1199 1253 1296 1281 Filium
1323 1253 1406 1280 Deum
1430 1259 1462 1279 ex
1480 1251 1559 1279 Patre
1585 1252 1641 1279 Deo
1665 1251 1753 1283 nasci.
1775 1256 1806 1277 ut
1822 1250 1860 1277 lu-

1071 1308 1131 1327 tneu
1145 1301 1178 1328 de
1192 1299 1318 1327 lumine?
1334 1299 1366 1326 Et
1378 1298 1443 1333 quid
1458 1297 1566 1325 demum
1590 1297 1718 1332 Epistolze
1744 1297 1781 1324 ad
1808 1297 1858 1324 lle-

1071 1347 1157 1373 ltrmos
1172 1346 1262 1373 divino
1278 1345 1404 1379 scriptori
1429 1344 1485 1376 ﬂet,
1502 1344 1547 1378 qui
1571 1351 1623 1371 non
1637 1343 1740 1370 veritus
1756 1347 1800 1370 est
1815 1343 1859 1369 Fi-

1072 1392 1135 1418 lium
1151 1391 1198 1418 Dei
1216 1398 1372 1425 nuncupare
1400 1390 1571 1424 ἀπαύγασμα
1586 1388 1635 1424 τῆς
1647 1386 1727 1423 δόξης
1739 1387 1788 1413 τοῦ
1802 1387 1858 1413 Ila-

1070 1437 1149 1474 τρός,
1168 1436 1330 1472 splendorem
1347 1441 1462 1471 paterna:
1477 1435 1579 1470 glorior,
1607 1442 1667 1469 cap.
1694 1440 1716 1466 t,
1733 1440 1806 1459 vers.
1824 1432 1860 1459 3?

1074 1483 1130 1510 Duo
1146 1486 1218 1509 certe
1238 1481 1396 1517 porismata,
1415 1489 1474 1515 quae
1486 1488 1519 1508 ex
1534 1481 1585 1508 hac
1596 1478 1804 1513 comparatione
1814 1477 1861 1504 de-

236 1526 375 1554 culentum
402 1528 625 1555 commentarium
649 1529 732 1563 cupit.
758 1530 836 1556 adeat
855 1529 889 1556 M.
902 1530 1022 1557 Athana-
1036 1548 1057 1563 ,ς
1077 1528 1163 1560 ducit,
1175 1526 1338 1562 Origenique
1359 1525 1462 1561 allingit
1476 1525 1602 1558 Huetius,
1622 1531 1636 1550 a
1653 1529 1746 1551 mente
1760 1522 1859 1557 Orige-

236 1571 306 1599 siutn
324 1573 350 1600 in
366 1572 493 1600 Oratione
508 1579 599 1601 contra
615 1579 701 1609 genter
713 1575 781 1610 (54),
797 1576 841 1602 ubi
854 1575 893 1602 sic
905 1575 939 1603 de
952 1576 1020 1603 Filio

240 1618 286 1646 Dei
298 1619 417 1647 scribit:
439 1619 559 1655 Δύναμις
579 1621 637 1647 ἐστι
661 1620 708 1647 τοῦ
732 1621 848 1657 Πατρδς,
871 1622 919 1648 καὶ
933 1622 1022 1656 σοφία,

239 1665 286 1692 καὶ
299 1664 387 1698 λόγος,
403 1664 433 1691 οὐ
447 1665 516 1692 κατὰ
533 1665 648 1701 μετοχὴν
664 1665 749 1693 ταῦτα
770 1666 819 1697 ὢν,
841 1667 902 1693 οὐδὲ
925 1667 1024 1701 ἔξωθεν

238 1711 436 1746 ἐπιγινομένων
452 1711 556 1738 τούτων
578 1711 652 1746 αὺτῷ
672 1711 743 1738 κατὰ
765 1712 828 1743 τοὺς
853 1712 935 1739 αὺτοῦ
964 1722 1024 1748 μετ-

238 1755 360 1790 έχοντας,
385 1756 432 1782 καὶ
454 1757 646 1792 σοφιζομένους
661 1757 694 1784 δι’
719 1757 812 1788 αὐτοῦ,
824 1758 870 1784 καὶ
883 1757 1022 1792 δυνατοὺς,

238 1801 285 1828 καὶ
300 1801 425 1835 λογικοὺς
440 1803 469 1828 ὲν
481 1802 556 1837 αὐτῷ
570 1803 729 1837 γινομένους
746 1811 753 1818 ·
780 1803 839 1830 ἀλλ’
863 1804 1021 1839 αὐτοσοφία,

239 1847 397 1882 αὑτολόγος,
412 1848 593 1884 αὺτοδύναμις
610 1849 661 1875 ἰδία
679 1847 725 1876 ἑοῦ
734 1849 839 1884 Πατρός
847 1850 931 1882 ἐστιν,
942 1850 1022 1877 αὑτο-

239 1892 308 1927 φῶς,
327 1893 516 1929 αὑτοαλήθεια,
536 1893 768 1928 αὑτοδικαιοσύνη,
791 1894 953 1930 αὑτοαρετήι
977 1895 1024 1921 καὶ

241 1938 291 1975 μὲν
312 1939 358 1965 καὶ
373 1939 528 1976 χαρακτὴρ,
547 1939 594 1967 καὶ
610 1939 791 1975 ἀπαύγασμα,
805 1940 852 1966 καὶ
863 1939 961 1966 εικών·
977 1940 1024 1967 καὶ

240 1983 375 2011 συνελόντι
397 1984 510 2020 φράσαι,
532 1985 638 2020 καρπὸς
663 1985 819 2016 παντέλειος
842 1984 888 2011 τοῦ
919 1985 1024 2021 Harpe;

240 2029 368 2065 ὑπάρχει,
382 2030 429 2056 καὶ
445 2029 524 2064 μόνος
536 2030 609 2056 ἐστὶν
627 2030 701 2062 Υἱὸς,
719 2029 799 2056 εἰκὼν
816 2029 1024 2065 ἀπαράλλακτος

241 2074 288 2102 τοῦ
306 2074 420 2111 Πατρός.
443 2074 471 2101 id
486 2080 544 2108 est,
561 2083 570 2100 ι
590 2075 712 2104 Potentia
735 2079 824 2102 autem
849 2074 938 2102 Patris
958 2075 1024 2102 dici-

241 2125 295 2154 tur,
316 2126 343 2148 et
368 2121 500 2155 sapientia
525 2126 552 2149 et
569 2121 648 2154 ratio.
677 2129 729 2148 non
755 2121 817 2148 ideo
840 2123 911 2156 quod
933 2121 1024 2156 aliqua

241 2173 344 2196 tantum
361 2176 394 2196 ex
410 2174 486 2203 parte
504 2169 616 2196 istarttm
632 2176 722 2196 rerum
737 2169 953 2196 communionem
967 2169 1024 2197 adi-

1075 1575 1116 1601 nis
1127 1574 1236 1601 omnino
1253 1573 1340 1600 alietta
1353 1577 1426 1600 sunt.
1444 1572 1564 1599 Primum
1574 1575 1625 1603 est,
1636 1569 1737 1597 Filium
1748 1577 1765 1596 a
1781 1569 1862 1596 Patre

1073 1620 1154 1652 dividi
1169 1624 1196 1647 et
1207 1620 1328 1655 separari
1345 1624 1374 1646 ιιι
1389 1624 1493 1654 partem
1511 1618 1608 1646 divina’
1619 1617 1746 1645 essentia)
1764 1624 1781 1643 a
1793 1621 1860 1648 tota,

1074 1667 1196 1701 adeoque
1215 1665 1262 1693 Dei
1283 1665 1431 1693 essentiam
1452 1665 1476 1691 in
1492 1668 1583 1699 partes
1598 1670 1701 1690 sectam
1717 1670 1789 1690 esse.
1807 1660 1861 1689 Sed

1074 1712 1135 1746 quis
1149 1711 1253 1743 credat,
1268 1710 1389 1746 Origeni,
1406 1710 1465 1737 viro
1487 1716 1554 1737 sane
1576 1716 1629 1736 non
1655 1708 1781 1741 indocto,
1805 1713 1860 1734 tam

1075 1755 1206 1783 insulsam
1224 1756 1418 1791 blasphemiam
1438 1755 1532 1782 venire
1545 1754 1572 1782 in
1586 1758 1706 1781 mentem
1718 1753 1862 1788 potuisse?

1074 1802 1185 1835 Quoties
1213 1809 1277 1830 vero
1298 1803 1323 1829 itt
1345 1801 1454 1836 scriptis
1480 1801 1537 1828 suis
1552 1801 1632 1828 istam
1663 1800 1860 1835 blasphemiam

1074 1854 1203 1882 expresse
1219 1848 1372 1882 repudiavit
1387 1846 1580 1874 Adamantius!
1595 1845 1640 1873 Sic
1663 1847 1706 1880 (ut
1724 1846 1778 1872 alia
1807 1846 1860 1872 loca

1074 1898 1200 1921 sexcenta
1215 1891 1350 1928 omittam)
1368 1892 1394 1920 in
1406 1893 1475 1919 libro
1498 1899 1524 1919 tv
1543 1897 1633 1918 contra
1644 1891 1730 1923 Cels.,
1746 1899 1823 1918 mnu.
1836 1891 1859 1921 ι.

1075 1947 1135 1975 pag.
1148 1938 1200 1966 5l0
1219 1939 1310 1974 (quem
1336 1939 1424 1967 locum
1441 1938 1496 1973 jam
1520 1944 1601 1971 supra
1618 1937 1644 1964 in
1671 1937 1726 1964 hoc
1753 1937 1860 1972 capite.

1075 1994 1148 2013 nutu.
1165 1986 1192 2018 ’1,
1210 1986 1344 2020 integrutn
1359 1984 1532 2018 adduximus)
1549 1983 1698 2017 Epicureos
1714 1987 1743 2010 et
1759 1983 1860 2010 Stoicos

1075 2032 1180 2065 irridet,
1202 2033 1272 2066 quod
1298 2038 1350 2058 tton
1373 2030 1509 2065 potuerint
1525 2028 1664 2065 τρανῶσαι
1677 2029 1728 2064 τὴν
1745 2028 1860 2064 φυσικὴν

1073 2077 1120 2105 τοῦ
1137 2077 1204 2104 Θεοῦ
1217 2077 1328 2109 ἔννοιαν,
1343 2075 1380 2108 ὡς
1391 2076 1479 2111 πάντη
1497 2075 1636 2110 ἀφθάρτου
1649 2094 1656 2106 ,
1688 2075 1739 2102 καὶ
1768 2075 1860 2107 ἁπλοῦ,

1075 2124 1121 2151 καὶ
1138 2123 1293 2156 ἀσυνθέτου,
1316 2123 1363 2150 καὶ
1387 2121 1550 2158 ἀδιαιρέτου,
1568 2122 1592 2148 id
1608 2126 1661 2152 est.
1681 2130 1691 2146 ι
1709 2121 1792 2148 Clare
1819 2122 1859 2148 Dei

1075 2173 1201 2195 naturam
1219 2167 1381 2202 intelligere,
1395 2174 1489 2201 nentpe
1511 2167 1582 2201 quod
1599 2166 1620 2193 is
1634 2166 1671 2193 sit
1698 2167 1815 2193 omnino
1827 2167 1861 2192 in—

241 2215 368 2249 pisvatur,
389 2221 434 2242 aut
447 2215 496 2242 ista
508 2215 614 2242 aliunde
626 2215 675 2250 ipsi
687 2215 914 2250 supervenirent;
929 2222 1021 2250 quetn-
1038 2216 1060 2244 D
1075 2213 1268 2249 corruptibilis.
1279 2218 1306 2240 et
1331 2212 1456 2247 simplex,
1473 2219 1521 2239 nec
1534 2212 1714 2246 compositus,
1732 2220 1785 2239 nec
1800 2212 1855 2239 divi

240 2261 383 2287 admodum
412 2261 456 2294 qui
494 2261 580 2295 ipsius
603 2265 665 2288 sunt
682 2262 837 2296 participes,
859 2268 907 2296 per
933 2262 1021 2296 ipsum

241 2307 390 2340 sapientes,
417 2311 542 2340 potentes
563 2314 594 2333 ac
612 2307 758 2334 rationales
777 2306 930 2334 elliciuntur
949 2314 957 2334 :
975 2307 1023 2334 sed

241 2357 382 2387 propterea
397 2352 466 2387 quod
482 2353 517 2379 sit
531 2353 589 2387 ipsa
606 2353 748 2387 sapientia.
777 2353 832 2387 ipsa
860 2353 940 2386 ratio,
966 2353 1022 2388 ipsa

241 2397 350 2432 propria
363 2398 483 2432 potentia
498 2397 596 2432 Patris,
614 2399 670 2433 ipsa
684 2398 741 2430 lux.
762 2398 818 2432 ipsa
837 2399 948 2432 veritas,
964 2399 1021 2434 ipsa

237 2443 354 2478 iustitia,
378 2444 435 2478 ipsa
457 2444 554 2475 virtus.
575 2449 602 2472 et
623 2445 773 2475 character,
792 2449 819 2472 et
840 2444 977 2479 splendor,
993 2449 1022 2472 et

240 2491 329 2525 imago
355 2489 513 2523 Patriszet,
538 2497 567 2518 ut
589 2491 672 2518 verbo
695 2491 793 2524 dicam,
810 2490 914 2518 fructus
935 2489 1023 2518 Patris

241 2538 417 2570 undecunque
441 2535 587 2570 perfectus,
605 2543 637 2563 ac
650 2535 723 2563 solus
743 2535 839 2569 Filius,
861 2541 888 2563 et
905 2535 1024 2563 invaria-

241 2583 304 2610 hilis
322 2583 409 2617 imago
423 2582 522 2610 Patris.
539 2593 548 2609 ι

277 2628 291 2663 ᾗ
301 2627 368 2655 XIV.
381 2628 531 2655 Doctissimi
543 2627 630 2654 lluetii
641 2626 753 2661 vestigia
765 2626 853 2654 adhuc
862 2634 967 2662 premo,
975 2626 1021 2661 qui

241 2680 281 2706 se,
303 2676 393 2702 missis
416 2675 594 2710 ambagibus,
615 2675 672 2709 ipsa
695 2674 865 2708 Origeniante
888 2674 1019 2701 doctrina:

242 2721 386 2755 penetralia
399 2726 582 2748 scrutaturum
598 2721 746 2756 professus,
767 2724 841 2747 notat
864 2719 1021 2755 Origenian.

243 2765 290 2792 lib.
309 2773 339 2799 ll,
355 2772 449 2802 qumst.
467 2766 494 2799 Ξ,
512 2773 586 2794 num.
614 2766 658 2801 ‘25,
688 2773 749 2802 pag.
766 2765 827 2800 132,
845 2773 853 2790 ι
877 2765 1022 2794 credidisse

279 2866 334 2900 ('55)
351 2867 426 2894 Ton).
444 2867 463 2900 1,
479 2876 503 2901 p.
521 2869 564 2896 31.

1076 2259 1171 2286 sibilis.
1191 2267 1200 2284 ι
1221 2257 1280 2286 Mox
1303 2258 1376 2285 addit
1392 2257 1487 2285 Filium
1505 2257 1550 2284 Dei
1577 2257 1602 2284 itt
1619 2257 1710 2284 forma
1728 2257 1791 2289 Dei,
1812 2258 1857 2284 hoc

1076 2309 1128 2337 est,
1144 2303 1170 2331 in
1181 2303 1300 2331 essentia
1315 2303 1404 2330 divina
1418 2303 1576 2336 subsistere,
1597 2302 1716 2337 proinde
1729 2307 1759 2330 et
1776 2303 1858 2337 ipsum

1073 2349 1150 2386 juxta
1161 2357 1222 2377 cunt
1237 2349 1316 2376 Patre
1327 2349 1518 2376 immutabilem
1531 2356 1602 2376 esse.
1619 2347 1693 2375 Nihil
1707 2354 1800 2376 autem
1818 2356 1859 2376 er-

1077 2396 1197 2432 pressius
1217 2395 1279 2423 huic
1292 2399 1446 2422 commento
1456 2398 1597 2430 repugnat.
1611 2401 1694 2429 quam
1710 2395 1794 2421 verba
1806 2393 1859 2422 Ori—

1076 2442 1162 2477 genis,
1185 2448 1244 2476 quae
1274 2448 1308 2469 ex
1329 2440 1374 2468 lib.
1393 2447 1410 2467 ll
1437 2448 1495 2473 sup.
1518 2438 1612 2471 lenm,
1631 2446 1694 2473 pag.
1728 2438 1783 2471 9‘2,
1801 2439 1858 2465 citat

1075 2487 1230 2522 Pamphilus
1246 2487 1272 2513 iu
1285 2487 1393 2521 Apolog.
1410 2493 1504 2520 nempe
1517 2486 1589 2512 haec:
1601 2494 1610 2510 ι
1625 2483 1791 2519 Unigenitus
1801 2492 1858 2518 ergo

1076 2533 1147 2561 Deus
1159 2533 1281 2561 Salvator
1295 2539 1387 2560 uoster
1411 2532 1486 2559 solus
1507 2539 1521 2558 a
1538 2531 1619 2558 Patre
1637 2537 1799 2566 generatus,
1813 2540 1855 2558 na—

1076 2586 1136 2608 tura
1151 2585 1179 2608 et
1198 2587 1250 2607 non
1266 2579 1409 2613 adoptiotte
1422 2578 1505 2606 Filius
1523 2582 1574 2605 est.
1601 2576 1688 2604 Natus
1714 2584 1805 2604 autent
1829 2585 1855 2603 ex

1076 2627 1132 2660 ipsa
1151 2626 1239 2654 Patris
1261 2631 1360 2658 mente,
1386 2625 1457 2652 sicut
1482 2624 1606 2652 voluntas
1632 2631 1666 2650 ex
1685 2629 1790 2650 mente.
1807 2623 1854 2650 Non

1076 2673 1149 2699 enim
1163 2672 1307 2700 divisibilis
1328 2676 1371 2699 est
1393 2671 1482 2698 divina
1502 2675 1610 2703 natura,
1638 2669 1664 2696 id
1680 2674 1735 2703 est,
1752 2669 1853 2703 iugeniti
1868 2692 1870 2703 ί

1077 2717 1175 2751 Patris,
1192 2722 1220 2745 ut
1238 2723 1362 2753 putemus
1374 2717 1415 2744 vel
1430 2716 1577 2748 divisione,
1604 2715 1646 2742 vel
1671 2715 1853 2742 imminutione
1867 2710 1877 2729 ’ν

1077 2764 1234 2792 substatttitc
1263 2764 1331 2798 ejus,
1356 2762 1452 2791 Filium
1467 2770 1526 2791 csse
1553 2761 1743 2798 progenitum.
1761 2770 1771 2788 ι
1800 2760 1852 2788 Vide
