1908 3071
75 138 144 166 1513

580 145 626 172 EX
645 146 677 174 ϐ,
697 146 797 176 BULLI
817 149 891 178 DEF.
913 151 1000 180 FlDEl
1019 152 1182 182 NlC/ENA‘I.

1618 163 1684 191 l3”

75 195 157 229 hujus
172 203 249 232 cap.,
260 204 335 226 num.
355 197 399 231 l9,
413 199 439 227 in
453 199 517 228 line.
527 200 568 228 Ad
581 202 696 231 alterum
709 204 798 233 ﬂuetii
809 214 856 234 co-
868 210 895 241 Α
907 207 967 244 Θεῷ
979 216 987 226 ο
1002 209 1029 237 id
1043 214 1096 242 est.
1117 220 1126 238 ι
1144 211 1198 239 Sed
1213 219 1294 240 unum
1310 212 1406 248 Deum,
1420 220 1447 243 et
1462 216 1521 251 ejus
1541 218 1639 247 Filium
1654 228 1683 248 ι(

75 241 216 269 rollarium
235 243 308 278 quod
324 245 431 279 attinet,
450 254 546 281 nempe
573 247 671 277 Filium
692 251 726 278 ab
741 250 857 288 Origene

72 286 153 315 Patre
166 287 324 317 inferiorem
351 292 444 325 statui,
464 293 535 320 infra
559 301 608 322 suo
623 295 682 323 loco
710 286 856 326 evidentis-

71 332 139 360 sime
154 334 310 367 ostendam,
328 343 465 372 nunquam
478 339 604 367 statuisse
615 340 768 376 Origenem,
782 343 854 371 Patri

69 376 170 404 Filium
186 385 249 406 esse
261 379 389 415 imparem
403 381 479 415 juxta
500 384 657 419 essentiam,
675 387 722 414 sed
752 391 854 416 tantum

70 423 185 458 originis
201 430 335 460 respectu.
353 434 449 462 nempe
468 434 601 463 quatenus
612 430 691 459 Pater
705 437 747 460 est
761 439 855 461 auctor

69 473 96 496 et
111 469 275 504 principium
293 471 366 498 Filii.
381 472 469 500 Verbo
485 474 584 508 dicam,
606 476 739 512 Origenes
755 478 853 514 aliique

68 515 199 543 catholici
220 515 314 545 Patres
328 518 415 546 simile
430 519 494 547 illud
511 521 576 549 solis
599 528 626 550 et
649 524 727 556 radii,
745 523 812 552 lucis
826 532 853 552 et

68 560 223 595 splendoris
237 568 407 599 usurpantes,
425 565 482 593 haec
509 571 612 595 tantum
639 569 793 604 signiﬁcare
805 579 852 599 vo-

66 604 185 639 luerunt,
205 615 291 643 neque
305 609 377 637 aliud
391 611 538 647 quidquam
557 613 624 648 ipsis
637 614 663 641 in
678 620 794 644 mentem
805 625 851 646 ve-

66 652 106 680 nit
120 662 127 680 :
143 653 171 679 l'
186 652 294 682 Patrem
309 663 367 684 esse
381 658 472 693 πηγὴν
484 659 618 695 θεότητος,
638 670 648 687 ι
668 661 768 690 fontem
784 664 850 691 divi-

66 698 170 732 nitatis,
191 709 201 725 ›
217 702 442 734 quemadmodum
459 705 499 732 sol
515 705 575 733 fons
585 711 629 734 est
648 707 798 741 splendoris
814 718 848 738 ex

64 744 122 779 ipso
131 745 226 773 emissi
239 755 246 780 ;
265 746 294 773 ‘2'
303 747 400 775 Filium
412 756 472 777 esse
484 750 603 784 ejusdem
615 757 718 780 naturae
738 761 770 781 ac
783 754 848 782 sub-

62 790 180 822 stantiae,
196 791 274 826 cujus
287 797 329 819 est
352 792 448 828 Pater;
464 800 557 830 utpote
571 796 605 824 de
623 797 678 832 ipsa
704 798 793 827 Patris
805 807 848 828 es-

62 835 150 863 sentia
175 837 307 871 genitum,
334 844 363 866 ut
390 839 480 868 lumen
512 848 545 869 ex
575 842 677 871 lumine
691 851 802 878 manat;
819 847 867 874 5'.

908 253 1025 290 Yerhum
1042 255 1251 292 imaginemque,
1266 265 1396 294 quantum
1413 269 1568 297 possumus,
1582 266 1682 301 suppli-

906 300 1058 328 cationibus
1071 306 1099 328 et
1115 302 1265 332 honoribus
1284 313 1455 337 veneramur.
1470 307 1615 338 offerentes
1631 311 1684 339 Deo

905 345 1093 374 universorum
1108 347 1221 376 Domino
1235 357 1327 384 preces
1339 360 1386 386 per
1397 361 1476 380 suum
1491 355 1663 391 Unigenitum
1675 367 1682 384 :

905 393 946 418 cui
961 392 1036 427 prius
1051 401 1097 421 eas
1112 394 1263 428 oll'erimus,
1278 404 1404 432 rogantes
1419 405 1447 427 nt
1471 401 1538 435 ipse,
1568 403 1613 436 qui
1629 408 1682 435 est,

903 438 1056 471 propitiatio
1070 448 1117 474 pro
1134 443 1247 474 peccatis
1260 445 1356 470 nostris
1371 445 1542 480 “,dignetur
1555 452 1682 483 tauquam

904 482 1027 511 Pontifex
1046 492 1140 519 preces
1159 492 1277 521 nostras,
1299 493 1326 515 et
1341 491 1487 525 sacrificia,
1514 497 1540 519 et
1554 482 1683 522 interces-

903 527 993 557 siones
1007 529 1106 558 oll'erre
1123 531 1176 559 Deo
1186 533 1290 567 optimo
1308 535 1434 563 maximo.
1455 546 1464 562 ι
1481 537 1564 564 Miror
1592 540 1682 567 hmccc

902 573 1027 610 Origenis
1042 576 1101 603 loca
1115 578 1173 605 viro
1187 579 1266 606 docto
1287 579 1447 608 oﬂ‘endiculo
1461 590 1531 615 esse,
1547 584 1572 611 in
1584 585 1681 618 quibus

902 625 1009 654 egomet
1021 621 1061 656 (ut
1075 630 1166 650 verum
1184 623 1279 659 fatear)
1297 625 1464 653 Catholicam
1481 628 1513 655 de
1526 636 1638 663 persona
1653 636 1681 658 et

900 666 990 693 ollicio
1005 667 1162 696 Servatoris
1189 671 1274 698 nostri
1293 672 1444 699 doctrinam
1469 681 1522 701 non
1548 675 1617 702 male
1632 684 1680 704 ex-

899 711 993 746 plicari
1014 720 1122 748 semper
1132 715 1352 743 existimaverim.
1367 717 1420 744 Sed
1430 719 1463 745 ad
1479 726 1545 746 rem.
1556 720 1679 748 Christus

899 757 1028 786 Dominus
1043 765 1133 787 noster
1150 760 1273 788 bifariam
1290 763 1407 797 spectari
1423 769 1522 797 potest,
1536 773 1589 800 qua
1608 766 1678 794 Deus

898 808 949 834 est,
962 807 989 830 et
999 811 1050 838 qua
1068 804 1248 841 Θεάνθρωπος
1270 807 1327 835 sive
1351 809 1484 837 mediator
1508 810 1579 838 inter
1595 812 1678 840 Deum

898 853 924 875 et
938 848 1084 877 hominem.
1101 851 1157 878 Sub
1182 854 1325 886 posteriori
1344 854 1435 889 σχέσει
1458 856 1480 883 si
1506 856 1677 886 Servatorem

62 881 164 909 Filium
179 884 338 919 neutiquam
354 893 368 912 a
385 885 465 914 Patre
484 895 533 915 suo
548 888 663 917 divisum
680 898 712 918 ac
736 899 847 928 separa-
861 885 883 913 Β
897 899 1017 921 nostrum
1033 901 1149 930 spectes,
1166 881 1272 925 constat
1287 881 1379 926 multis
1391 899 1539 935 Scriptum
1553 902 1620 930 locis
1636 908 1677 930 at-

62 930 118 953 tum
131 928 284 962 exsistere;
298 931 526 964 quemadmodum
542 941 592 961 nec
608 935 699 963 radius
726 945 741 965 a
767 938 824 966 sole
836 960 844 972 ,

60 979 110 998 nec
124 972 255 1007 splendor
266 981 281 1001 a
299 975 359 1002 luce
370 975 550 1012 disjungitur;
567 979 596 1006 ι·
619 981 734 1016 denique
747 982 844 1011 Filium

60 1017 117 1044 sine
129 1018 293 1047 alteratione
318 1025 345 1048 et
359 1021 537 1051 diminutione
550 1025 648 1053 divinae
664 1029 790 1055 essentia:
809 1036 843 1056 ex

58 1062 142 1090 Patre
153 1065 242 1092 nasci.
257 1065 387 1100 Equidem
407 1067 455 1095 hos
472 1069 555 1097 animi
578 1073 663 1099 nostri
685 1080 842 1109 conceptus,

59 1108 92 1136 de
105 1110 246 1138 adoranda
262 1113 435 1146 generatione
446 1113 506 1141 Filii
518 1115 574 1148 Dei,
587 1117 684 1144 mirum
694 1118 720 1145 in
736 1108 843 1147 modum

56 1154 166 1187 adjuvat
180 1156 330 1184 similitudo
347 1157 417 1190 ista;
435 1160 506 1187 unde
516 1165 544 1188 et
558 1169 572 1188 a
589 1161 714 1190 Patribus
726 1163 843 1194 Nictenis

57 1199 84 1226 in
99 1200 156 1234 ipsa
170 1201 342 1229 confessione
359 1211 407 1231 sua
427 1205 545 1233 adhibita
559 1206 619 1234 fuit.

90 1245 104 1281 ᾗ
116 1245 177 1273 XV.
189 1247 382 1283 ltestatquinta
395 1254 474 1284 atque
483 1251 574 1278 ultima
586 1252 749 1287 criminatio,
762 1263 841 1289 quam

55 1299 87 1318 ex
101 1291 179 1320 libris
191 1299 283 1320 contra
294 1295 396 1322 Celsum
408 1296 515 1332 Origeni
525 1297 638 1325 intentat
651 1298 762 1327 Huetius
778 1300 840 1328 Ori-

54 1338 159 1370 gem‘an.
177 1338 225 1365 lib.
244 1347 275 1372 Il,
288 1345 383 1374 quaest.
398 1341 424 1374 2,
434 1350 508 1368 num.
522 1342 566 1375 29,
583 1351 644 1378 pag.
660 1345 720 1377 156,
734 1353 839 1381 nempe,

55 1382 181 1411 docuisse
212 1384 298 1419 ipsum
325 1395 333 1411 ι
361 1386 497 1414 humiliori
518 1387 626 1416 Patrem
651 1391 839 1420 obsecratione

54 1431 240 1457 venerandum
254 1438 315 1459 esse
343 1440 423 1467 quam
441 1432 549 1461 Filium.
566 1443 576 1460 ι
599 1434 751 1464 Genuinam
770 1438 839 1465 hanc

53 1473 137 1502 fuisse
160 1476 285 1510 Origenis
309 1479 472 1506 sententiam
494 1480 598 1508 duobus
613 1483 749 1518 pratcipue
772 1483 838 1511 locis

52 1527 85 1547 ex
97 1520 194 1549 iisdem
209 1523 284 1551 libris
297 1525 402 1558 probat.
415 1525 490 1552 Alter
498 1525 573 1554 locus
587 1527 756 1556 inveniturin
769 1530 838 1558 libro

52 1567 158 1600 quinto,
175 1576 248 1595 num.
263 1569 291 1601 4,
306 1578 366 1605 pag.
384 1571 447 1604 580,
465 1572 509 1599 ubi
524 1573 564 1600 sic
575 1573 705 1610 Origenes
713 1575 836 1604 disserit:

52 1613 145 1640 Πᾶσαν
163 1615 213 1650 μὲν
229 1615 319 1651 δέησιν
330 1617 382 1652 γὰρ
395 1618 440 1644 καὶ
455 1620 618 1656 προσευχὴν,
641 1621 687 1647 καὶ
709 1621 837 1656 ἔντευξιν,

51 1659 98 1686 καὶ
104 1660 281 1696 εὐχαριστίαν
290 1662 480 1699 ἁναπεμπτέον
488 1665 527 1700 τῷ
539 1666 585 1691 ἐπὶ
594 1667 661 1693 πᾶσι
673 1667 733 1702 Θεῷ
740 1668 784 1694 διὰ
791 1669 837 1695 τοῦ

50 1704 95 1731 ἐπὶ
110 1706 344 1740 πάντωνάγγέλων
357 1709 518 1745 ἀρχιερέως,
532 1712 654 1747 ἐμψύχου
662 1714 747 1748 Λόγου
758 1714 836 1742 Θεοῦθ

48 1749 235 1786 δεησόμεθαδὲ
246 1752 292 1778 καὶ
297 1753 378 1779 αὑτοῦ
385 1754 431 1781 τοῦ
439 1756 536 1790 Λόγου,
545 1758 592 1784 καὶ
600 1758 777 1794 ἐντευξόμεθα
789 1761 837 1788 αὺ-

49 1796 97 1831 τῷ,
106 1797 400 1835 καὶεὺχαριστήσομεν,
413 1802 460 1828 καὶ
476 1803 678 1839 προσευξόμεθα
687 1805 726 1838 δὲ,
736 1806 784 1833 ἐὰν
792 1806 837 1833 δυ-

49 1841 158 1878 νώμεθα
173 1844 333 1871 κατακούειν
350 1846 398 1881 τῆς
407 1847 470 1883 περὶ
483 1850 634 1884 προσευχῆς
648 1851 833 1886 κυριολέξεως,

49 1887 95 1913 καὶ
111 1890 320 1925 χαταχρήσεως·
334 1891 359 1918 id
372 1898 424 1924 cst,
442 1901 451 1917 ι
467 1892 568 1920 Omnes
584 1895 656 1921 enim
669 1896 835 1931 deprecatio-

49 1940 108 1966 nes,
128 1939 156 1961 et
172 1935 326 1969 petitiones,
340 1943 434 1964 omnes
448 1937 680 1972 interpellationcs
691 1945 719 1968 et
731 1942 831 1976 gratia-

48 1985 107 2006 rum
124 1981 246 2008 actiones
266 1981 408 2009 fundendae
424 1988 487 2010 sunt
505 1984 570 2018 Deo,
599 1992 690 2012 rerum
712 1987 832 2014 omnium

48 2024 177 2058 Domino,
195 2034 242 2061 per
257 2028 386 2062 majorem
411 2030 539 2058 omnibus
563 2031 667 2066 angelis
696 2039 831 2060 summum

47 2068 218 2105 Pontilicem,
234 2073 323 2100 vivum
341 2073 456 2101 Verbum
468 2079 496 2102 et
518 2074 613 2103 Deum.
631 2075 747 2104 Verbum
764 2085 832 2111 quo-

45 2122 99 2149 que
113 2116 178 2143 illud
195 2117 363 2152 deprecaturi
381 2125 484 2154 sumus,
501 2119 743 2154 interpellabimns,
761 2125 789 2148 et
804 2122 830 2149 ei

46 2162 147 2194 gratias
158 2169 281 2197 agemus,
300 2171 395 2198 preces
417 2164 497 2192 etiam
513 2164 669 2197 olferemus.
693 2168 772 2193 modo
788 2167 830 2194 in-

895 945 948 972 que
976 940 1094 967 omnium
1132 941 1346 970 Christianorum
1385 952 1538 979 coasensu,
1575 947 1675 976 cultum

894 990 1012 1017 omnem,
1026 992 1106 1019 quem
1134 985 1188 1013 Deo
1209 987 1379 1022 exhibemus,
1397 989 1447 1023 ipsi
1476 997 1523 1024 per
1538 990 1673 1018 Christum

894 1028 1068 1056 mediatorem
1090 1029 1269 1058 exhibendum
1289 1039 1371 1060 esse:
1399 1034 1465 1068 quin
1479 1039 1507 1061 et
1529 1035 1630 1062 cultum
1648 1041 1674 1064 et

894 1073 1022 1101 honorem
1033 1082 1151 1107 omnem,
1161 1084 1240 1111 quem
1253 1077 1361 1106 Christo
1370 1079 1527 1113 deserimus,
1544 1082 1584 1113 εις
1595 1081 1673 1114 δόξαν

893 1118 960 1145 Θεοῦ
971 1120 1018 1146 τοῦ
1042 1120 1163 1157 Πατρός,
1182 1131 1191 1148 ι
1213 1122 1238 1149 in
1252 1123 1363 1157 gloriam
1380 1125 1426 1152 Dei
1443 1125 1542 1159 Patris,
1559 1137 1568 1153 ι
1585 1133 1613 1154 ιιι
1632 1127 1673 1154 Ιο-

892 1164 984 1198 quitur
995 1164 1222 1201 Paulnstl’liilip.
1247 1163 1346 1203 II,'ll),
1375 1170 1483 1197 omnino
1512 1173 1670 1199 redundare.

891 1209 1030 1236 Christum
1046 1218 1111 1238 vero
1126 1213 1301 1240 mediatorem
1315 1221 1374 1241 esse
1391 1214 1461 1242 inter
1475 1215 1558 1243 Deum
1583 1223 1610 1244 et
1621 1217 1671 1244 lto-

892 1254 977 1282 mincs
991 1256 1130 1291 utriusque
1144 1262 1247 1285 naturae
1268 1264 1389 1294 respectu
1404 1260 1545 1295 (quidquid
1559 1269 1592 1289 ex
1605 1270 1671 1297 pon-

891 1299 983 1327 tificiis
997 1301 1108 1335 quidam
1124 1308 1218 1330 contra
1244 1304 1433 1340 obganniant),
1453 1311 1560 1334 veteres
1574 1308 1670 1335 catho-

891 1345 934 1372 lici
949 1345 1056 1379 Patres,
1081 1355 1140 1376 cum
1152 1350 1255 1377 sanctis
1270 1349 1429 1385 Scripturis,
1443 1360 1496 1380 uno
1511 1360 1558 1380 ore
1571 1354 1670 1381 docue-

891 1394 964 1416 runt.
975 1391 1062 1425 Atque
1078 1391 1147 1419 hanc
1163 1393 1188 1420 in
1204 1394 1298 1428 primis
1309 1395 1401 1430 σχὲσιν
1414 1395 1478 1423 Jesu
1497 1397 1582 1423 nostri
1607 1405 1670 1433 spo-

889 1438 975 1462 classe
984 1434 1128 1471 Origenem
1141 1437 1166 1464 in
1179 1442 1293 1473 utroque
1307 1438 1365 1466 loco
1373 1439 1487 1474 allegato
1498 1441 1668 1470 manifestum

889 1485 951 1509 est:
980 1481 1113 1515 siquidem
1143 1483 1285 1518 utrobique
1311 1483 1428 1519 loquitur
1442 1486 1475 1512 de
1501 1485 1610 1514 Christo
1641 1493 1670 1515 ut

888 1531 993 1552 smnmo
1005 1527 1154 1558 sacerdote,
1166 1528 1211 1561 qul
1227 1534 1276 1562 pro
1288 1528 1365 1555 nobis
1379 1530 1450 1563 apud
1467 1530 1550 1558 Deum
1562 1530 1667 1560 Patrem

889 1571 1048 1606 intercedit,
1070 1574 1169 1609 quique
1199 1579 1325 1610 tanquam
1345 1575 1456 1612 ἰλασμόν
1470 1586 1479 1602 ι
1497 1579 1668 1612 ριόριιίτιιὶοο

888 1624 948 1644 nem
966 1626 975 1643 ι
995 1624 1045 1652 pro
1068 1619 1189 1653 peccatis
1204 1621 1304 1647 nostris
1324 1629 1384 1648 sese
1405 1621 1510 1650 obtulit.
1539 1623 1614 1657 Quod
1643 1625 1667 1652 si

887 1664 1025 1691 Christum
1040 1665 1199 1699 intueamurr
1212 1670 1241 1692 ut
1255 1665 1435 1698 Deum.extra
1456 1668 1610 1696 mediatorii
1623 1669 1665 1696 of-

886 1709 940 1736 licii
958 1714 1120 1744 respectum,
1135 1718 1231 1738 rursus
1242 1711 1339 1746 duplex
1351 1712 1470 1746 ejusdem
1486 1714 1666 1741 consideratio

885 1755 962 1782 nobis
975 1756 1103 1783 accurrit.
1117 1755 1184 1783 Nam
1198 1756 1241 1784 vel
1255 1757 1376 1784 absolute
1391 1763 1420 1786 ut
1435 1757 1506 1786 Deus
1518 1764 1664 1793 spectatur,

884 1799 926 1826 vel
941 1800 1025 1827 relate
1053 1806 1082 1828 ut
1113 1801 1183 1829 Deus
1199 1808 1233 1828 ex
1249 1802 1312 1835 Deo,
1338 1802 1396 1830 sive
1423 1803 1470 1831 Dei
1497 1804 1591 1832 Filius.
1608 1804 1664 1833 Sub

883 1845 966 1880 priori
989 1847 1205 1874 consideratione
1234 1847 1256 1874 si
1283 1849 1458 1883 respiciamus
1488 1850 1533 1877 τὸν
1554 1850 1639 1885 Λόγον
1654 1870 1661 1884 ,

883 1891 973 1918 multis
985 1892 1011 1918 in
1030 1892 1098 1919 locis
1111 1892 1185 1920 clare
1199 1892 1299 1920 fatetur
1317 1893 1446 1930 Origenes
1457 1915 1465 1928 ,
1489 1895 1537 1930 ipsi
1553 1901 1663 1930 propter

883 1936 1056 1964 inenarrabili
1082 1939 1238 1973 praestantia
1263 1940 1461 1974 praecellentem
1481 1941 1660 1973 divinitatem.

882 1989 961 2016 quam
974 1989 1036 2009 cum
1050 1982 1129 2011 Patre
1142 1991 1313 2012 communem
1328 1986 1420 2019 habet,
1446 1986 1568 2014 eumdem
1583 1987 1663 2021 plane

881 2027 1002 2054 divinum
1017 2028 1132 2061 cultum,
1152 2037 1234 2063 quem
1263 2029 1337 2057 Patri
1364 2031 1533 2063 exhibemus,
1551 2032 1661 2059 omnino

880 2072 971 2099 deberi
985 2080 992 2105 ;
1010 2072 1062 2100 hoc
1070 2078 1121 2106 est,
1135 2079 1261 2108 oportere
1277 2083 1327 2102 nos
1338 2081 1427 2102 mente
1439 2081 1466 2103 et
1482 2077 1662 2111 conceptione

879 2122 970 2142 nostra
988 2119 1051 2151 (qua
1068 2117 1123 2144 sola
1137 2119 1245 2152 proprie
1260 2118 1342 2146 Deum
1356 2120 1482 2155 colimus)
1496 2121 1603 2147 easdem
1615 2121 1660 2148 di-

879 2162 948 2189 vina:
967 2167 1070 2190 natura:
1098 2163 1279 2198 perfectiones
1307 2172 1402 2193 omnes
1424 2165 1494 2193 Filio
1523 2167 1660 2194 ascribere

49 2206 213 2241 telligamus,
229 2209 363 2242 quomodo
374 2209 430 2237 haec
453 2210 622 2245 accipiantur
637 2210 678 2238 vel
695 2211 807 2239 abusive
818 2231 826 2245 ,

888 2214 946 2242 [uos
965 2206 1038 2234 Patri
1057 2207 1210 2235 tribuimus.
1226 2208 1327 2243 Repete
1354 2210 1425 2244 loca,
1443 2217 1505 2245 quae
1516 2209 1573 2244 jam
1589 2210 1659 2238 cita.

46 2251 86 2277 vel
104 2253 223 2286 proprie.
246 2262 256 2279 ι
276 2252 337 2286 Ubi,
352 2254 440 2289 inquit
455 2254 580 2288 Huetius,
597 2256 747 2284 orationem
761 2264 826 2292 pro-

45 2295 101 2327 prie
110 2296 165 2323 Deo
176 2296 248 2324 Patri
261 2297 332 2325 fundi
341 2297 416 2332 jubet
429 2307 436 2332 ;
449 2299 622 2334 improprium
632 2308 695 2329 vero
704 2306 732 2329 et
742 2310 826 2337 χατα-

44 2342 207 2376 χρηστικὴν,
222 2342 290 2370 Filio
305 2352 312 2370 :
327 2343 364 2370 illi
382 2347 409 2370 ut
424 2351 531 2371 summo
546 2344 610 2378 Deo,
629 2345 760 2373 bonorum
777 2347 825 2373 da-

45 2386 94 2412 tori
110 2395 117 2418 ;
137 2387 200 2414 huic
213 2392 339 2422 tanquam
358 2389 467 2424 μεσίτῃ,
482 2390 527 2423 qui
543 2397 637 2424 preces
650 2395 756 2419 nostras
769 2392 824 2419 Deo

43 2431 147 2459 olfcrat.
165 2432 263 2459 Locum
274 2434 388 2461 alterum
401 2435 474 2470 legas
485 2434 533 2462 lib.
549 2442 691 2467 vnt,num.
704 2436 748 2468 l3,
762 2445 822 2473 pag.

43 2475 91 2503 75l
111 2486 116 2503 :
134 2477 180 2503 Διὸ
195 2477 240 2504 τὸν
252 2478 299 2504 ἕνα
311 2479 388 2512 Θεὸν,
404 2480 452 2506 καὶ
464 2480 511 2506 τὸν
522 2479 568 2506 ἕνα
583 2479 646 2507 Υἱὸν
662 2481 744 2508 αὑτοῦ
755 2502 762 2513 ,
775 2483 822 2509 καὶ

43 2521 193 2555 Λὸγον,.καὶ
207 2523 298 2549 εἰκόνα
310 2526 369 2556 ταῖς
382 2525 451 2552 κατὰ
463 2525 492 2552 τὺ
504 2525 613 2552 δυνατὸν
627 2527 692 2562 ἡμῖν
709 2527 823 2561 ἱκεσίαις

43 2568 87 2593 καὶ
102 2568 228 2600 ἀξιώσεσι
236 2569 360 2605 σέϐομεν,
376 2571 558 2606 προσάγοντες
570 2571 608 2607 τῷ
622 2571 681 2606 Θεῷ
692 2572 745 2598 τῶν
756 2572 822 2605 ὅλων

42 2613 89 2645 τὰς
103 2615 183 2650 εὐχὰς
192 2615 235 2642 διὰ
244 2615 291 2641 τοῦ
303 2616 471 2650 Μονογενοῦς
485 2617 577 2644 αὐτοῦ’
591 2614 613 2651 ᾧ
621 2617 727 2653 πρῶτον
740 2627 823 2654 προσ-

43 2659 158 2695 φέρομεν
183 2661 278 2693 αὐτὰς,
298 2661 436 2695 ἀξιοῦντες
452 2664 533 2691 αὐτὸν
553 2664 664 2699 ἱλασμὸν
687 2664 750 2691 ὄντα
765 2664 820 2690 τῶν

42 2705 179 2741 ἁμαρτιῶν
191 2707 279 2742 ἡμῶν,
289 2710 472 2743 προσαγαγεῖν
480 2709 517 2741 ὡς
529 2710 658 2745 ἀρχιερέα
666 2710 714 2741 τὰς
727 2710 820 2745 εὐχὰς.

43 2751 85 2777 ’εαί
100 2751 146 2784 τὰς
161 2752 266 2786 Θυσίας,
284 2754 330 2780 καὶ
343 2753 392 2786 τὰς
409 2755 542 2788 ἐντεύξεις
554 2755 631 2791 ἡμῶν
643 2756 681 2791 τῷ
692 2757 738 2782 ἐπὶ
752 2757 819 2782 πᾶσι

74 2797 95 2812 ⁸⁸
110 2797 205 2826 Ηυειιι.
222 2807 250 2831 ιι,
269 2800 286 2827 2

877 2253 964 2280 vimus
983 2252 1011 2279 in
1031 2253 1083 2280 hoc
1107 2253 1205 2288 capite,
1229 2260 1304 2280 num.
1332 2253 1360 2281 8.
1379 2254 1426 2281 Sin
1442 2254 1539 2282 Filium
1558 2256 1660 2283 intuea-

876 2306 937 2325 mur
951 2298 1045 2331 relate,
1057 2306 1110 2333 qua
1128 2297 1213 2327 Filius
1226 2303 1278 2331 est,
1298 2304 1326 2326 et
1347 2307 1383 2326 ex
1398 2300 1453 2327 Deo
1475 2301 1555 2328 Patre
1575 2301 1659 2328 trahit

876 2344 1024 2379 originem;
1046 2349 1102 2372 tum
1125 2352 1218 2372 rursus
1234 2350 1337 2372 certum
1355 2350 1406 2377 est,
1420 2345 1522 2373 cultum
1538 2351 1566 2374 et
1577 2354 1658 2374 vene-

876 2391 1007 2418 rationem
1026 2398 1144 2423 omnem,
1160 2399 1239 2425 quem
1255 2391 1306 2425 ipsi
1326 2390 1485 2424 deferimus,
1501 2393 1534 2418 ad
1551 2391 1656 2420 Patrem

876 2435 1037 2466 redundare,
1055 2435 1081 2462 in
1094 2435 1244 2470 ipsumque,
1261 2440 1289 2462 ut
1306 2434 1397 2470 πηγὴν
1424 2434 1550 2470 θεότητος
1564 2437 1657 2464 ultimo

874 2481 980 2508 referri.
998 2481 1055 2508 lluc
1067 2482 1149 2508 etiam
1176 2484 1326 2516 respexisse
1346 2481 1452 2507 videtur
1470 2480 1601 2515 Origenes
1629 2482 1655 2509 in

874 2527 1018 2561 posteriori
1031 2527 1091 2554 loco
1105 2529 1138 2554 ab
1155 2526 1251 2554 llnetio
1268 2527 1350 2553 citato
1361 2525 1431 2561 (55);
1442 2526 1485 2553 ubi
1500 2532 1559 2560 post
1573 2527 1654 2553 verba

874 2572 1000 2606 allegata,
1018 2572 1074 2599 hmc
1090 2571 1200 2607 ἁμέσως
1217 2571 1414 2604 subjiciuntur:
1438 2571 1505 2603 Περὶ
1529 2570 1574 2596 τὸν
1590 2570 1655 2596 Θεὸν

872 2615 918 2644 οὖν
932 2619 949 2653 ὴ
966 2618 1058 2650 πίστις
1078 2618 1166 2653 ἡμῶν,
1190 2617 1234 2644 διὰ
1252 2617 1298 2643 τοῦ
1315 2616 1415 2652 ταύτην
1434 2615 1604 2651 βεϐαιοῦντος
1625 2617 1653 2642 ὲν

872 2665 937 2699 ἡμῖν
963 2664 1028 2690 Υἰοῦ
1054 2664 1154 2691 αὑτοῦ*
1175 2664 1221 2691 καὶ
1250 2663 1376 2699 οὐδεμίαν
1393 2662 1470 2698 ἡμῶν
1488 2661 1544 2697 ἔχει
1569 2661 1652 2694 δεῖξαι

874 2710 966 2735 στάσιν
983 2710 1044 2744 περὶ
1055 2710 1101 2736 τὸν
1114 2710 1175 2737 Υἰὸν
1191 2709 1237 2737 τοῦ
1258 2709 1324 2736 Θεοῦ
1341 2710 1355 2735 ὁ
1369 2708 1485 2739 Κέλσος·
1512 2708 1559 2735 καὶ
1578 2708 1653 2734 σέϐο-

874 2755 923 2789 μέν
941 2764 971 2788 γε
995 2759 1040 2783 τὸν
1064 2757 1190 2792 Πατέρα,
1213 2756 1398 2791 θαυμάζοντες
1420 2754 1501 2781 αὺτοῦ
1520 2754 1566 2781 τὸν
1587 2754 1652 2782 Υἱδν

73 2844 127 2874 (55)
144 2845 207 2874 Vide
223 2855 281 2876 etM:
301 2848 333 2876 de
351 2849 492 2878 nrimitiva:
507 2849 634 2877 Ecclesia:
650 2849 813 2880 δοξολογιαις
824 2857 837 2878 ο

891 2849 1024 2876 Γνιινὶιιιιιε
1038 2857 1118 2880 supra
1139 2857 1198 2880 (13D.
1215 2850 1241 2880 5,
1255 2858 1328 2877 nunt.
1344 2850 1371 2877 6.
