1908 3071
242 159 314 186 1515

243 218 338 252 Λόγον,
356 218 402 244 καὶ
417 216 522 251 σοφίαν,
533 216 581 243 καὶ
603 215 740 252 ἀλήθειαν,
758 216 804 242 κά
829 216 1001 252 δικαιοσύνην
1013 238 1020 248 ,
1037 221 1058 249 Α

242 264 290 290 καὶ
304 264 391 290 πάντα
412 262 483 297 ειπερ
511 259 581 288 εἶναι
605 262 804 297 μεμαθήκαμεν
828 262 874 289 τὸν
892 262 953 289 Υἱδν
975 262 1020 289 τοῦ

243 308 320 339 Θεοῦ,
334 308 404 334 οὕτω
418 307 450 343 δὴ
463 308 509 334 καὶ
521 307 568 334 τὸν
585 307 747 343 γεννηθέντα
761 308 815 334 ἀπὸ
833 309 953 335 τοιούτου
968 309 1029 335 Περ

243 355 305 389 τρός
319 362 326 369 ·
342 354 368 380 id
386 359 437 386 est,
454 364 463 379 ι
480 354 571 388 Itaque
586 354 612 380 in
622 353 675 380 Deo
688 353 755 380 fides
778 358 867 381 nostra
889 355 1024 388 consistit,

244 407 292 433 per
306 398 510 426 conﬁrmantem
528 406 586 425 eam
604 398 630 424 in
644 398 722 425 nobis
739 398 822 433 ipsius
843 398 950 426 Filium.
971 398 1025 426 Nec

243 449 285 472 est
297 444 469 480 quodCelsus
497 444 573 471 nobis
597 443 755 471 seditionem
782 443 890 476 obiiciat
914 449 1024 480 propter

243 491 340 518 Filium
353 497 361 517 :
375 497 535 517 veneramur
552 490 623 516 enim
642 489 760 522 Patrem,
771 495 804 516 eo
819 490 890 524 quod
904 490 1022 517 admira-

244 544 306 564 mur
327 536 385 571 ejus
397 535 505 567 Filium,
525 533 643 562 Verbum
655 539 682 561 et
697 534 866 569 sapientiam,
885 540 912 562 et
927 535 1024 562 verita-

243 584 309 614 tem,
325 585 353 608 et
363 580 505 615 justitiam,
520 585 548 608 et
566 580 695 615 quidquid
710 580 825 607 dicimus
839 587 900 608 esse
912 580 958 607 Dei
976 579 1022 607 Fi-

244 626 321 658 lium,
336 633 351 653 e
368 626 413 653 tali
438 625 519 653 Patre
545 625 724 660 progenitum.
745 634 755 651 ο
774 624 848 652 Hanc
873 625 1023 652 doctrinam

245 678 342 698 sanam
361 675 389 697 et
407 670 566 697 catholicam
586 676 664 701 esse,
684 673 782 696 norunt
802 677 905 702 omnes,
932 670 976 704 qui
997 669 1023 696 in

245 722 366 743 veterum
379 717 518 743 doctorum
531 715 643 750 scriptis
661 715 703 741 vel
730 715 903 742 mediocriter
925 715 1024 742 versati

245 762 330 790 fuere.
342 761 432 794 Quid?
444 761 514 796 qttod
528 761 585 788 [nec
604 760 692 787 Patris
708 759 788 795 ὲξοχή
803 760 828 786 in
845 760 969 788 omnibus
978 768 1024 787 ca-

246 808 350 835 tholicae
362 807 486 834 Ecclesiae
497 806 627 841 Liturgiis
636 805 769 840 hodieque
781 806 945 841 agnoscitur.
956 805 1024 833 Nam

244 858 273 881 et
287 854 314 880 in
329 852 490 887 δοξολοτῑαις
507 852 589 879 Deum
615 852 720 879 Patrem
736 852 764 878 ὲν
779 851 878 888 πρώτῃ
893 851 970 884 τάξει
985 851 1025 887 (ut

244 897 367 925 Justinus
379 896 507 932 loquitur)
519 895 719 930 gloriﬁcamus:
737 901 765 924 et
776 904 870 931 preces
881 896 1023 932 plerasque
1039 889 1060 916 Β

247 943 280 970 ad
291 943 375 977 ipsum
388 941 615 976 dirigimus.’Qua
628 941 662 969 de
684 949 713 969 re
737 946 832 969 notatu
858 949 926 969 sane
943 942 1022 977 digna

245 993 308 1015 sunt
319 988 431 1019 Petavii.
449 987 547 1015 Crellio
562 987 597 1015 de
608 986 711 1023 Spiritu
737 992 831 1016 sancto
858 989 1024 1022 responden-

246 1034 292 1065 tis,
312 1033 394 1060 verba
407 1032 446 1059 De
457 1032 530 1059 Trin.
548 1032 595 1060 lib.
605 1039 648 1067 nt,
661 1040 720 1068 cap.
734 1033 761 1067 7,
773 1041 850 1060 num.
863 1033 907 1060 l5.
922 1043 931 1060 ε
947 1033 1024 1066 Nam,

247 1078 348 1113 inquit,
364 1078 435 1112 quod
449 1078 482 1105 ad
494 1078 625 1112 Spiritum
638 1083 762 1106 sanctum
781 1086 876 1114 preces
893 1080 919 1107 in
933 1079 1025 1107 Eccle-

246 1124 286 1151 sia
298 1123 405 1159 publice
419 1125 475 1152 fere
499 1132 551 1151 non
578 1124 742 1159 diriguntur,
759 1125 859 1152 frustra
875 1133 908 1154 ex
933 1134 967 1154 eo
981 1134 1026 1153 ca-

249 1170 379 1197 lumniam
398 1170 480 1197 struit
491 1169 617 1198 Crellius.
629 1170 772 1204 Siquidem
787 1171 871 1198 veteri
888 1179 921 1199 ex
952 1179 1001 1199 usu
1017 1192 1024 1204 ,

246 1216 382 1251 pleraeque
398 1217 431 1243 ad
443 1215 548 1243 Patrem
564 1215 738 1243 referuntur:
753 1216 878 1250 atqueita
888 1216 1025 1244 decretum

246 1262 362 1296 legimus
380 1263 406 1289 in
419 1261 626 1297 Carlhaginensi
641 1262 720 1289 tertia
736 1262 847 1298 synodo,
864 1269 968 1290 canone
979 1263 1026 1295 23.

246 1314 345 1336 utcum
355 1308 387 1335 ad
407 1308 492 1335 altare
504 1308 650 1342 assistitur,
659 1315 766 1343 semper
773 1309 806 1336 ad
818 1308 923 1335 Patrem
933 1309 1028 1343 diriga-

247 1359 292 1381 tur
309 1354 405 1381 oratio.
420 1353 554 1381 Nimirum
566 1354 629 1390 quia
645 1358 710 1381 tunc
724 1354 825 1382 Christi
845 1362 954 1389 corpus,
972 1356 1028 1382 sive

246 1399 329 1428 homo
344 1401 468 1428 Christus
483 1399 606 1433 oll‘ertur,
620 1408 651 1427 ac
665 1400 766 1428 veteris
781 1405 809 1427 et
824 1401 928 1428 cruenti
944 1402 1029 1428 sacri-

248 1446 302 1473 llcii
320 1446 448 1474 memoria
464 1446 627 1478 celebratur,
650 1453 755 1481 mquum
783 1450 824 1474 est
844 1448 875 1473 ad
900 1447 1004 1474 Patrem
1019 1467 1026 1479 ,

247 1491 322 1518 velut
333 1495 471 1518 auctorem
484 1498 515 1518 ac
534 1491 698 1526 principium
715 1490 813 1518 referri
842 1492 932 1519 omnia
956 1501 963 1523 ;
990 1493 1028 1519 uti

247 1545 384 1566 summum
401 1537 539 1564 imitemur
553 1537 734 1570 sacerdotem,
747 1542 775 1565 et
784 1537 937 1572 pontiﬁcem
951 1539 1029 1566 Clni-
1042 1553 1063 1582 ρ

248 1589 320 1612 stum
337 1583 497 1615 Dominum;
513 1583 557 1617 qui
577 1587 632 1610 tum
649 1583 740 1610 omnia
757 1583 827 1610 dicta
841 1583 966 1618 factaque
981 1592 1027 1610 sua

247 1629 338 1658 Patris
348 1629 381 1656 sd
395 1629 523 1656 honorem
543 1628 647 1656 referre
662 1627 766 1655 solebat
779 1636 786 1654 :
804 1632 859 1655 tum
876 1629 903 1656 in
920 1629 964 1656 illo
979 1637 1028 1664 po-

248 1681 350 1703 stremo
372 1674 506 1702 sacriﬁcio
529 1674 641 1701 tradidit
668 1674 842 1709 semetipsum
869 1682 918 1709 pro
951 1675 1029 1702 nobis

248 1721 422 1754 oblationem,
433 1726 460 1748 et
471 1720 585 1748 hostiam
603 1720 657 1748 Deo
672 1720 699 1748 in
711 1720 822 1748 odorem
842 1721 983 1749 suavitatis
994 1721 1026 1749 “.

248 1767 305 1796 Nec
323 1772 363 1795 est
386 1767 448 1794 inde
461 1774 629 1801 consequens
645 1771 691 1793 aut
706 1766 846 1794 Christum
873 1766 957 1794 Deum
975 1774 1028 1794 non

248 1820 319 1846 esse,
338 1817 384 1840 aut
399 1820 448 1840 nec
463 1812 593 1847 Spiritum
613 1816 737 1839 sanctum
755 1819 762 1839 :
792 1813 839 1840 sed
854 1813 906 1840 hoc
918 1813 1005 1840 solum
1020 1833 1029 1846 ,

250 1867 308 1888 esse
321 1867 454 1887 summum
469 1859 608 1894 utriusque
619 1858 794 1893 principium,
811 1866 825 1884 a
841 1865 896 1892 quo
913 1858 950 1885 uti
965 1866 1028 1892 pro-

251 1906 408 1941 prietatibus
427 1905 545 1932 distincti
559 1908 632 1937 sunt,
655 1904 695 1932 sic
711 1908 808 1931 natura
826 1909 855 1930 et
879 1903 1029 1931 substantia

252 1959 302 1978 non
318 1952 484 1986 discrepant.
502 1959 512 1976 ›

284 1997 298 2033 §
311 1996 381 2025 XVI.
401 1995 536 2024 Hactenus
551 2003 582 2023 ea
594 1994 773 2029 defendimus,
789 2002 848 2030 quas
863 1995 913 2022 viri
928 1995 1029 2022 doctis-

249 2044 310 2071 simi
327 2043 451 2070 Petavius
463 2047 489 2069 et
516 2041 628 2068 Huetius
643 2041 670 2068 in
689 2041 766 2068 libris
791 2041 918 2076 Origenis
938 2047 1030 2068 contra

249 2089 356 2117 Celsum
369 2088 608 2123 reprehenderunt.
626 2087 759 2115 Caeterum
779 2092 877 2122 praeter
889 2087 952 2118 ista,
966 2086 1029 2115 llic-

250 2143 380 2171 ronymus
394 2135 458 2162 olitn
473 2133 546 2169 (odio
559 2133 664 2161 scilicet
675 2141 724 2161 suo
747 2133 773 2161 in
788 2133 932 2169 Origenem
947 2154 955 2166 ,
983 2141 1030 2161 seu

251 2181 339 2215 potius
366 2180 393 2206 in
412 2178 537 2214 Origenis
568 2178 741 2213 interpretem
766 2178 891 2206 Ruﬁnum
916 2179 1029 2206 nimium

941 142 1149 184 exusur'run

1783 149 1854 176 1516

1072 223 1104 243 ex
1121 215 1196 242 lihris
1210 214 1277 249 Περὶ
1293 212 1393 248 ἀρχῶν
1403 211 1481 239 all‘ert
1495 218 1526 239 ac
1541 209 1720 238 damnathtec
1731 207 1860 244 Origenis

1072 262 1175 289 verba:
1195 270 1204 286 t
1226 260 1385 288 Sicutenim
1401 260 1579 293 incongruum
1598 261 1640 284 est
1655 255 1758 287 dicere,
1786 255 1860 290 quod

1073 307 1158 342 possit
1168 306 1254 334 Filius
1268 305 1360 332 videre
1376 304 1499 336 Patrem;
1529 303 1564 330 ita
1591 301 1788 329 inconveniens
1818 305 1863 327 est

1073 352 1190 388 opinari,
1205 352 1275 386 quod
1288 351 1404 386 Spiritus
1412 354 1521 378 sanctus
1528 349 1613 384 possit
1622 347 1714 375 videre
1728 346 1859 374 Filium.»

1074 398 1109 426 Et
1121 398 1277 434 primarium
1295 397 1367 424 hunc
1383 403 1417 422 ac
1434 395 1602 430 praecipuum
1628 394 1701 420 inter
1729 392 1862 427 Origenis

1073 451 1179 471 errores
1188 443 1282 471 statuit
1294 441 1459 477 Epiphanius
1468 441 1564 468 haeres.
1581 448 1655 472 thv,
1671 447 1732 474 cap.
1750 439 1821 470 Let
1833 438 1861 465 in

1073 489 1217 520 Ancorato,
1234 495 1295 522 cap.
1311 487 1356 514 65.
1379 485 1431 514 Sed
1446 486 1586 513 audiamus
1602 485 1688 519 ipsum
1709 483 1862 518 Origenem

1074 533 1100 560 in
1112 539 1193 568 opere
1205 533 1249 559 illo
1259 531 1411 559 indubitate
1424 536 1516 558 contra
1531 530 1634 557 Celsum
1651 530 1698 558 lib.
1713 537 1740 556 vt
1750 549 1759 562 ,
1783 537 1862 556 num.

1074 578 1118 611 17,
1131 587 1191 614 pag.
1202 579 1264 611 645,
1279 585 1356 606 suam
1372 578 1406 605 de
1421 577 1535 605 scientia
1553 584 1606 612 qua
1622 575 1706 603 Pater
1720 580 1749 602 et
1773 574 1863 602 Filius

1073 631 1103 652 se
1113 629 1204 652 mutuo
1219 628 1396 659 cognoscunt,
1408 624 1568 651 sententiam
1585 622 1657 650 clare
1675 621 1862 656 explicantem

1073 669 1116 697 his
1135 669 1224 697 verbis
1240 679 1248 696 ε
1275 662 1355 696 Ἀλλὰ
1370 669 1441 695 καὶὸ
1459 668 1553 703 Σωτὴρ
1567 668 1646 703 ἡμῶν
1664 667 1714 694 καὶ
1735 666 1841 702 Κύμης
1855 686 1862 697 ,

1073 715 1219 751 Λόγοςδτοῦ
1235 715 1313 746 Θεοῦ,
1338 715 1369 742 τὸ
1388 714 1500 750 μέγεθος
1517 713 1651 750 παριστὰς
1665 715 1718 748 τῆς
1733 712 1864 747 γνώσεως

1073 761 1120 788 τοῦ
1134 761 1248 797 Πατρδς,
1259 762 1299 788 ὅτι
1311 761 1372 788 κατ’
1385 761 1463 793 ἀξίαν
1476 759 1688 797 προηγουμένως
1700 758 1779 794 αὑτῷ
1791 759 1865 794 μόνῳ

1074 807 1238 843 λαμϐάνεται
1254 809 1302 834 καὶ
1317 806 1490 842 γινώσκεται,
1504 806 1635 841 δευτέρως
1647 805 1676 832 at
1689 806 1748 837 τοῖς
1761 804 1864 840 ἐλλαμ-

1075 852 1200 888 πομένοις
1212 852 1242 879 τδ
1253 852 1414 887 ἡγεμονικὸν
1423 851 1467 878 ὑπ’
1477 850 1558 877 αὑτοῦ
1565 850 1612 876 τοῦ
1622 849 1710 883 Λόγου
1723 850 1775 875 καὶ
1786 849 1865 882 Θεοῦ,

1074 898 1165 934 φησὶν,
1175 898 1357 933 οὐδεὶςέγνω
1366 897 1418 924 τὸν
1429 897 1498 924 Υὶὸν
1507 897 1559 931 aut
1572 896 1590 930 ἡ
1608 895 1723 930 Πατὴρ,
1731 895 1807 922 οὐδὲ
1815 895 1865 922 n'r

1075 944 1187 978 Πατέρα
1198 945 1223 971 sl
1233 943 1276 978 μὴ
1293 945 1308 970 ό
1328 943 1404 976 Υἱὸς,
1417 943 1464 970 καὶ
1478 939 1501 976 ᾧ
1512 942 1575 970 ἂνό
1587 942 1650 973 Υἱὸς
1663 942 1863 976 ἀποκαλύψῃ.

1075 990 1143 1017 οὔτε
1160 989 1215 1026 γὰρ
1230 989 1274 1016 τὸν
1291 989 1422 1025 ἀγένητον
1442 988 1489 1015 καὶ
1511 988 1600 1024 πάσης
1613 988 1730 1023 γενετῆς
1757 987 1864 1022 φύσεως

1075 1036 1246 1071 πρωτότοκον
1257 1035 1318 1061 κατ’
1331 1035 1408 1067 ἀξίαν
1418 1034 1516 1061 εἰδέναι
1532 1043 1574 1066 τις
1590 1034 1714 1065 δύναται,
1727 1033 1769 1065 ὡς
1783 1035 1798 1060 ὁ
1807 1042 1865 1068 γεν-

1075 1082 1159 1117 νήσας
1172 1081 1252 1108 αὺτδν
1265 1080 1371 1117 Πατὴρ,
1384 1080 1445 1107 οὔτε
1469 1080 1514 1106 τὴν
1529 1079 1638 1115 Πατέρα.
1653 1079 1692 1111 ὡς
1708 1080 1724 1106 ὁ
1744 1079 1867 1114 ἔμψυχος

1075 1127 1171 1162 Λόγος,
1187 1128 1233 1154 καὶ
1243 1127 1323 1161 multa.
1335 1126 1415 1153 αὑτοῦ
1434 1126 1481 1153 καὶ
1500 1125 1612 1160 ἀλήθεια
1622 1134 1629 1141 ·
1647 1127 1673 1152 id
1691 1131 1735 1152 est
1747 1134 1756 1152 :
1772 1135 1782 1151 ι
1799 1125 1866 1158 Quill

1077 1176 1104 1200 et
1119 1172 1245 1199 Servator
1260 1176 1350 1198 noster
1360 1179 1391 1198 ac
1401 1171 1537 1203 Dominus,
1550 1170 1596 1198 Dei
1609 1169 1742 1201 Verbum,
1764 1170 1867 1204 magni-

1077 1218 1195 1246 tudinem
1212 1218 1378 1253 cognitionis
1392 1217 1526 1248 indicans,
1538 1225 1589 1251 qua
1603 1215 1683 1243 Pater
1697 1216 1760 1251 ejus
1779 1216 1865 1242 nosci-

1080 1271 1135 1299 tur,
1152 1266 1276 1300 quodque
1289 1272 1338 1299 pro
1353 1264 1484 1299 dignitate
1499 1265 1532 1291 ab
1553 1263 1613 1298 ipso
1634 1262 1695 1290 solo
1713 1267 1847 1289 noscatur
1857 1281 1865 1295 ,

1077 1311 1197 1338 secundo
1223 1318 1288 1337 vero
1304 1310 1362 1337 loco
1383 1310 1415 1337 ab
1432 1309 1590 1336 illurninatis
1604 1309 1744 1335 mentibus
1763 1316 1814 1343 per
1835 1308 1865 1334 il-

1079 1358 1122 1384 lud
1140 1358 1226 1392 ipsum
1243 1356 1359 1383 Verbum
1386 1364 1418 1383 ac
1436 1356 1531 1388 Deum,
1549 1354 1644 1387 Nemo,
1663 1355 1768 1388 inquit,
1798 1353 1865 1380 norit

1079 1402 1178 1429 Filium
1195 1403 1245 1429 nisi
1258 1402 1351 1434 Pater,
1370 1410 1449 1437 neque
1467 1401 1572 1428 Patrem
1586 1401 1640 1428 nisi
1656 1399 1763 1432 Filius,
1775 1405 1800 1426 et
1828 1401 1866 1426 cui

1079 1448 1166 1475 Filius
1182 1448 1333 1475 revelaverit
1348 1448 1382 1474 ".
1404 1446 1469 1474 Nam
1498 1454 1585 1481 neque
1602 1446 1736 1473 inlectum
1751 1465 1759 1477 ,
1788 1450 1865 1479 atque

1080 1498 1141 1521 ante
1156 1501 1263 1520 omnem
1278 1493 1377 1520 l'actam
1392 1497 1514 1519 naturam
1528 1492 1647 1528 genitum
1659 1491 1812 1526 quisquam
1823 1499 1864 1525 νη

1080 1540 1211 1575 dignitate
1224 1544 1312 1574 potest
1328 1547 1417 1571 nosse,
1438 1538 1596 1566 sicutl’ater
1611 1538 1670 1572 ipse
1688 1537 1735 1572 qui
1759 1537 1865 1572 genuit:

1082 1593 1169 1621 neque
1181 1585 1288 1613 Patrem
1304 1586 1459 1620 quisquam.
1474 1585 1541 1612 sicut
1554 1584 1705 1611 animatum
1730 1582 1795 1617 ejus
1811 1582 1867 1609 Ver-

1082 1632 1156 1665 bum,
1175 1631 1277 1659 veritas
1300 1636 1328 1659 et
1342 1631 1488 1666 sapientia.
1507 1639 1516 1656 ι
1537 1629 1610 1657 Nihil
1629 1630 1718 1665 magis
1733 1629 1867 1657 catholica

1083 1677 1184 1705 dictum
1205 1684 1322 1712 unquam
1348 1676 1409 1704 fuit.
1426 1676 1494 1709 Quin
1515 1680 1543 1703 et
1553 1675 1699 1710 Origenem
1717 1683 1805 1710 supra
1816 1675 1866 1710 Q56)

1083 1723 1217 1751 dicentem
1237 1723 1400 1755 audivimus,
1422 1722 1506 1750 Deum
1524 1721 1632 1749 Patrem
1647 1728 1710 1749 esse
1730 1721 1774 1757 τῷ
1794 1722 1865 1755 Λόγῳ

1083 1769 1171 1797 Verbo
1182 1769 1239 1797 sive
1263 1769 1332 1797 Filio
1346 1776 1395 1797 suo
1406 1768 1526 1803 ἐφικτόν,
1541 1776 1551 1793 ι
1562 1767 1862 1802 comprehcnsibilem.r

1083 1816 1122 1842 Ad
1136 1815 1194 1842 loca
1209 1815 1333 1850 Origenis
1342 1814 1412 1850 quod
1426 1816 1533 1846 attinet,
1546 1821 1579 1840 ex
1593 1813 1668 1840 libris
1683 1813 1758 1846 Περὶ
1771 1811 1865 1847 ἀρχῶν

1083 1860 1234 1896 desumpta,
1253 1865 1374 1895 poteram
1393 1860 1557 1895 respondere
1580 1867 1613 1886 ex
1631 1859 1766 1886 omnibus
1776 1858 1865 1893 Orige-

1083 1907 1126 1934 nis
1140 1906 1248 1940 scriptis
1262 1906 1312 1933 ista
1329 1905 1398 1939 Περὶ
1411 1904 1512 1939 ἀρχῶν
1529 1904 1645 1931 maxime
1661 1910 1863 1939 esse_corrupta

1083 1958 1164 1987 atque
1179 1951 1337 1987 interpolata
1353 1951 1421 1986 (37),
1433 1951 1514 1986 idque
1528 1958 1543 1977 a
1556 1949 1654 1977 Ruﬁno
1672 1949 1772 1978 multis
1795 1957 1866 1984 argu-

1083 1999 1181 2028 mentis
1212 2004 1350 2027 osleusum
1376 2006 1446 2027 esse.
1466 1999 1518 2026 Sed
1547 1998 1594 2025 t-ali
1617 1998 1662 2025 hic
1689 1998 1864 2033 responsione

1083 2053 1151 2081 opus
1166 2053 1217 2073 non
1231 2046 1371 2077 habemus,
1385 2052 1447 2072 cum
1460 2045 1515 2080 ipsa
1528 2044 1656 2080 Origenis
1682 2045 1785 2077 verba,
1797 2050 1864 2079 prout

1084 2098 1099 2119 a
1113 2091 1210 2119 llulino
1225 2091 1328 2125 integre
1336 2090 1648 2126 producuntur(58),qui
1660 2094 1687 2117 et
1702 2097 1818 2125 seopum
1828 2098 1864 2116 au-

1083 2135 1168 2163 ctoris
1179 2140 1206 2162 et
1217 2139 1372 2162 contextum
1390 2135 1525 2162 sermonis
1544 2134 1673 2169 explicat,
1695 2143 1754 2161 sum
1773 2143 1863 2170 purga-

1084 2181 1149 2208 tioni
1165 2181 1270 2208 abunde
1284 2181 1426 2208 sulliciant.
1443 2180 1490 2208 Sic
1501 2187 1530 2207 se
1543 2187 1587 2207 res
1608 2180 1716 2206 habuit.
1737 2180 1863 2216 Origenes

251 2225 403 2261 indulgens,
417 2225 532 2259 indeque
556 2225 647 2252 omnia
666 2223 723 2258 ejus
748 2224 830 2251 verba
857 2224 983 2260 dictaque
1004 2225 1030 2252 in
1046 2230 1069 2258 ι)
1082 2226 1109 2253 in
1126 2226 1195 2253 libro
1211 2226 1297 2261 primo
1309 2225 1471 2254 Periure/ton
1482 2226 1660 2262 quaestionem
1673 2226 1864 2253 rnoverattad-

251 2272 397 2307 pessimum
412 2277 520 2298 sensum
532 2270 642 2296 trahere
652 2269 770 2304 amans).
782 2274 809 2296 ct
823 2268 876 2296 alia
892 2270 1030 2304 complura

251 2317 286 2343 de
301 2316 368 2343 Filio
382 2316 439 2348 Dei,
452 2315 478 2342 in
492 2315 554 2342 aliis
563 2315 686 2349 Origenls
694 2315 803 2349 scriptis
818 2314 934 2342 absurde
950 2319 1032 2350 atque

252 2362 334 2396 impie
349 2362 418 2388 dicta
432 2361 554 2393 notavit;
572 2367 632 2395 quae
647 2359 736 2387 omnia
749 2367 782 2387 ex
797 2367 850 2387 uno
862 2368 942 2394 opere
967 2368 1030 2387 con-

251 2412 292 2434 tra
308 2406 412 2434 Celsum
427 2405 507 2433 facile
519 2405 687 2432 relelluntur.
702 2404 842 2439 Pracipua
854 2405 1028 2440 attingemus.

251 2453 278 2480 ln
291 2452 403 2487 cpistola
417 2451 503 2484 59,ad
518 2451 603 2484 Avit.,
620 2458 726 2479 errores
743 2458 887 2479 recensens
899 2451 1030 2478 librorum

250 2498 320 2534 Περὶ
336 2497 444 2533 ἀρχῶν,
462 2497 605 2532 scripsisse
618 2496 763 2531 Origenem
784 2497 823 2524 ait
837 2496 1028 2531 Hieronymus,

252 2545 279 2572 in
299 2545 386 2579 primo
398 2544 456 2578 ejus
471 2543 561 2578 operis
573 2543 718 2574 volumine,
733 2551 743 2567 ι
759 2541 842 2569 Deum
860 2543 965 2569 Patrem
983 2549 1031 2577 per

253 2595 377 2618 naturaru
398 2588 572 2621 invisibilem,
588 2596 603 2615 a
620 2587 689 2615 Filio
700 2595 752 2616 non
769 2587 866 2616 videri.
882 2597 890 2612 ι
908 2587 941 2614 Et
953 2588 979 2614 in
991 2595 1033 2614 se-

251 2635 361 2664 wndo:
381 2644 391 2661 ‹
415 2633 510 2661 Restat
525 2639 555 2661 ut
571 2633 714 2662 invisibilis
726 2634 762 2661 sit
776 2633 846 2661 Deus
860 2654 868 2667 ,
891 2633 913 2660 si
942 2637 1031 2660 autetn

242 2680 394 2714 invisibilis
409 2687 457 2715 per
471 2684 595 2707 naturam
611 2684 662 2712 est,
679 2686 766 2713 neque
786 2677 920 2705 Salvatori
938 2678 1033 2705 visihi-

252 2727 296 2755 lis.
315 2737 325 2755 ι
342 2726 414 2755 Idem
431 2727 458 2754 in
475 2726 589 2760 epistola
605 2726 651 2758 61,
676 2726 709 2753 ad
730 2725 897 2757 Pammach.,
918 2731 978 2758 cap.
1003 2724 1030 2756 5,

242 2773 248 2782 λ
287 2785 311 2801 ⁵⁸
322 2786 419 2819 Eplres.
433 2792 460 2817 v,
475 2784 503 2811 2.
542 2784 563 2800 ⁸⁷
578 2783 671 2811 Matth.
683 2791 720 2816 ιι,
733 2783 780 2809 27.

230 2851 232 2854 .
288 2830 344 2865 (36)
358 2830 423 2857 Vide
440 2830 519 2864 hujus
533 2831 627 2864 capitis
645 2838 718 2857 num.
736 2830 764 2857 9.

237 2900 242 2909 Ι
289 2863 344 2899 (57)
360 2865 426 2892 Vide
439 2863 588 2900 Prolegorn.
607 2865 696 2892 Ruliui
709 2866 735 2892 in
751 2865 795 2892 lib.
814 2865 883 2898 Περὶ
899 2863 1012 2899 ἀρχῶν.

1083 2279 1177 2299 versus
1188 2279 1244 2305 eos,
1257 2274 1301 2308 qui
1317 2272 1399 2300 Deum
1413 2279 1571 2306 corporeutn
1587 2271 1692 2305 dicunt,
1705 2278 1734 2299 et
1746 2272 1864 2300 humanis

1083 2324 1144 2344 eum
1161 2317 1289 2345 membris
1301 2317 1447 2352 habituque
1463 2316 1723 2351 describuntuquod
1738 2317 1864 2352 praecipue

1083 2361 1334 2390 Valentinianorum
1351 2363 1734 2397 etAnthropomorphitarum
1763 2363 1863 2391 haeresis

1083 2408 1232 2436 asserebat.
1252 2419 1260 2435 ι
1278 2408 1364 2436 llosce
1391 2413 1485 2436 contra
1511 2408 1653 2435 hereticos
1677 2408 1814 2444 Origenes
1827 2417 1863 2436 cc-

1083 2453 1262 2481 clesiasticam
1280 2454 1357 2481 [idem
1372 2453 1526 2486 defendens,
1542 2452 1614 2480 omni
1630 2460 1734 2488 genere
1749 2455 1864 2488 incarpo-

1085 2506 1160 2526 reum
1169 2507 1229 2527 esse
1241 2498 1325 2527 Deum
1339 2504 1366 2526 et
1387 2499 1487 2526 idcirco
1499 2499 1581 2525 etiam
1605 2499 1773 2526 iuvisibilem
1790 2501 1863 2526 ratio-

1085 2544 1163 2572 nibus
1178 2545 1362 2572 conlirmarat.
1377 2543 1443 2571 Dein
1461 2549 1625 2578 promcaute
1635 2544 1725 2578 ipsum
1742 2545 1861 2579 quaestio-

1081 2590 1124 2617 nis
1137 2590 1242 2622 ordine,
1259 2590 1316 2618 haec
1330 2589 1466 2626 subjungit
1484 2590 1533 2618 lib.
1554 2597 1573 2623 ι,
1599 2597 1675 2616 num.
1691 2589 1722 2617 εί
1744 2599 1754 2615 ε
1773 2590 1860 2618 Verqu

1081 2636 1139 2663 ista
1159 2636 1321 2664 assertiones
1338 2637 1427 2663 minus
1445 2635 1561 2663 fortasse
1578 2635 1754 2663 auctoritatis
1773 2636 1862 2664 habere

1081 2681 1208 2709 videntur
1222 2682 1290 2718 apud
1303 2690 1359 2714 eos,
1375 2682 1421 2717 qui
1441 2689 1472 2709 ex
1490 2681 1591 2708 sanctis
1610 2680 1769 2716 Scripturis
1785 2682 1816 2710 de
1828 2690 1861 2710 re-

1080 2726 1130 2755 bus
1146 2728 1243 2756 divinis
1257 2728 1359 2756 institui
1376 2727 1515 2760 volunt,et
1530 2727 1591 2754 inde
1608 2727 1659 2754 sibi
1679 2729 1860 2764 probarique-

1117 2832 1173 2868 (58)
1190 2833 1254 2861 Vide
1265 2832 1355 2861 Rufini
1371 2831 1469 2860 Iurecl.
1500 2833 1526 2860 in
1545 2832 1707 2869 ilicronym.
