1908 3071
29 151 97 180 151⁵1

540 148 586 177 EX
604 148 637 176 G.
655 147 757 176 BULLl
777 147 851 175 DEI".
870 146 959 175 FlDEl
977 146 1138 174 NICENE.

1580 148 1649 176 l5l8

29 214 93 237 runt
125 207 265 243 quomodo
291 210 386 234 natura
412 206 459 234 Dei
474 206 658 242 supereminet
677 214 820 242 corporum
835 207 859 235 A
871 205 910 233 sia
924 204 1012 240 magni
1025 203 1153 236 nominis,
1169 207 1195 230 et
1213 202 1372 238 Hieronymi
1389 203 1472 238 ipsius
1484 204 1548 232 olim
1567 206 1649 240 magi-

33 259 173 282 naturam.
183 254 252 282 Vide
263 261 328 288 ergo
337 254 358 281 si
371 261 422 281 non
435 252 516 280 etiam
526 253 668 288 Apostolus
683 253 734 281 hoc
749 254 820 281 idem

32 300 80 331 ait,
92 307 156 327 cum
172 300 207 328 de
216 300 324 328 Christo
344 299 464 334 loquitur
480 299 572 327 dicens
587 308 593 326 :
613 299 665 332 Qui
684 304 721 326 est
735 300 820 334 imago

32 345 176 373 invisibilis
190 345 248 375 Dei.
260 346 449 380 primogenita:
477 345 560 372 omni:
578 349 706 372 creatura:
718 345 750 371 ⁸⁸.
763 345 820 372 Νοη

34 392 107 420 enim
123 391 166 427 (ut
179 391 289 427 quidam
305 391 410 427 putant)
433 391 513 419 alicui
526 391 653 424 visibilis,
665 396 692 419 et
709 391 769 419 aliis
782 392 822 418 in-

35 438 154 466 visibilis
166 447 174 466 :
194 438 256 473 quia
270 445 322 465 non
335 438 399 465 dicit
415 439 569 473 Apostolus,
582 438 668 473 imago
682 438 820 466 invisibilis

35 484 84 512 Dei
101 484 262 516 hominibus,
280 488 326 511 aut
337 484 474 511 invisibilis
484 484 675 518 peccatoribus,
686 484 732 511 sed
745 484 822 512 valde

37 534 198 558 constanter
224 530 378 566 pronuntiat
394 529 426 557 de
456 530 512 565 ipsa
530 535 626 557 natura
642 530 686 558 Dei
707 529 799 558 dicens
813 550 821 563 ,

36 576 125 611 imago
139 576 277 602 invisibilis
290 575 346 602 Dei.
373 575 425 603 Sed
445 580 472 603 et
485 574 604 604 Joannes
621 575 648 602 in
677 575 822 611 Evangelia

36 621 142 654 dicens,
157 620 240 648 Deum
258 629 332 648 nemo
348 621 412 648 uidit
424 628 539 655 unquam
553 620 575 636 “
589 642 597 654 ,
613 620 756 648 manifeste
775 621 823 648 de-

36 667 123 696 clarat
139 668 279 698 omnibus.
292 667 336 702 qui
350 667 501 702 intelligere
518 671 640 702 possunt,
662 668 725 702 quia
752 667 823 694 nulla

38 718 134 740 natura
148 718 203 745 est,
220 713 263 740 cui
279 713 390 740 visibilis
405 713 440 740 sit
454 713 523 740 Deus
539 722 546 739 :
564 720 616 740 non
630 712 706 747 quasi
722 713 766 748 qui
784 714 824 740 vi-

38 758 126 786 sibilis
141 758 177 786 sit
189 758 298 792 quidem
316 765 363 793 per
384 762 521 790 naturam,
535 764 563 784 et
576 758 649 785 velut
677 758 824 793 fragilioris

37 809 173 832 creatura:
189 803 287 831 evadat
303 808 461 838 aspectum;
478 803 525 831 sed
546 803 672 838 quoniam
691 803 824 831 naturali-

38 853 80 877 ter
92 849 181 876 videri
193 848 361 883 impossibile
370 853 422 876 est.
433 848 486 876 Sed
504 849 527 876 si
538 849 661 884 requiras
671 856 686 875 a
703 856 746 876 me
761 848 824 884 quid

869 249 930 283 stri)
946 255 1083 283 respuere,
1100 252 1147 274 aut
1158 256 1172 274 a
1189 248 1287 276 ltuiino
1306 247 1377 275 haud
1395 249 1464 276 bona
1479 249 1530 277 (ide
1546 250 1653 278 recitari

871 302 903 322 ac
921 293 1061 321 transferri
1083 293 1095 320 7
1113 292 1214 325 Credo,
1237 293 1301 328 quia
1318 300 1369 320 non
1395 298 1510 329 poterat.
1522 293 1653 322 Nimirum

871 339 1034 376 Hieronymo
1049 338 1170 367 solemne
1180 342 1241 366 erat
1256 338 1316 375 (pro
1325 347 1368 372 ea,
1383 347 1436 374 qua
1449 339 1577 374 pollebat,
1593 341 1653 367 rhe-

871 383 1001 411 toricandi
1016 382 1154 418 facultate)
1167 388 1336 418 argumenta.
1355 384 1453 418 quibus
1472 384 1654 418 premebatur,

871 429 914 457 vel
926 429 1031 457 silentio
1050 429 1127 464 plane
1153 429 1303 464 praeterire,
1324 429 1365 457 vel
1388 429 1459 464 jocis
1476 437 1508 457 ac
1535 430 1656 458 dicteriis

871 475 988 504 eludere.
999 475 1078 503 Certe
1093 475 1194 508 Rufini,
1205 480 1286 509 atque
1303 481 1365 503 ante
1378 475 1464 510 ipsqu
1483 475 1598 511 Didymi,
1612 483 1656 504 re-

872 521 1044 557 sponsionem
1071 521 1238 549 verissimam
1258 527 1319 548 esse
1341 521 1407 548 satis
1432 521 1551 548 indicant
1577 522 1657 549 verba

873 568 1017 604 Origenis,
1041 573 1120 603 prout
1139 567 1172 595 ab
1199 567 1257 602 ipso
1277 566 1439 603 Hieronymo
1462 567 1610 601 allegantur
1629 568 1657 595 in

872 614 950 649 epist.
968 613 1017 645 59‘,
1031 614 1063 641 ad
1080 614 1152 640 Avit.
1166 613 1210 640 Ait
1224 613 1322 648 quippe
1341 613 1481 647 Origenem
1504 614 1655 647 Scripsisse,

876 669 886 686 ‹
901 660 982 687 Deum
998 659 1107 686 Patrem
1124 667 1171 694 per
1179 664 1303 686 naturam
1316 659 1488 689 invisibilem.
1499 667 1512 685 a
1526 659 1593 687 Filio
1604 667 1657 687 non

873 705 975 739 videri;
1000 715 1009 732 ι
1029 710 1056 733 et
1072 713 1165 732 rursus
1181 713 1188 732 :
1203 714 1212 731 ε
1228 705 1257 732 Si
1276 706 1345 732 Deus
1356 705 1500 732 invisibilis
1517 713 1565 740 per
1578 711 1658 732 natu-

875 759 932 779 ram
948 757 1000 784 est,
1015 759 1100 786 neque
1115 752 1246 779 Salvatori
1271 751 1383 779 visibilis
1407 752 1468 780 erit.
1489 761 1498 778 ›
1518 752 1599 783 lliuc,
1620 753 1662 778 in-

875 805 968 832 quam.
986 805 1038 825 non
1054 798 1168 825 obscure
1182 797 1476 832 colligitur,0rigenetn
1487 797 1546 824 ideo
1563 797 1664 824 dixisse

877 843 982 871 Patrem
997 851 1012 870 a
1026 842 1095 870 Filio
1116 842 1200 870 videri
1228 850 1280 870 non
1298 850 1386 877 posse,
1403 850 1454 869 non
1481 843 1551 876 quod
1567 842 1663 875 Filius.

38 894 121 921 etiam
133 894 169 921 de
180 894 239 929 ipso
253 893 398 928 Unigenito
412 894 539 926 sentiam,
563 894 585 922 si
601 901 634 921 ne
650 893 700 928 ipsi
716 893 825 928 quidem
842 887 864 914 B
879 893 1006 924 tanquam
1018 888 1162 924 fragilioris
1173 893 1309 923 aspectus,
1322 896 1373 916 non
1394 888 1482 915 valeat
1498 887 1605 916 Patrem
1621 889 1664 916 vi-

38 939 176 967 visibiletn
192 940 281 967 dicant
296 939 343 967 Dei
361 943 496 971 naturam,
509 939 554 973 qui
579 938 738 966 naturaliter
754 938 824 966 invi-

39 985 128 1013 sibilis
147 991 211 1020 est;
241 993 292 1013 non
318 985 365 1012 tibi
389 986 480 1012 statim
506 985 548 1012 vel
576 985 685 1020 impitttn
705 985 827 1012 videatur

39 1039 100 1059 esse
131 1031 175 1059 vel
205 1031 372 1059 absurdum:
411 1032 543 1059 rationem
580 1032 678 1066 quippe
703 1030 827 1058 dabimus

41 1081 252 1112 consequenter.
270 1076 348 1104 Aliud
371 1077 480 1112 quidem
498 1081 541 1104 est
552 1077 652 1108 videre,
677 1076 749 1103 aliud
780 1083 829 1103 no-

42 1131 129 1152 scere.
141 1123 235 1151 Videri
247 1127 273 1150 et
291 1123 383 1150 videre
395 1130 555 1158 corporeum
572 1126 633 1150 est:
654 1122 727 1150 nosci
742 1126 768 1149 et
781 1129 829 1149 no-

44 1176 121 1197 scere
150 1168 342 1196 intellectualis
372 1172 476 1196 naturaa
513 1173 564 1196 est.
597 1167 731 1202 Quidquid
761 1175 826 1203 ergo

44 1215 185 1250 proprium
203 1221 347 1249 corporum
360 1218 412 1245 est,
429 1214 480 1241 hoc
495 1220 545 1241 nec
561 1213 594 1241 de
610 1212 701 1246 Patre,
722 1221 771 1241 nec
797 1214 830 1240 de

45 1260 114 1288 Filio
125 1261 298 1288 sentiendum
310 1264 360 1287 est.
374 1260 450 1293 Quod
460 1267 523 1287 vero
535 1260 568 1286 ad
582 1264 702 1287 naturam
715 1261 831 1295 pertinet

46 1305 170 1339 Deitatis,
187 1306 238 1333 hoc
254 1305 323 1333 inter
338 1305 445 1332 Patrem
457 1312 488 1332 ac
502 1304 600 1332 Filium
616 1309 731 1332 constat.
746 1304 826 1332 Deni-

47 1358 99 1386 que
115 1351 175 1386 ipse
197 1351 225 1378 in
243 1350 388 1386 Evangelio
411 1357 464 1377 non
486 1350 564 1383 dixit,
577 1350 639 1385 quia
660 1357 740 1377 nemo
766 1351 831 1377 vidit

47 1395 157 1424 Patrem
179 1396 232 1423 nisi
250 1395 344 1426 Filius.
360 1403 446 1430 neque
465 1395 562 1426 Filium
587 1397 639 1423 nisi
662 1396 745 1424 Pater
763 1405 769 1424 :
786 1397 832 1424 sed

48 1442 86 1469 ait
105 1451 113 1470 :
133 1441 219 1469 Nemo
241 1442 310 1468 novit
333 1439 432 1467 Filium
444 1441 494 1467 nisi
518 1439 608 1473 Pater,
627 1450 705 1476 neque
727 1440 832 1469 Patrem

47 1488 106 1522 quis
123 1489 193 1515 novit
208 1487 257 1514 nisi
275 1487 402 1514 Filius“.
417 1487 455 1515 Ex
468 1495 521 1523 quo
538 1488 677 1515 manifeste
691 1488 832 1522 indicatur,

46 1534 121 1568 quod
135 1533 266 1568 quidquid
280 1533 351 1560 inter
365 1540 510 1569 corporeas
525 1538 635 1561 naturas
653 1534 743 1561 videre
757 1538 784 1561 et
796 1534 834 1561 vi-

48 1564 108 1605 deri
130 1564 245 1612 dicitur,
261 1578 312 1605 hoc
338 1564 534 1606 inter'Patrem
555 1583 582 1606 et
605 1578 700 1606 Filium
724 1564 869 1607 noscerec

49 1624 151 1651 dicitur
166 1628 194 1651 et
211 1624 297 1657 nosci,
314 1632 362 1659 per
381 1625 505 1652 virtutem
521 1624 651 1657 scientiae,
665 1633 718 1652 non
737 1633 785 1660 per
798 1626 837 1653 vi-

49 1669 191 1698 sibilitatis
217 1669 400 1705 fragilitatem.
419 1670 487 1704 Quia
512 1678 576 1705 ergo
590 1671 623 1697 de
645 1678 774 1706 corporea
789 1679 836 1698 na—

51 1719 112 1742 tura
135 1720 163 1742 et
184 1716 331 1748 invisibili,
349 1724 399 1743 ttcc
427 1716 518 1744 videre
541 1717 651 1752 proprie
668 1717 766 1744 dicitur
789 1725 838 1745 nec

52 1762 160 1789 videri:
175 1761 276 1788 idcirco
290 1768 376 1796 neque
392 1761 472 1788 Pater
489 1769 503 1787 a
525 1761 602 1794 Filio,
624 1770 709 1797 neque
726 1762 808 1789 Filius
822 1770 837 1789 a

53 1804 136 1834 Patre
153 1806 238 1833 videri
251 1806 277 1833 in
296 1805 442 1840 Evangelio
453 1805 562 1840 dicitur,
579 1807 626 1834 sed
644 1807 729 1834 nosci.
748 1816 758 1833 ›
774 1807 839 1840 Quis

54 1860 116 1879 cum
138 1851 239 1879 Ruﬁno
254 1859 306 1878 non
324 1851 414 1878 statim
427 1857 565 1886 agnoscat,
582 1853 608 1879 in
622 1852 663 1881 h's
678 1854 767 1881 verbis
780 1854 840 1881 Ori-

54 1904 150 1932 genem
172 1897 206 1924 de
224 1896 426 1931 comparatione
444 1896 532 1924 Patris
541 1902 568 1924 et
581 1897 642 1924 Filii
656 1898 723 1926 nihil
739 1899 838 1932 dicere,

55 1943 104 1970 sed
119 1943 153 1970 dc
168 1942 227 1977 ipsa
245 1943 357 1970 Deitatis
373 1947 467 1970 natura
489 1950 620 1977 quaerere,
637 1952 647 1969 ί
664 1944 686 1971 si
710 1944 733 1971 ei
750 1950 839 1980 aptum

57 1987 111 2016 ullo
126 1995 227 2023 genere
236 1988 399 2016 visibilitatis
410 1988 570 2016 vocabulum
589 1989 723 2016 videretur
736 1990 748 2016 ?
759 2000 768 2016 ι
782 1990 840 2018 Νοη

57 2035 129 2062 enim
144 2039 235 2068 negat,
246 2034 299 2062 into
310 2034 378 2062 satis
391 2040 482 2070 aperte
496 2035 575 2062 docet
584 2034 723 2068 Origenes,
734 2035 840 2063 Patrem

59 2088 135 2116 atque
150 2088 166 2108 a
183 2080 252 2108 Filio
272 2080 390 2115 percipi,
403 2087 435 2108 ac
458 2079 555 2107 Filium
571 2087 586 2107 a
601 2079 689 2114 Patre,
708 2081 758 2108 hoc
782 2087 822 2109 est
834 2102 842 2115 ,

59 2126 259 2161 perfectissime
278 2136 285 2154 :
309 2126 334 2154 id
348 2131 452 2154 tantum
471 2126 539 2154 dicit
563 2126 675 2155 alterut-
699 2128 734 2155 ab
757 2127 843 2156 altero

59 2172 162 2207 percipi
177 2181 188 2198 ί
207 2178 261 2199 non
282 2179 331 2206 per
347 2172 511 2199 visibilitatis
527 2171 708 2207 fragilitatan,
726 2174 772 2201 sed
796 2182 844 2208 per

59 2216 180 2244 scientiae
199 2216 336 2244 virtutem.
351 2226 360 2242 ι
373 2217 444 2250 Quid
460 2224 523 2244 vero
535 2218 568 2244 ad
580 2218 638 2245 haec
649 2217 843 2254 Hieronymus?

58 2262 128 2291 'Audi
145 2270 173 2292 et
195 2264 296 2299 iudica.
319 2263 365 2291 Sic
379 2263 459 2299 igitur
483 2263 528 2291 ille
542 2264 654 2299 Apolog.
674 2264 734 2293 adu.
751 2264 841 2298 Rufin.

60 2308 108 2337 lib.
131 2318 162 2343 tt,
189 2318 216 2346 p.
237 2310 300 2342 401,
317 2317 392 2337 nova:
407 2310 472 2337 edit.
489 2319 497 2336 :
516 2319 526 2336 ι
544 2310 571 2337 ln
590 2311 759 2347 pritno‘libro
774 2311 844 2345 Περὶ

61 2355 173 2391 ἀρχῶν,
211 2357 307 2391 inquit,
344 2357 388 2384 ubi
414 2356 545 2391 Origenes
584 2357 674 2392 lingua
713 2358 844 2393 sacrilega

62 2402 270 2437 blaspltemavit,
286 2404 357 2439 quod
381 2403 465 2431 Filius
485 2403 594 2431 Patrem
622 2412 673 2431 non
692 2405 800 2438 videat,
817 2408 846 2431 tu

63 2450 146 2477 etiam
158 2458 257 2478 causas
271 2451 371 2483 reddis,
390 2451 466 2485 quasi
478 2459 512 2479 ex
525 2458 639 2486 persona
653 2451 708 2485 ejus
719 2451 765 2486 qui
778 2450 847 2478 scri-

65 2496 141 2530 psit:
159 2500 188 2523 et
212 2495 316 2531 Didymi
342 2497 529 2532 interpretaris
546 2496 699 2532 0131:0an
724 2504 778 2532 quo
803 2497 847 2525 ille

65 2549 145 2569 casso
162 2541 256 2569 labore
277 2546 390 2569 conatur
406 2542 523 2570 alienum
545 2550 665 2571 errorem
683 2543 846 2577 defendere;

67 2587 136 2621 quod
149 2587 279 2623 Origenes
290 2588 397 2622 quidem
411 2589 479 2617 bene
494 2589 602 2622 dixerit,
616 2590 663 2617 sed
681 2596 727 2617 los
742 2589 847 2624 simpli-

66 2641 111 2660 tes
134 2633 255 2661 homines
273 2638 300 2661 et
316 2634 422 2661 cicures
444 2635 568 2668 Enniani,
583 2643 633 2662 nec
653 2635 720 2662 illits
741 2635 849 2669 sapien-

67 2679 142 2711 tiam,
168 2687 218 2707 nec
241 2685 325 2713 tuam,
350 2680 395 2714 qui
417 2681 610 2716 interpretatus
633 2688 680 2712 es,
698 2680 848 2716 intelligere

67 2730 219 2757 possumus.
238 2735 248 2752 ι
271 2726 361 2759 Quare
379 2731 468 2754 autem
498 2735 551 2754 non
576 2727 742 2755 demonstrat
762 2727 847 2754 verba

67 2769 192 2804 Origenis
211 2771 315 2807 σχὸλιον
332 2771 402 2799 istud
423 2772 528 2807 Didymi
545 2773 605 2808 (viri
624 2781 690 2800 sane
707 2773 733 2800 in
750 2772 847 2800 Eccle-

52 2893 53 2900 γ
102 2862 125 2878 ⁸⁸
137 2863 271 2893 (Ζυιοεςά.
292 2864 333 2891 l5.
372 2865 394 2881 ⁶⁹
409 2863 486 2890 Jnan.
506 2863 583 2893 t.18.
624 2865 646 2879 τ’
660 2865 740 2894 Matth
771 2872 805 2892 tt.
830 2865 873 2893 Ξῖ,

880 935 952 968 dere,
970 935 1015 970 qui
1031 934 1130 969 alioqui
1155 942 1204 970 per
1229 939 1351 962 naturam
1374 941 1451 961 suain
1464 941 1479 960 a
1496 938 1666 968 competente

881 980 1006 1008 facultate
1017 980 1101 1007 videri
1119 980 1205 1015 possit
1217 988 1225 1013 ;
1240 980 1288 1007 sed
1297 979 1367 1015 quod
1379 980 1448 1008 Deus
1465 988 1512 1015 per
1524 988 1552 1007 se
1566 984 1593 1007 et
1608 981 1664 1015 ipsa

880 1030 977 1053 natura
1000 1033 1048 1053 sua
1064 1025 1207 1053 invisibilis
1221 1026 1267 1060 sit,
1286 1026 1337 1053 hoc
1351 1030 1391 1052 est
1412 1025 1597 1060 incorporeus,
1616 1033 1665 1054 ue-

882 1079 934 1106 que
948 1072 997 1099 sub
1019 1076 1157 1106 aspectum
1178 1071 1257 1098 cadat
1275 1080 1284 1099 :
1301 1079 1387 1106 eoque
1409 1079 1490 1098 sensu
1504 1070 1612 1098 Patrem
1639 1077 1668 1098 et

882 1118 979 1146 Filium
999 1118 1050 1146 sibi
1065 1118 1179 1156 invicem
1191 1118 1292 1153 pariter
1304 1117 1452 1145 invisibiles
1467 1117 1667 1152 pronuntiasse.

887 1163 921 1192 Ut
937 1165 1007 1198 quod
1031 1172 1074 1191 rcs
1098 1170 1148 1196 est,
1164 1164 1248 1192 libere
1259 1164 1345 1191 dicant
1359 1173 1366 1197 ;
1383 1164 1560 1199 Hieronymus
1576 1164 1601 1190 in
1617 1164 1669 1191 hac

889 1211 1012 1246 Origenis
1035 1211 1217 1244 accusatione,
1235 1211 1354 1238 attimttm
1369 1218 1384 1237 a
1407 1211 1523 1237 candore
1537 1210 1667 1243 aliettttm,

887 1263 967 1293 atque
977 1256 1260 1292 all‘ectibusvabreptutn
1271 1256 1306 1284 ita
1318 1255 1459 1283 manifeste
1467 1255 1594 1291 prodidit,
1602 1261 1630 1281 ιιι
1642 1255 1667 1282 ia

887 1304 991 1332 caeteris
1003 1303 1238 1331 criminationibus
1251 1302 1329 1330 fidem
1344 1303 1395 1330 sibi
1406 1309 1512 1329 omnem
1525 1301 1670 1336 derogasse

885 1351 1016 1378 videatur.
1046 1349 1121 1383 Quod
1134 1357 1161 1377 et
1184 1348 1263 1376 facile
1278 1353 1414 1383 agnoscet,
1432 1349 1554 1383 quisquis
1572 1348 1622 1375 hac
1634 1349 1668 1374 de

886 1405 926 1430 re,
942 1395 1088 1423 Invectivas
1100 1403 1161 1430 qua:
1174 1395 1309 1428 dicuntur,
1323 1395 1424 1428 Rufini,
1439 1402 1499 1422 cunt
1515 1394 1670 1429 Hieronymi

886 1443 1014 1470 adversus
1026 1442 1152 1468 llulinum
1162 1441 1289 1476 Apologia
1300 1439 1426 1468 conferre
1441 1448 1492 1468 non
1504 1439 1670 1474 gravabitur.

923 1487 937 1524 §
959 1487 1039 1515 XVll.
1057 1487 1157 1515 Deinde
1171 1487 1198 1514 in
1212 1487 1305 1514 eadem
1329 1486 1442 1522 epistola
1459 1486 1492 1513 ad
1509 1486 1619 1513 Avitum
1644 1490 1672 1512 et

887 1533 951 1561 illud
972 1533 1081 1569 Origeni
1105 1533 1200 1560 tribuit
1221 1531 1401 1568 Hieronymus
1424 1531 1535 1568 impium
1553 1539 1673 1567 pronun-

887 1581 980 1608 tiatutn
998 1589 1004 1608 :
1024 1589 1033 1605 ι
1054 1580 1153 1607 Filium
1165 1584 1352 1616 comparatum
1368 1578 1452 1611 Patri,
1465 1587 1517 1606 non
1533 1586 1592 1606 esse
1604 1577 1675 1605 veri-

887 1631 968 1653 tatem
982 1634 988 1658 ;
1004 1626 1050 1653 sed
1064 1631 1251 1660 comparatutu
1267 1625 1300 1652 ad
1327 1632 1376 1652 nos
1399 1631 1458 1652 esse
1488 1625 1673 1658 imaginariam

887 1672 1038 1698 veritatem.
1058 1680 1068 1698 ι
1086 1671 1140 1698 Alii
1158 1678 1191 1698 ex
1206 1671 1345 1698 veteribus
1361 1671 1524 1697 atrociorem
1542 1669 1672 1705 blasphe-

888 1718 968 1744 miam
984 1717 1033 1751 ipsi
1051 1717 1211 1752 impingunt,
1221 1723 1317 1751 nempe
1327 1725 1336 1742 ‹
1350 1715 1447 1743 Filium
1459 1715 1531 1742 Patri
1545 1715 1672 1743 collatqu

887 1770 947 1790 esse
962 1763 1143 1790 mendacium.
1169 1772 1177 1788 ι
1195 1761 1261 1795 Quis
1274 1769 1339 1789 vero
1356 1769 1439 1789 sanus
1454 1762 1603 1793 existimet,
1613 1760 1675 1788 Ori-

888 1816 982 1844 genent
994 1809 1030 1836 ita
1042 1809 1171 1836 delirasse
1181 1807 1280 1836 lCerte
1291 1807 1346 1842 jam
1363 1807 1488 1842 superius
1506 1807 1675 1835 ostendimus

889 1855 1106 1890 0rigenem,tum
1118 1854 1228 1881 inlibris
1238 1859 1328 1881 contra
1345 1853 1461 1886 Celsum,
1474 1859 1529 1881 tum
1544 1853 1607 1880 alibi
1627 1854 1676 1879 dn-

889 1901 977 1927 cuisse
1000 1899 1090 1927 verbis
1112 1899 1241 1930 disertis,
1263 1898 1363 1926 Filium
1390 1899 1436 1926 Dei
1460 1906 1523 1926 esse
1545 1898 1677 1933 αὐτοαλῆ-

891 1946 965 1973 θειαν
979 1954 989 1972 t
1015 1945 1178 1980 ipsissitnam
1199 1946 1352 1972 veritatem.
1369 1954 1379 1970 ι
1400 1944 1453 1972 Sed
1478 1945 1620 1979 responsio
1643 1945 1676 1971 ad

891 1993 963 2021 hanc
977 1991 1156 2026 objectionem
1166 1991 1273 2019 elucere
1284 1991 1391 2018 videtur
1402 1998 1435 2017 ex
1445 1991 1502 2025 ipsa
1513 1990 1676 2025 obiectione.

892 2044 971 2074 prout
983 2037 1076 2065 Grece
1091 2036 1251 2072 proponitur
1272 2042 1407 2070 anonymo
1428 2035 1572 2062 defensore
1584 2034 1678 2069 Orige-

893 2085 936 2113 nis
949 2085 1020 2120 apud
1032 2083 1163 2118 ,Pltotium
1181 2081 1240 2110 cod.
1255 2088 1336 2109 cxvn.
1351 2081 1375 2108 Is
1388 2080 1485 2108 ibidem
1507 2081 1578 2108 inter
1588 2081 1678 2116 capita

894 2132 920 2159 in
941 2131 1057 2166 Origene
1077 2128 1237 2164 reprehendi
1263 2128 1353 2158 solita,
1370 2131 1535 2162 postretuum
1552 2126 1616 2154 illttd
1632 2134 1680 2161 po-

894 2178 934 2204 nit
946 2186 953 2204 :
973 2177 1057 2212 Ὀτιὴ
1073 2175 1153 2203 εἰκὼν
1167 2175 1213 2202 τοῦ
1222 2175 1301 2204 Θεοῦ,
1314 2175 1352 2206 ὡς
1368 2174 1437 2210 πρὸς
1450 2174 1552 2200 ὲκετνον
1564 2170 1596 2200 οὗ
1605 2173 1680 2199 ἐστιν

859 2232 880 2259 D
894 2220 1074 2252 εξκὼν,καθ’ὂ
1085 2219 1234 2250 εὶκὼν.οὺκ
1249 2219 1321 2246 ἐστιν
1337 2218 1462 2254 ἀλήθεια,
1485 2219 1509 2245 id
1522 2223 1564 2245 est
1581 2226 1590 2242 ι
1608 2218 1679 2244 Inta-

894 2267 982 2302 ginem
1000 2267 1045 2294 Dei
1063 2272 1186 2302 respectu
1201 2266 1268 2301 ejus,
1284 2266 1360 2299 cuius
1374 2272 1415 2292 est
1430 2266 1532 2299 imago;
1546 2270 1680 2303 quatenus

894 2316 936 2338 est
950 2311 1050 2346 imago,
1068 2320 1120 2338 non
1146 2318 1206 2338 esse
1222 2311 1373 2338 veritatem.
1392 2319 1400 2334 ι
1417 2309 1481 2342 Quae
1494 2308 1642 2344 propositio
1656 2309 1679 2335 si

896 2358 1073 2392 expendatur,
1091 2366 1156 2385 sana
1180 2358 1314 2385 videbitur
1331 2361 1358 2384 et
1380 2355 1526 2383 catholica.
1544 2354 1611 2382 Nam
1635 2353 1681 2381 Fi-

897 2403 979 2435 litun,
1002 2407 1137 2438 quatenus
1158 2408 1200 2430 est
1220 2404 1309 2437 imago
1328 2402 1433 2434 Patris,
1454 2409 1506 2428 non
1533 2408 1593 2427 esse
1610 2400 1680 2427 veri-

900 2452 992 2480 tatem,
1019 2448 1071 2475 lioc
1087 2454 1140 2480 est,
1156 2455 1208 2475 non
1226 2449 1313 2484 ipsum
1333 2455 1394 2475 esse
1409 2447 1532 2478 Patrem,
1549 2447 1626 2480 cujus
1640 2450 1682 2473 est

899 2495 1000 2530 imago,
1015 2493 1197 2522 certissimum
1214 2499 1265 2522 cst.
1275 2495 1385 2523 Scilicet
1400 2495 1449 2521 boc
1461 2493 1494 2519 ab
1511 2491 1626 2526 Origene
1640 2492 1682 2518 di-

900 2546 973 2569 ctum
986 2541 1092 2568 videtur
1118 2545 1213 2568 contra
1239 2539 1397 2574 Noetiattos,
1415 2539 1460 2575 qui
1477 2539 1599 2567 eamdem
1621 2545 1682 2565 esse

899 2586 988 2615 Patris
1002 2592 1029 2614 et
1043 2586 1104 2614 Filii
1120 2593 1266 2622 personam
1290 2588 1458 2615 asserebant.
1477 2585 1611 2612 Caeterum
1639 2583 1681 2610 Fi-

900 2633 966 2661 lium
980 2634 1024 2661 Dei
1038 2641 1099 2661 esse
1109 2632 1198 2660 Patris
1208 2633 1249 2659 sui
1266 2633 1466 2665 veram,vivam
1476 2638 1507 2658 ac
1521 2629 1676 2666 perfectissi»

902 2688 973 2708 mam
989 2679 1143 2713 imaginem.
1161 2679 1211 2714 ipsi
1224 2678 1295 2705 Patri
1311 2685 1358 2712 per
1373 2677 1566 2710 omnia,etiam
1581 2676 1680 2712 magni-

902 2727 993 2755 tudine
1009 2727 1225 2762 respondentem,
1243 2725 1345 2752 diserte
1357 2724 1438 2752 docet
1449 2724 1580 2760 Origenes
1590 2724 1636 2751 lib.
1645 2730 1680 2756 vt.

902 2779 992 2801 contra
1007 2774 1073 2801 Cels.
1085 2781 1164 2808 quem
1177 2773 1263 2801 locum
1281 2772 1349 2799 infra
1366 2771 1498 2806 integrum
1512 2771 1673 2798 adducemus
