1908 3071
235 170 302 199 1519

269 227 386 267 ςκνιιι.
409 224 528 258 Denique
547 226 573 250 et
594 221 666 248 hanc
686 217 793 253 Origeni
816 215 1010 251 blasphemiam
1035 218 1060 245 Α

234 260 345 305 ascribit
363 274 390 300 iu
412 269 524 305 epistola
543 268 575 295 ad
593 267 706 294 Avitum
725 263 803 290 Pater
815 260 999 290 Stridonensis
1014 267 1022 285 :

237 334 247 350 ι
269 324 350 350 Deum
380 318 488 346 Patrem
517 322 578 342 esse
603 313 696 340 lumett
723 306 1024 343 incomprehensibile;

237 368 377 396 Christum
400 362 544 390 collatione
572 358 662 386 Patris
685 355 859 390 splendorem
885 360 946 381 esse
963 360 1025 388 per-

234 420 360 449 parvum.
380 420 389 436 ι
403 408 483 443 Atqui
499 406 606 434 Patrem
625 409 651 431 et
665 402 765 430 Filium
783 401 887 436 pariter
910 406 972 428 esse
986 398 1027 425 in—

236 455 495 494 tomprehensibiles
511 453 539 480 in
557 452 634 479 libris
653 453 750 476 contra
769 447 874 474 Celsum
901 453 956 473 non
975 451 1028 470 uno

238 506 264 533 itt
289 504 347 531 loco
368 502 468 529 diserte
487 498 612 526 docuisse
632 495 780 529 Origenem
796 499 878 527 supra
899 490 1027 518 vidimus.

237 550 353 578 Videtur
364 552 453 574 autent
468 546 525 572 haec
535 542 688 571 criminatio
699 548 731 567 ex
749 539 782 566 iis
797 538 863 565 locis
877 537 973 571 petita,
985 535 1029 562 ubi

239 596 305 623 dicit
318 594 458 628 Origenes,
475 601 484 616 ‹
504 590 531 617 lti
545 589 627 616 Patre
642 587 727 615 nullas
740 592 801 613 esse
818 584 966 616 tenebras;
986 581 1031 608 Fi-

240 643 305 669 liunt
319 648 384 667 vero
403 639 428 665 iit
448 637 567 665 tenebris
580 635 680 662 lucere.
697 643 706 659 ι
722 632 775 659 Sed
789 635 906 658 mentem
928 636 960 657 ac
971 635 1033 656 Sen-

240 687 352 715 tentiam
367 692 442 712 suant
461 683 494 710 iis
507 684 533 710 in
550 681 618 709 locis
639 680 712 708 clare
734 677 881 713 explicavit
897 677 956 710 ipse
970 674 1033 702 Ori-

241 740 323 768 genes
336 738 401 759 tom.
417 738 436 757 ll
452 729 478 756 in
488 728 582 760 leam,
594 734 668 754 nunt.
680 725 726 756 21,
736 732 797 759 pag.
812 723 858 755 79,
872 723 914 749 bis
926 722 1031 748 verbis:

240 765 342 814 Μηδεὶς
352 778 380 803 δὲ
393 776 465 812 ἡμᾶς
480 772 693 809 ὑπολαμὸανέτω
705 769 790 796 ταῦτα.
806 768 893 802 λέγειν
906 765 1034 794 ἀσεϐοῦν-

236 811 290 856 ητιξ
303 825 342 855 εἰς
353 811 530 856 τδνγΧριστὺν
544 818 590 846 τοῦ
612 817 690 845 Θεοῦ*
707 813 729 850 ᾧ
748 815 803 850 γὰρ
824 814 895 849 λόγῳ
912 814 926 840 ὁ
940 811 1035 847 Πατὴρ

238 872 323 908 ,μόνης
339 871 394 906 ἔχει
412 867 570 899 ἀθανασίαν,
588 865 635 893 τοῦ
657 864 760 900 Κυρίου
779 862 857 898 ἡμῶν
874 861 919 888 διὰ
943 860 1034 894 φιλαν-

243 905 365 954 δρωπίαέι
380 916 492 942 Θάνατον
503 913 548 940 τὸν
567 912 637 948 ὑπὲρ
647 911 726 947 ἡμῶν
742 907 917 943 ἀνειληφότας
927 914 933 920 ·
945 905 1034 940 τούτῳ

238 952 365 998 ¹(ιι-Πατὴρ
391 962 447 997 ἔχει
472 960 551 995 μόνος
566 958 614 985 τό·
628 956 727 984 Σκοτίσ.
749 955 777 981 ὲν
791 953 865 988 αὐτῷ
884 953 934 979 οὐκ
961 952 1034 978 ἐστιν

238 1009 366 1045 οὐδεμία·
378 1007 424 1034 τοῦ
433 1004 552 1042 Χριστοῦ
564 1005 607 1031 διὰ
616 1003 665 1039 τὴν
675 1001 743 1038 πρὸς
756 999 916 1036 ἀνθρώπους
926 998 1036 1033 εὐεργε-

245 1043 366 1090 σίαν-ἐφ’
381 1054 462 1081 αὐτὸν
472 1052 521 1084 τὰς
536 1050 614 1087 ἡμῶν
632 1048 741 1079 σκοτίας
757 1044 970 1080 ἀναδεδεγμένου
984 1052 990 1059 ·
1006 1043 1033 1070 id

244 1108 309 1132 est:
327 1111 337 1128 ι
361 1100 416 1129 Nec
429 1106 494 1127 vero
514 1097 669 1132 suspicetur
683 1102 734 1122 nos
752 1093 893 1128 quisquam
913 1091 970 1118 haec
992 1090 1035 1116 di-

246 1156 310 1177 cere
333 1148 424 1175 minus
447 1145 489 1182 pie
504 1144 642 1172 Cltristum
670 1141 715 1169 Dei
738 1139 870 1167 colentes.
890 1137 957 1165 Nam
983 1143 1034 1171 qua

247 1196 352 1223 ratione
370 1193 444 1222 solus
461 1191 541 1218 Pater
555 1190 638 1217 habet
653 1186 895 1216 immortalitateml
905 1183 967 1219 quia
985 1183 1036 1210 Do-

247 1243 337 1270 minus
349 1245 439 1268 noster
455 1243 578 1266 nostrum
601 1235 711 1263 nomine
735 1238 849 1260 mortem
863 1230 897 1257 ob
913 1236 1035 1256 amorem

245 1297 311 1324 erga
332 1294 416 1323 genus
436 1285 584 1312 humanum
609 1279 773 1317 pertulerit,
792 1278 843 1305 ltac
860 1276 940 1304 Pater
963 1274 1038 1302 solus

248 1321 381 1366 habet,ut
393 1333 420 1359 in
434 1332 492 1366 ipso
512 1329 593 1357 nulla:
608 1328 663 1356 sint
675 1325 808 1358 tenebrae;
825 1331 885 1351 cum
903 1321 1037 1352 Christus,

248 1385 279 1407 ut
302 1379 426 1407 homines
449 1375 581 1404 beneﬁcio
601 1373 730 1406 alliceret,
748 1370 874 1399 tenebras
891 1373 998 1396 nostras
1011 1366 1038 1393 iu

249 1426 368 1460 seipsum
380 1423 523 1459 receperit.
538 1432 548 1449 ι

288 1458 302 1506 ᾖ
321 1470 392 1498 XIX.
405 1470 442 1496 Ita
466 1469 574 1496 tandem
596 1465 747 1493 doctrinam
771 1463 902 1490 librorum
916 1458 1040 1495 Origenis

250 1524 342 1545 contra
367 1517 470 1544 Celsum
483 1534 491 1547 ,
509 1515 536 1542 in
552 1513 667 1541 articulo
689 1512 722 1538 de
743 1509 812 1537 Filio
832 1508 889 1541 Dei,
912 1506 1041 1534 orthodo-

251 1573 314 1594 xam
335 1569 362 1591 et
388 1562 547 1590 catholicam
572 1560 644 1588 clare
666 1557 836 1585 ostendimus
855 1562 862 1580 :
897 1552 1077 1596 impiisquec

252 1611 320 1639 adeo
341 1610 430 1642 dictis,
450 1615 510 1644 quae
526 1607 704 1640 Hieronymus
716 1607 743 1630 et
758 1601 803 1629 alii
818 1599 924 1636 egregio
939 1597 1041 1624 doctori

253 1655 445 1684 attribuerunt,
461 1643 627 1679 asset-tiones
638 1649 718 1684 plane
731 1646 892 1675 contrarias,
901 1651 934 1670 es
948 1643 1042 1670 eodem

251 1707 335 1735 opere
357 1697 507 1726 indubitato
527 1695 691 1731 productas,
705 1692 887 1728 opposuimus.
902 1688 952 1722 Qui
978 1694 1043 1714 vero

255 1746 409 1775 testimonia
427 1745 471 1772 illa
491 1743 643 1775 catholica,
659 1749 721 1776 qua:
749 1741 774 1767 in
793 1737 897 1766 caeteris
921 1733 1044 1768 Origenis

255 1793 365 1828 scriptis
378 1792 560 1827 reperiuntur,
583 1789 657 1824 cupit
670 1792 843 1822 cognoscere,
861 1782 985 1811 consulat
1001 1780 1044 1807 ille

255 1825 389 1874 Pamphili
411 1825 544 1872 martyris
563 1834 719 1868 Apologiam
742 1839 788 1866 pro
814 1829 925 1864 Origene
940 1834 999 1861 cap.
1016 1825 1043 1855 3,

258 1873 331 1922 pag,
342 1885 390 1917 9-7,
405 1892 486 1919 quant
503 1889 566 1909 vere
580 1878 711 1914 Pamphili
727 1884 786 1904 esse
807 1879 901 1902 contra
913 1873 1046 1905 Hierony-

262 1917 338 1960 ilttim
357 1917 424 1958 mos
434 1929 536 1963 liquido
550 1926 734 1962 probabimus.
753 1922 836 1950 Nobis
854 1921 911 1947 loca
924 1917 1046 1953 qnmdam

257 1977 402 2007 selectiora
419 1984 453 2004 ex
464 1961 514 2002 illa
526 1961 653 2008 Apologia
670 1971 713 1997 hic
727 1969 858 1996 recitasse
871 1963 995 1992 stilliciat.
1009 1961 1046 1989 Ex

257 2025 347 2060 primo
371 2023 440 2050 libro
465 2020 534 2055 Περὶ
558 2017 682 2053 ἀρχῶν,
700 2023 773 2043 num.
795 2014 829 2044 5,
845 2013 902 2039 haec
924 2008 1048 2044 Origenis

259 2057 343 2096 herba
368 2067 435 2095 citat
455 2064 634 2100 Pamphilus:
653 2071 662 2088 ‹
682 2060 759 2088 Nulla
777 2065 842 2092 ergo
864 2061 961 2084 natura
987 2057 1047 2085 est,

258 2122 321 2150 quae
339 2120 392 2141 non
415 2111 532 2146 recipiat
553 2109 664 2140 malum,
678 2111 792 2141 excepta
808 2102 853 2130 Dei
871 2105 977 2132 natura,
989 2105 1049 2134 qum

260 2161 323 2188 fons
337 2160 468 2186 bonorum
478 2145 600 2184 omnium
611 2159 664 2186 est,
675 2158 703 2181 et
719 2150 819 2180 Cltristi
836 2148 967 2184 sapientia
977 2145 1049 2174 enim

262 2210 316 2237 est,
332 2209 358 2232 et
371 2203 505 2239 sapientia
520 2202 613 2236 utique
624 2198 767 2227 stultitiam
787 2196 907 2230 recipere
929 2200 982 2220 non
1002 2198 1050 2227 po-

263 2255 328 2279 test.
344 2251 378 2278 Et
395 2249 497 2284 iustitia
515 2252 577 2281 est;
592 2246 700 2281 justitia
721 2249 812 2272 autem
835 2246 972 2275 nunquam
988 2245 1051 2273 pro-

262 2298 335 2325 fecto
362 2283 521 2331 iniustitiam
549 2293 652 2329 capiet.
672 2292 705 2319 Et
722 2290 833 2318 verbum
849 2293 891 2315 est
910 2285 954 2313 vel
973 2283 1051 2314 ratio,

262 2351 325 2380 qua:
341 2328 433 2376 utique
448 2339 642 2367 irrationabilis
654 2336 723 2366 elI‘tci
739 2343 792 2363 non
803 2333 887 2361 valet.
898 2331 951 2359 Sed
963 2334 992 2357 et
1007 2328 1052 2355 lux

263 2396 318 2423 est,
333 2395 362 2418 et
381 2392 467 2416 lucem
487 2392 591 2415 certum
613 2391 655 2414 est
678 2383 750 2419 quod
770 2380 889 2409 tenebrat
909 2384 962 2404 non
978 2382 1054 2402 com-

265 2421 444 2472 prehendant.
474 2432 606 2460 Similiter
632 2435 723 2458 autem
750 2432 778 2455 et
808 2430 905 2452 natura
933 2421 1053 2456 Spiritus

265 2481 365 2513 sancti,
385 2488 446 2515 quae
470 2483 564 2507 sancta
585 2482 645 2509 est,
670 2483 723 2503 non
745 2471 841 2507 recipit
863 2468 1051 2505 pollutionem.

268 2527 432 2555 Natat-aliter
447 2525 519 2554 enim
536 2523 578 2551 vel
603 2518 819 2549 substantialiter
836 2519 932 2543 sancta
954 2516 1006 2539 est.
1025 2509 1055 2537 Si

267 2582 320 2609 qua
353 2578 442 2600 autent
470 2571 523 2598 alia
545 2573 640 2597 natura
673 2570 767 2594 sancta
799 2567 857 2593 est,
885 2568 918 2589 ex
951 2564 1056 2585 assum-

270 2619 361 2654 ptione
387 2619 459 2650 hoc,
488 2616 530 2644 vel
558 2614 733 2650 inspiratione
754 2609 870 2644 Spiritus
894 2605 979 2634 sancti
1007 2604 1057 2631 lia-

270 2665 317 2693 bet
340 2669 369 2691 ut
390 2662 587 2692 sanctiﬁcetur,
606 2667 658 2687 non
679 2665 713 2685 ex
741 2663 788 2682 sua
807 2658 902 2681 ttatura
920 2652 970 2678 hoc
995 2655 1057 2683 pos-

271 2712 374 2743 sidens,
398 2710 445 2737 sed
459 2708 584 2736 accidens
602 2714 610 2732 :
624 2709 735 2740 propter
747 2701 817 2737 quod
830 2705 859 2727 et
876 2697 999 2726 decidere
1011 2703 1058 2729 po-

271 2761 325 2783 test
338 2756 409 2791 quod
418 2754 525 2782 accidit.
546 2762 557 2778 ι
577 2751 626 2778 Hic
642 2750 773 2783 Origenes
789 2747 888 2774 diserte
900 2745 977 2771 docet
988 2741 1057 2767 ἁνα-

274 2785 408 2836 μάρτῆσιν
434 2800 491 2827 sive
513 2798 544 2824 ιτδ
571 2797 671 2826 malum
701 2801 753 2821 non
779 2799 859 2827 posse
879 2790 1017 2823 recipcrc,
1033 2785 1060 2811 itt

309 2847 330 2862 '“
347 2847 356 2873 ι
373 2846 450 2874 Joan.
469 2853 514 2877 tv,
537 2844 570 2876 8,
588 2843 631 2871 16.
668 2843 691 2858 ⁷⁵
705 2842 768 2869 ibid.
787 2840 832 2867 47.

310 2893 365 2928 (⁵59)
382 2894 419 2920 Ex
432 2892 518 2921 libmt
532 2891 601 2925 Περὶ
612 2889 721 2925 ἀρχῶν,
735 2896 793 2923 cap.
806 2888 832 2919 3,
846 2893 920 2914 nunt.
932 2883 959 2910 4.

939 152 1121 181 EXCERPTU
1127 150 1151 178 Il

1073 213 1157 241 solam
1174 211 1222 239 Dei
1237 214 1361 238 naturam
1375 211 1544 240 competere;
1560 209 1585 232 et
1601 203 1682 231 simul
1699 209 1753 229 non
1770 201 1864 228 minus

1790 140 1863 167 1320

1074 265 1202 293 expresse
1225 255 1300 288 dicit,
1315 261 1400 289 neque
1418 252 1527 283 Filium,
1548 256 1636 284 neque
1651 247 1785 282 Spiritum
1800 253 1867 272 san-

1075 310 1148 331 cttnn
1162 310 1240 338 posse
1256 302 1356 329 tnalunt
1378 299 1498 333 recipere
1512 307 1520 325 :
1535 297 1648 324 omnino
1662 295 1747 330 igitur
1773 293 1866 321 sensit

1076 350 1205 384 Origenes
1225 353 1251 375 et
1272 347 1368 374 Filium
1391 350 1418 372 et
1431 340 1560 378 Spiritum
1577 346 1700 368 sanctum
1721 339 1749 366 in
1764 344 1868 365 natura

1078 397 1166 423 divina
1194 394 1350 421 subsistere.
1367 391 1444 426 Quod
1458 397 1506 417 eos
1518 393 1611 416 notare
1629 385 1725 417 velim,
1740 384 1789 419 qui
1804 384 1869 409 (Iri-

1079 449 1172 477 genem
1187 440 1347 467 existimant
1374 438 1469 465 saltent
1498 435 1629 469 Spiritum
1650 436 1774 460 sanetum
1796 430 1870 457 inter

1080 492 1217 515 creaturas
1232 492 1397 512 numerasse.
1410 483 1464 511 Sed
1478 487 1505 509 et
1517 488 1577 508 mox
1592 480 1690 507 ibidem
1708 478 1794 504 totius
1806 483 1870 503 san-

1080 534 1207 561 ctissima:
1217 531 1329 568 Τριάδος
1341 527 1620 557 incunvertibihtatem
1635 529 1716 558 atque
1729 521 1870 549 aeternita-

1081 584 1135 606 tem
1145 579 1218 604 clare
1234 566 1356 611 agnoscit
1367 575 1408 602 Itis
1424 573 1513 601 verbis
1525 571 1580 608 (59)
1595 579 1623 598 ε(
1635 570 1662 597 Si
1672 569 1813 596 revelante
1827 566 1871 593 Fi-

1082 625 1117 652 lio
1131 623 1269 658 cognoscit
1283 621 1389 648 Patrem
1400 619 1517 654 Spiritus
1532 620 1730 648 sanetus,ergo
1744 620 1780 639 ex
1795 612 1871 646 igno-

1083 671 1173 699 rantia
1190 669 1222 697 ad
1243 667 1382 695 scientiam
1399 665 1471 692 venit
1489 662 1578 697 :quod
1595 661 1689 694 utique
1709 664 1738 686 et
1757 658 1870 691 impium

1083 717 1185 753 pariter
1202 718 1230 742 et
1253 714 1363 741 stultum
1379 717 1432 743 est,
1450 709 1578 744 Spiritum
1596 712 1720 734 sanctunt
1736 704 1869 733 conﬁteri,

1084 769 1111 790 et
1139 761 1317 797 ignorantiam
1335 758 1359 785 ei
1380 756 1525 784 ascribere.
1542 753 1599 780 Non
1621 753 1695 779 enini
1715 758 1780 777 cum
1803 749 1871 775 aliud

1085 794 1186 841 aliquid
1201 810 1274 832 esset
1292 808 1437 837 antequam
1453 799 1570 834 Spiritus
1582 802 1703 828 sanctus,
1718 802 1768 830 per
1784 794 1872 828 profc-

1086 858 1160 881 ctuut
1185 851 1261 878 venit
1281 850 1307 877 in
1336 849 1399 880 hoc,
1415 851 1442 873 tit
1466 851 1537 873 esset
1561 844 1681 877 Spiritus
1697 846 1830 871 sanctus;
1849 845 1874 866 ut

1086 901 1148 934 quis
1158 898 1258 925 audeat
1270 897 1361 923 dicere
1381 894 1444 929 quia
1467 898 1532 920 tunc
1547 891 1656 926 quidem
1668 896 1732 916 cum
1752 888 1874 914 nondum

1087 951 1158 972 esset
1184 943 1303 978 Spiritus
1330 945 1448 971 sanctus,
1461 937 1603 973 ignorabat
1629 936 1765 962 Patrem:
1784 937 1875 967 postca

1087 999 1152 1019 vero
1163 997 1243 1025 quain
1263 987 1363 1021 recepit
1374 983 1618 1017 scientiain,etiam
1634 981 1755 1016 Spiritus
1766 983 1878 1005 sanctus

1088 1035 1199 1063 elTectus
1211 1038 1266 1061 est.
1284 1030 1360 1065 Quod
1374 1029 1398 1057 si
1418 1033 1501 1060 esset,
1515 1034 1652 1061 nunquam
1668 1024 1764 1058 utique
1778 1022 1805 1048 in
1821 1021 1878 1047 uni-

1090 1086 1145 1108 tate
1161 1078 1316 1109 Trinitatis,
1333 1077 1358 1102 itt
1375 1080 1416 1102 est
1437 1073 1485 1101 Dei
1503 1072 1592 1100 Patris
1611 1067 1843 1099 inconvertibilis,
1855 1070 1880 1093 et

1088 1127 1149 1154 Filii
1160 1125 1217 1159 ejus
1234 1123 1314 1151 etiattt
1328 1122 1383 1156 ipse
1397 1119 1513 1154 Spiritus
1527 1121 1638 1144 sanctus
1654 1115 1819 1143 haberetur,
1831 1111 1879 1138 nisi

1089 1173 1151 1208 quia
1167 1177 1193 1198 et
1209 1171 1269 1205 ipse
1285 1175 1391 1203 semper
1403 1170 1462 1193 erat
1482 1164 1601 1199 Spiritus
1614 1165 1738 1189 sanctus.
1754 1168 1764 1184 I
1783 1157 1821 1184 De
1837 1157 1879 1183 Fi-

1090 1201 1125 1246 lio
1138 1225 1200 1244 vero
1213 1201 1261 1243 Dei
1277 1215 1316 1242 sic
1329 1201 1421 1241 scribit
1435 1211 1566 1244 Origenes
1583 1209 1609 1235 in
1626 1207 1716 1242 primo
1734 1204 1808 1231 libro
1821 1201 1879 1235 Epi-

1090 1265 1165 1292 ston
1187 1265 1220 1290 ad
1249 1262 1394 1293 Romanos,
1418 1266 1493 1286 num.
1520 1257 1547 1289 5,
1572 1263 1599 1290 p.
1614 1254 1679 1285 466,
1699 1250 1879 1283 not.,citantc

1091 1309 1230 1344 Pamphilo
1263 1306 1372 1342 Apolog.
1398 1312 1458 1338 cap.
1475 1303 1501 1336 5,
1522 1309 1584 1337 pag.
1603 1300 1657 1328 55:
1674 1308 1684 1324 ι
1702 1297 1818 1331 Quaerat
1833 1295 1879 1322 for-

1093 1362 1163 1384 tasse
1179 1354 1289 1389 aliquis,
1303 1353 1325 1380 si
1342 1352 1424 1379 Filius
1441 1348 1561 1377 charitas
1583 1351 1646 1377 est;
1662 1344 1807 1380 praecipue
1825 1348 1878 1376 pro-

1092 1409 1152 1439 pter
1166 1402 1217 1429 hoc
1229 1400 1303 1436 quod
1315 1398 1432 1425 Joannes
1444 1396 1475 1422 ad
1489 1395 1571 1422 Deum
1585 1393 1692 1420 Patrem
1708 1389 1807 1417 retulit
1820 1389 1881 1414 hanc

1092 1454 1185 1474 vocem
1200 1446 1308 1476 dicens,
1324 1443 1390 1477 Quia
1407 1441 1477 1468 Deus
1491 1439 1605 1466 cItaritas
1618 1435 1767 1463 ut“.Sed
1785 1440 1879 1460 rursum

1093 1501 1126 1521 ex
1148 1494 1204 1527 ipsa
1213 1492 1276 1527 ejus
1300 1489 1419 1525 Epistola
1437 1487 1605 1522 proferemus
1621 1488 1648 1510 et
1667 1481 1739 1508 illud
1753 1480 1827 1514 quod
1843 1479 1879 1506 ait.

1094 1526 1421 1572 Charirsinti,‘diligamus
1443 1533 1563 1563 invicem,
1575 1529 1702 1564 quoniam
1720 1526 1841 1553 Charitas
1857 1532 1880 1550 α

1094 1586 1147 1614 Deo
1161 1587 1194 1612 ".
1212 1584 1266 1618 Qui
1279 1590 1343 1618 ergo
1357 1581 1436 1612 dixit,
1453 1578 1517 1613 quia
1534 1577 1600 1604 Deut
1622 1575 1744 1601 cltart'uu
1765 1577 1822 1602 est,
1836 1572 1881 1604 ipse

1093 1634 1190 1661 iterum
1205 1632 1253 1658 doc
1260 1635 1285 1663 et
1302 1628 1462 1656 charitatem
1478 1631 1539 1651 esse
1558 1630 1591 1650 ex
1604 1621 1660 1649 Deo
1675 1628 1683 1646 :
1704 1626 1792 1654 quam
1805 1616 1881 1644 chari-

1095 1683 1177 1706 tatem
1190 1676 1275 1704 cred-0
1287 1682 1339 1702 non
1357 1680 1417 1701 esse
1428 1671 1509 1698 alium
1525 1669 1576 1696 nisi
1598 1666 1773 1702 unigenitum
1797 1663 1879 1691 Filium

1095 1724 1152 1759 ejus
1171 1723 1240 1750 sicut
1255 1720 1340 1748 Deum
1355 1725 1388 1745 ex
1408 1717 1471 1748 Deo,
1488 1715 1524 1743 ita
1535 1713 1697 1741 cltaritatem
1711 1717 1745 1736 ex
1760 1708 1879 1736 eharitate

1097 1752 1280 1805 progenitum.
1310 1775 1319 1791 ι
1342 1763 1443 1791 Deinde
1468 1768 1502 1788 ex
1523 1759 1569 1786 lib.
1591 1766 1608 1785 v
1627 1757 1656 1784 in
1681 1755 1793 1789 Evaug.
1813 1752 1881 1780 Jou-

1097 1798 1162 1842 llis:
1178 1823 1188 1840 ε
1212 1812 1262 1840 Uni
1270 1811 1376 1847 genitus
1391 1809 1475 1836 Filius
1486 1806 1609 1834 Salvator
1625 1806 1740 1833 noster,
1756 1800 1804 1835 qui
1824 1798 1881 1825 soliis

1096 1869 1130 1890 ex
1147 1861 1226 1887 Patre
1249 1863 1330 1885 natus
1347 1860 1400 1889 est,
1427 1854 1500 1882 solus
1517 1856 1610 1879 natura
1631 1854 1660 1876 et
1681 1855 1736 1874 non
1754 1845 1881 1879 adoptione

1096 1907 1180 1936 Filitts
1193 1910 1245 1933 est.
1258 1913 1271 1930 t-
1281 1903 1340 1931 Mox
1355 1909 1388 1930 ex
1403 1896 1610 1928 Commentariis
1618 1896 1645 1922 iit
1661 1892 1781 1928 Epistol.
1792 1893 1825 1918 ad
1838 1889 1880 1916 lle-

1097 1956 1180 1983 bmm
1197 1954 1254 1980 hate
1267 1949 1395 1985 ’Origeuis
1412 1947 1493 1974 verba
1511 1944 1576 1971 citat
1596 1938 1759 1974 Pamphilus
1772 1947 1781 1965 ι
1792 1936 1880 1971 ιορω-

1099 2007 1138 2030 tet
1152 2005 1241 2028 autem
1256 1984 1332 2027 scire
1341 2003 1402 2027 nos,
1417 1992 1480 2028 quia
1496 1998 1544 2026 per
1562 1986 1706 2016 ineﬂ‘abilia
1729 1984 1850 2019 quaedam
1862 1986 1880 2008 et

1218 2049 1246 2071 et
1275 2041 1414 2070 recondita
1427 2027 1581 2072 iquentdam
1595 2032 1707 2060 modum
1728 2029 1784 2057 sibi
1798 2027 1881 2055 faciens

1101 2093 1241 2128 Scriptura
1257 2093 1365 2119 saneta,
1383 2088 1497 2112 conatur
1510 2079 1664 2109 hominibus
1678 2076 1807 2104 indicare
1818 2078 1843 2101 et
1852 2073 1882 2099 in-

1102 2121 1239 2167 tellectum
1255 2138 1400 2169 suggerere
1415 2128 1551 2158 subtilem.
1573 2123 1690 2160 Vaporis
1704 2121 1782 2150 enim
1799 2125 1882 2147 nomen

1257 2164 1318 2209 ho'c'
1323 2179 1383 2206 ideo
1395 2177 1428 2204 de
1443 2175 1524 2202 rebus
1537 2169 1729 2206 corporalibus
1739 2164 1882 2199 assunpsit.

1066 2236 1090 2265 D
1103 2209 1243 2260 iit—iet};
1249 2232 1328 2262 parte
1341 2225 1430 2259 aliqua
1441 2220 1575 2257 possimus
1590 2215 1755 2249 intelligere,
1764 2209 1883 2261 quomodo

1103 2277 1228 2306 Christus
1243 2256 1290 2308 qui
1304 2277 1347 2299 est
1365 2256 1506 2308 sapientia,
1521 2263 1671 2292 secundum
1691 2256 1882 2287 similitudinem

1104 2299 1317 2358 ὦζζῖῆἆτη,
1335 2315 1379 2351 qui
1397 2299 1440 2341 de
1467 2309 1617 2339 substantia
1647 2305 1742 2339 aliqua
1765 2299 1883 2337 corporali

1104 2346 1236 2403 plrocedit‘.
1253 2363 1294 2392 sic
1305 2346 1387 2389 etiam
1401 2359 1457 2393 ipse
1470 2361 1500 2383 ut
1511 2354 1623 2389 quidam
1637 2358 1722 2386 vapor
1729 2348 1852 2376 exoritur
1861 2346 1884 2372 de

1104 2394 1204 2440 virtute
1219 2394 1304 2445 ipsius
1323 2406 1368 2434 Dei
1381 2415 1388 2432 :
1403 2405 1443 2432 sic
1453 2407 1480 2430 et
1492 2400 1634 2437 sapientia,
1645 2404 1680 2425 ex
1695 2403 1729 2424 eo
1741 2394 1884 2431 procedens.

1104 2467 1138 2487 ex
1153 2459 1209 2494 ipsa
1224 2443 1270 2484 Dei
1289 2451 1438 2482 substantia
1451 2452 1605 2485 generatur.
1618 2446 1664 2473 Sic
1678 2443 1851 2472 nihilominus
1867 2444 1885 2466 et

1105 2491 1257 2534 secundum
1271 2499 1477 2529 similitudinem
1493 2493 1642 2530 corporalis
1662 2491 1826 2527 aporrlttete,
1840 2493 1885 2514 esse

1107 2532 1206 2579 dicitur
1220 2546 1363 2582 aporrbma
1380 2543 1471 2578 gloriae
1482 2537 1681 2574 Omnipotentis
1693 2543 1761 2571 pura
1781 2532 1884 2568 quadam

1108 2602 1136 2624 et
1151 2596 1270 2623 sincera.
1287 2592 1352 2625 Quae
1371 2595 1491 2622 utraeque
1505 2583 1696 2614 similitudines
1712 2577 1884 2608 manifestissi-

1111 2649 1154 2669 me
1169 2637 1317 2667 ostendunt
1337 2634 1554 2663 communionem
1574 2627 1737 2658 substantiae
1762 2632 1821 2652 esse
1834 2622 1883 2650 Filio

1112 2694 1173 2715 eum
1192 2685 1283 2712 Patre.
1298 2681 1447 2716 Aporrhoea
1463 2679 1534 2707 enim
1554 2673 1732 2704 bomoousios
1747 2670 1854 2698 videtur.
1867 2666 1883 2692 id

1112 2737 1152 2760 est
1168 2731 1246 2758 unius
1260 2727 1418 2756 substantiae
1442 2732 1502 2753 cum
1522 2723 1568 2751 illo
1591 2726 1710 2756 corpore
1723 2737 1731 2750 ,
1747 2724 1781 2744 ex
1797 2722 1844 2751 qua
1855 2715 1884 2738 est

1112 2759 1152 2805 vel
1167 2775 1322 2812 aporrht‘ea,
1338 2773 1379 2801 vel
1395 2779 1487 2807 vapor.
1511 2779 1520 2797 t
1538 2767 1657 2802 Denique
1675 2763 1788 2792 adducit
1805 2759 1884 2789 beatis-
