1908 3071
92 151 152 180 ΙῦὶΙ

597 144 643 173 EX
661 144 694 173 G.
713 144 813 172 BULL‘i
829 141 908 172 DEF.
930 142 1017 171 FIDEI
1034 143 1194 173 NiCEN/E.

1638 147 1649 175 Ι
1654 149 1706 176 522

91 210 172 236 simus
191 192 304 240 martyr.
319 211 347 233 et
362 205 432 232 huttc
451 203 578 238 Origenis
598 203 685 231 locum
704 211 737 230 ex
750 203 816 230 lib.t
836 201 873 228 De
886 203 909 233 Α
924 202 1107 237 antiquiorum
1136 203 1299 239 scriptorum
1312 224 1320 238 ,
1344 210 1401 232 tum
1424 204 1548 241 inprimis
1571 204 1705 240 Pamphili

89 251 211 290 princip"
227 259 286 287 cap.
306 251 334 284 2,
357 258 430 278 num.
448 251 483 278 6:
501 259 510 276 ι
526 249 728 278 Observandum
757 254 872 282 namque

89 303 139 330 est,
151 305 184 324 ne
197 297 256 331 quis
268 295 388 323 incurrat
397 296 425 322 in
434 295 494 322 illas
507 294 637 323 absurdas
650 293 755 321 fabulas
765 300 871 325 eorum,

88 342 131 379 qui
148 342 310 377 prolationes
333 344 465 376 quasdam
491 340 541 368 sibi
564 339 631 375 ipsis
658 339 825 374 depingunt:
844 342 873 365 ut

89 391 203 418 divinam
218 394 341 416 naturam
355 388 380 414 itt
391 393 482 421 partes
492 386 816 422 voccnt(putolegendum
831 392 874 412 se-

89 436 157 470 cent)
172 438 199 462 et
213 434 296 461 Deunt
311 433 431 467 Patrem,
446 437 576 468 quantunt
590 432 616 459 itt
632 439 662 459 se
675 437 717 459 est
733 430 872 462 dividam;

88 489 146 509 cum
160 481 211 507 ltoc
222 479 255 507 de
271 480 428 513 incorporea
445 483 541 506 natura
557 478 598 506 vel
613 477 709 505 leviter
730 476 873 511 suspicari,

89 535 140 555 non
167 527 253 554 solum
284 530 413 553 extrema:
441 523 588 559 impietatis
613 524 665 556 sit,
683 529 774 550 verum
792 521 873 548 etiattt

89 572 371 606 ullimzeinsipientite;
386 578 435 598 nec
443 571 551 598 omnino
565 569 605 597 vei
621 570 654 597 ad
670 567 871 603 intclligentiatn

88 626 264 653 consequens,
283 619 491 652 utincorporem
503 620 607 643 natura:
628 614 812 643 substantialis
832 613 874 640 di-

89 666 155 693 visio
173 666 256 700 possit
274 664 397 700 intelligi.
413 663 497 698 Magis
514 670 578 697 ergo
592 662 663 689 sicut
677 661 802 688 voluntas
813 666 875 695 pro-

88 713 158 739 cedit
172 719 188 739 e
204 717 292 738 mente
307 716 334 737 et
351 717 436 744 neque
452 714 555 743 partem
576 708 694 742 aliquant
711 706 811 734 mentis
829 713 873 733 se-

87 763 139 790 cat,
153 765 240 792 neque
251 758 285 784 ab
299 764 331 784 ea
344 762 495 791 separatur,
512 761 558 782 aut
577 754 710 782 dividitur
729 762 735 780 :
753 751 798 779 tali
810 759 876 786 qua-

88 803 147 829 dattt
168 802 260 836 specie
282 803 416 836 putandus
442 806 484 828 est
510 800 592 831 Pater
618 798 716 826 Filium
738 798 874 833 genuisse,

87 848 231 884 imaginem
245 848 349 875 scilicet
359 855 434 874 suam
452 854 459 880 ;
477 851 507 874 ut
517 847 590 874 sicut
603 846 661 881 ipse
675 849 718 872 est
732 843 875 872 invisibilis

87 902 134 929 per
155 901 291 933 naturam,
305 895 341 922 ita
356 894 500 929 imaginem
518 899 625 928 quoque
652 891 814 919 ittvisibiiem
829 897 875 925 ge-
890 874 911 901 Β

87 941 189 968 nuerit.
204 941 321 969 Verbum
335 940 406 968 enim
424 944 466 967 est
480 939 575 971 Filius,
590 943 619 966 et
636 937 696 965 ideo
710 936 776 964 nihil
794 937 820 964 itt
844 944 876 964 eo

86 987 214 1015 sensibile
227 986 429 1022 intelligendum
446 991 498 1014 cst.
514 984 654 1020 Sapientia
671 989 722 1016 est,
736 989 764 1012 et
789 985 816 1011 in
834 992 877 1012 sa-

86 1032 187 1067 pientia
197 1032 263 1060 nihil
276 1038 437 1066 corporeum
451 1030 644 1066 suspicandum
658 1034 711 1058 est.
722 1029 823 1057 Lumen
836 1034 878 1058 est

86 1086 186 1111 verum,
196 1078 265 1113 quod
276 1077 410 1104 illuminat
426 1084 528 1104 omnem
543 1077 674 1103 hominem
694 1076 836 1103 venientem
850 1077 878 1102 in

88 1126 155 1152 hunc
171 1126 297 1152 mundum
308 1124 349 1157 7‘;
367 1124 413 1151 sed
434 1123 500 1150 nihil
514 1123 594 1150 habet
611 1129 754 1150 commune
764 1121 797 1149 ad
813 1121 879 1150 solis

88 1171 167 1205 hujus
182 1171 283 1198 lumen.
299 1179 309 1195 t

122 1215 138 1254 ς
153 1217 214 1245 XX.
230 1216 295 1250 Quis
314 1221 404 1244 autem
417 1223 468 1243 non
483 1214 556 1242 videt
576 1214 651 1242 hisce
669 1213 794 1248 Origenis
813 1212 879 1240 locis

89 1270 103 1290 a
129 1263 270 1298 Pamphilo
289 1262 435 1297 productis.
461 1260 540 1288 ﬁdem
566 1260 729 1287 catholicam
754 1259 787 1286 de
811 1258 880 1286 Filio

89 1307 274 1344 Dei,adeoque
285 1309 317 1335 de
333 1306 465 1344 ὁμοουσίῳ
478 1307 610 1334 Trinitate
629 1305 800 1341 apertissime
814 1312 880 1332 con-

89 1354 204 1382 ﬁrmari.
225 1354 323 1381 Verum
339 1353 434 1380 ltorum
457 1352 673 1380 testimoniorum
690 1351 879 1377 auctoritatem

89 1399 197 1427 elevare
216 1405 349 1427 conantur
365 1397 485 1425 nonttulli
507 1399 558 1425 ltoc
574 1401 716 1432 praetextu,
732 1396 804 1430 quod
821 1395 880 1422 loca

90 1447 168 1473 allata
182 1447 285 1481 integra
300 1453 431 1479 nusquam
443 1443 644 1478 comparuerint
656 1442 682 1469 in
694 1441 789 1469 Graeca
803 1441 882 1468 Pam-

91 1492 168 1526 phili,
184 1493 241 1519 sive
265 1491 372 1518 Eusebii
400 1489 528 1525 Apologia
543 1489 612 1521 ;sed
628 1496 643 1515 a
665 1487 762 1514 Ruﬁno
788 1487 815 1514 itt
833 1494 881 1514 sua

90 1539 215 1565 versione
227 1537 322 1564 Latina
334 1536 448 1564 conﬁcta
465 1540 546 1569 atque
561 1535 652 1562 addita
667 1533 777 1561 iuerint.
797 1533 882 1567 liujus

90 1585 231 1612 sententia:
254 1592 332 1618 prora
360 1591 392 1611 ac
414 1582 509 1617 puppis
530 1586 589 1615 est,
604 1582 674 1616 quod
701 1580 882 1616 Hieronymus

91 1630 189 1658 Ruﬁno
217 1630 337 1665 obiiciat,
361 1629 483 1657 Graecam
511 1627 622 1656 Eusebii
648 1628 722 1662 (nam
751 1625 884 1661 Pamphili

91 1685 152 1705 esse
169 1677 286 1710 ttoiebat)
303 1676 456 1710 Apologiam
475 1675 554 1702 ﬁdent
565 1674 694 1701 Arianam
712 1680 807 1700 revera
819 1680 883 1707 pro-

91 1730 236 1757 pugnasse,
253 1723 427 1756 ejusdemque
448 1721 509 1748 ﬁdei
525 1720 610 1747 fuisse
629 1719 772 1753 Origenem
790 1724 884 1746 osten-

93 1769 176 1796 disse.
195 1767 240 1795 Sic
257 1768 329 1794 ettittt
344 1766 389 1794 ille
407 1766 518 1801 Apolog.
534 1766 659 1793 adversus
682 1764 775 1798 Ruﬁn.
794 1765 840 1792 lib.
854 1772 883 1796 tt,

93 1821 153 1849 cap.
176 1815 204 1847 4,
226 1822 236 1839 ‹
261 1813 307 1839 Vir
336 1812 508 1840 doctissimus
534 1812 683 1843 Eusebius,
713 1810 808 1845 inquit,
837 1818 886 1845 per

95 1867 141 1886 sex
159 1859 293 1887 volumina
307 1858 374 1886 nihil
387 1858 460 1886 aliud
472 1859 537 1892 agit,
557 1858 608 1885 nisi
624 1863 653 1884 ut
673 1857 816 1892 Origeuem
830 1863 885 1883 sua:

95 1907 220 1934 ostendat
231 1906 303 1939 iidei,
318 1906 343 1933 id
356 1909 407 1939 est,
418 1905 524 1932 Arianae
534 1903 664 1939 perﬁdiae.
678 1913 686 1928 t
699 1902 766 1929 Hinc
775 1901 886 1929 conclu-

95 1954 135 1981 dit
150 1955 265 1982 Sandius
285 1954 322 1981 De
333 1954 424 1988 script.
442 1951 544 1985 coclea,
564 1959 590 1986 p.
606 1950 651 1984 47,
664 1949 818 1984 Apalogiam
835 1948 885 1976 sub

99 1998 232 2035 Pamphili
246 2000 354 2028 nomine
366 2007 381 2026 a
395 1999 491 2026 Ruﬁno
508 1999 603 2026 Latine
625 1997 735 2030 editam,
750 2005 758 2021 ε
777 2000 819 2022 aut
833 2003 885 2022 non

96 2052 157 2072 esse
182 2046 290 2073 Eusebii
315 2046 383 2080 (sive
400 2045 554 2080 Pamphili),
578 2048 624 2071 aut
644 2043 679 2071 ita
701 2050 715 2069 a
740 2042 837 2069 Ruﬁno
858 2041 885 2068 itt

97 2090 227 2118 Latinum
244 2100 361 2123 versam,
371 2095 400 2118 ut
413 2098 446 2118 ne
456 2092 564 2126 quidem
577 2091 648 2118 linea
662 2090 777 2125 genuina
793 2088 885 2116 relicta

98 2136 190 2170 fuerit,
210 2137 251 2165 vel
265 2137 380 2172 denique
404 2139 427 2164 si
444 2138 508 2172 quid
534 2138 679 2172 genuinum
693 2143 708 2162 a
725 2135 822 2162 Rulino
837 2135 887 2162 fuit

100 2183 235 2215 relictum.
251 2189 377 2217 oportere
395 2183 421 2210 id
440 2188 531 2218 postea
551 2183 633 2210 etiant
660 2190 694 2209 ex
715 2181 803 2209 Ruﬁni
826 2188 887 2208 ver-

920 249 1049 284 utartyris
1059 254 1086 276 et
1099 249 1207 277 Eusebii
1224 250 1397 279 Caesariensis
1411 259 1419 278 :
1435 251 1543 278 Μᾶλλον
1557 252 1596 285 δὲ,
1608 253 1708 288 inquit,

921 294 976 321 τῶν
991 295 1079 322 ἄλλων
1098 295 1234 328 ἁπάντων,
1252 297 1387 333 Παμφίλῳ
1412 306 1441 324 τε
1458 297 1498 334 τῷ
1521 299 1638 335 μάρτυρι
1657 300 1708 326 ὲπ-

922 339 1062 376 ερείδεται,
1079 342 1126 368 καὶ
1151 341 1190 377 τῷ
1216 342 1361 379 Ἐυσεϐίῳ”
1375 344 1400 371 id
1423 348 1480 376 est,
1505 353 1515 370 ι
1532 344 1591 372 Prae
1606 345 1710 373 caeteris

923 395 989 415 vero
1011 387 1151 423 Pamphilo
1166 389 1278 424 martyri
1302 390 1424 417 innititur
1442 394 1469 417 et
1491 388 1617 426 Eusebio.
1641 400 1652 416 ι
1673 389 1708 418 Ut

923 434 1060 461 indubium
1079 435 1145 462 ntihi
1164 435 1302 468 videatur,
1317 442 1479 471 anonymum
1493 434 1566 463 iliuttt
1583 436 1707 463 eamdetn

924 486 1035 514 prorsus
1044 487 1106 507 cum
1126 479 1269 515 Pamphilo
1281 487 1309 509 et
1322 482 1439 510 Eusebio
1456 482 1600 517 Origenem
1617 482 1708 510 defen-

924 525 1002 553 dendi
1019 526 1150 554 rationem
1165 532 1285 555 secutum
1300 535 1368 556 esse.
1383 527 1507 564 Nunquid
1522 537 1587 557 vero
1594 527 1711 558 Ariauus

925 569 974 597 fuit
988 571 1155 607 apologista?
1168 572 1238 600 Nihil
1259 574 1357 601 minus.
1375 574 1443 602 Nattt
1459 575 1516 610 ipse
1530 576 1651 609 Pltotius,
1665 577 1711 612 qui

925 615 1025 651 alioqui
1051 617 1197 653 plerosque
1225 619 1352 654 Origettis
1371 627 1478 648 errores
1496 621 1531 648 illi
1546 622 1649 654 tribuit,
1667 622 1710 649 di-

926 668 999 691 serte
1013 663 1090 697 dicit,
1101 665 1171 699 quod
1186 665 1250 702 περὶ
1269 667 1318 702 τῆς
1334 667 1416 702 ἁγίοις
1433 666 1546 704 Τριάδος
1568 660 1641 694 οὑδὲν
1657 668 1714 695 τῶν

926 708 1102 745 ὲσφαλμὲνων
1117 710 1202 746 λέγει,
1230 711 1255 739 id
1280 717 1342 740 est:
1361 722 1371 739 α
1390 713 1428 741 De
1445 713 1475 740 ὃ.
1498 714 1630 741 Triuitate
1647 714 1714 742 nihil

926 760 1078 782 erratorum
1099 756 1188 784 aliert.
1205 766 1215 782 ι
1249 757 1388 790 Quomodo
1404 763 1493 785 autent
1510 758 1653 794 Origenem
1665 759 1713 786 de.

927 800 1011 827 fentlit
1035 807 1130 829 auctor
1146 801 1158 828 τ
1176 802 1247 837 Φησὶ
1271 803 1310 835 δὲ,
1335 803 1422 838 inquit
1438 803 1568 836 Photius,
1585 803 1631 831 καὶ
1650 805 1714 840 περὶ

926 846 972 873 τοῦ
990 846 1151 883 Ὠριγένους,
1174 847 1256 884 μηδὲν
1273 847 1353 875 αὐτὸν
1367 849 1437 876 κατὰ
1452 849 1530 882 δόξαν
1551 850 1715 885 ὲσφάλεσθαι

927 893 991 929 περὶ
1003 892 1053 928 τῆς
1067 893 1190 929 Τριάδος,
1208 895 1233 922 id
1243 900 1285 923 est
1294 904 1317 922 ε(
1328 895 1396 928 Quin
1410 896 1491 923 etiant
1509 896 1559 924 hoc
1574 897 1671 924 asserit
1684 897 1717 926 do

931 939 1060 975 Origene,
1075 940 1140 968 nihil
1152 949 1225 975 eum,
1238 942 1308 976 quod
1322 942 1429 977 quidem
1447 942 1481 969 ad
1503 946 1598 978 dogma
1610 944 1643 970 de
1654 943 1717 971 Tri-

931 986 1016 1013 nitate
1032 987 1138 1019 attinet,
1153 995 1269 1015 errasse.
1289 997 1299 1014 t
1319 988 1363 1015 Ait
1385 995 1445 1023 mos
1464 988 1576 1017 Photius
1598 990 1717 1024 scripto-

930 1038 990 1058 rem
1000 1032 1073 1059 illuttt
1086 1033 1239 1067 quindecim
1255 1035 1342 1069 capita
1354 1034 1463 1069 Origeni
1476 1035 1580 1070 objecta
1590 1036 1717 1071 (quorum

930 1077 980 1103 tria
999 1078 1094 1112 printa,
1120 1079 1254 1106 decintum
1278 1080 1387 1107 tertiutn
1410 1087 1437 1108 et
1457 1081 1580 1108 ultitnunt
1597 1083 1631 1109 ad
1649 1082 1717 1109 arti-

929 1122 1018 1150 culum
1044 1124 1076 1151 de
1097 1123 1231 1152 Trinitate
1256 1126 1423 1160 pertinent),
1443 1127 1571 1162 probasse
1591 1127 1717 1161 διαϐολὰς

929 1166 1010 1201 εἶναι,
1021 1170 1052 1196 ἐκ
1066 1170 1119 1196 τῶν
1126 1170 1173 1197 τοῦ
1186 1171 1269 1198 αὐτοῦ
1280 1171 1384 1199 ἐκείνου
1395 1174 1618 1209 συγγραμμάτων
1626 1175 1719 1202 ποιού-

931 1223 1010 1251 μενον
1025 1215 1088 1247 τοῖδς
1103 1216 1247 1251 ἐλέγχους
1264 1227 1274 1244 ‹
1294 1217 1381 1246 Meras
1405 1227 1466 1246 esse
1492 1220 1643 1248 calumnias
1657 1242 1664 1254 ,
1683 1228 1719 1248 ex

930 1261 1073 1294 ipsiusntet
1090 1262 1252 1298 (Origenis)
1268 1264 1379 1298 scriptis
1398 1265 1487 1293 allatis
1510 1268 1686 1301 argumentis.
1707 1277 1716 1294 ι

931 1307 1058 1335 Eatndetn
1073 1308 1151 1342 plane
1166 1309 1347 1346 rationem-ac
1368 1311 1522 1340 mcthodum
1540 1318 1630 1340 servat
1646 1314 1719 1348 Apo-

931 1353 1002 1388 logia
1027 1354 1077 1381 sub
1099 1353 1233 1390 Pamphili
1257 1357 1392 1384 ttominea
1410 1357 1506 1385 Ruﬁno
1533 1359 1616 1386 edita.
1648 1358 1721 1387 Sane

931 1408 964 1426 ex
979 1400 1022 1427 his
1038 1400 1102 1427 illud
1117 1401 1211 1428 saltem
1229 1401 1355 1435 eﬁlcitur,
1377 1410 1392 1430 a
1414 1403 1509 1431 Graeco
1525 1405 1656 1439 scriptore
1675 1412 1722 1432 ve-

932 1446 1046 1481 teri,qui
1062 1447 1088 1473 in
1103 1447 1218 1474 articulo
1239 1447 1272 1474 de
1288 1453 1382 1475 sancta
1397 1448 1540 1481 Trinitate,
1557 1449 1599 1476 vel
1625 1449 1721 1477 Pbotio

931 1492 1033 1527 judice,
1048 1493 1205 1521 Catholicus
1228 1492 1288 1527 fuit,
1300 1494 1381 1521 allata
1398 1494 1481 1522 fuisse
1497 1503 1528 1522 ex
1546 1496 1613 1530 ipsis
1624 1495 1722 1531 Orige-

896 1549 917 1579 α
934 1538 976 1565 nis
991 1538 1112 1572 scriptis,
1121 1543 1201 1573 prout
1218 1544 1272 1566 tum
1284 1539 1379 1568 Graece
1395 1546 1545 1575 exstarent,
1557 1541 1722 1576 testimonia,

934 1590 995 1617 quze
1025 1583 1193 1611 Catltollcum
1220 1585 1322 1618 pariter
1348 1586 1434 1613 fuisse
1455 1586 1481 1614 in
1500 1588 1594 1615 eodetn
1609 1587 1723 1615 articulo

935 1628 1078 1664 Origenent
1092 1630 1286 1657 ostenderent:
1304 1636 1385 1665 atque
1402 1632 1453 1660 hoc
1468 1631 1566 1660 iecisse
1583 1639 1722 1661 auctorem

935 1675 1010 1702 illunt
1028 1675 1160 1710 Pamphili
1189 1677 1317 1711 martyris
1338 1682 1365 1704 et
1390 1677 1499 1705 Eusebii
1526 1679 1658 1713 exentplo,
1677 1687 1724 1706 eo-

936 1729 1050 1756 rumque
1065 1722 1188 1757 vestigiis
1200 1723 1380 1751 insistentem.
1398 1723 1521 1759 Denique
1536 1724 1600 1751 alibi
1613 1725 1724 1752 eviden-

936 1772 972 1794 ter
987 1767 1170 1802 probavimus,
1181 1775 1316 1804 nunquam
1327 1769 1472 1797 Eusebium
1488 1770 1573 1804 ipsum
1587 1770 1724 1804 haeresim.

936 1820 995 1847 quae
1009 1817 1101 1847 postea
1119 1814 1175 1840 Arii
1190 1814 1262 1841 dicta
1281 1815 1341 1847 luit,
1353 1815 1505 1851 amplexum
1522 1810 1604 1843 fuisse
1618 1825 1625 1843 :
1637 1824 1725 1852 neque

936 1860 1019 1896 igitur
1034 1860 1121 1895 potuit
1131 1859 1337 1894 Eusebius,sive
1348 1861 1432 1893 solus,
1443 1861 1500 1889 sive
1510 1869 1571 1889 cum
1584 1861 1725 1897 Patnphilo

937 1906 1011 1942 [nam
1022 1906 1159 1941 utriusque
1166 1914 1226 1934 esse
1233 1915 1301 1942 opus
1308 1907 1377 1936 inl'ra
1386 1908 1558 1936 ostendemus
1564 1908 1725 1946 (40)].Aria-

937 1959 998 1979 nant
1010 1953 1174 1987 impietatem
1193 1953 1219 1979 in
1241 1953 1358 1989 Origene
1373 1953 1587 1982 deiendere.Sed
1600 1955 1726 1983 videntur

936 1995 1092 2032 Pamphilus
1114 2003 1141 2024 et
1156 1997 1289 2025 Eusebius
1317 1999 1343 2024 itt
1364 1998 1522 2025 defensione
1541 1998 1586 2025 illa
1599 1999 1724 2032 quaedam

937 2043 1062 2070 attulisse
1079 2050 1112 2070 ex
1138 2043 1257 2077 Origene
1283 2043 1448 2077 testimonia,
1463 2043 1564 2078 quibus
1582 2043 1682 2071 vocula:
1698 2048 1727 2070 et

937 2089 1007 2116 dicta
1022 2089 1152 2116 nonnulla
1166 2089 1283 2116 admista
1304 2095 1405 2124 essent,
1419 2097 1480 2124 quae
1496 2089 1637 2117 catholicis
1649 2090 1725 2117 auri-

936 2134 987 2162 bus
1003 2134 1158 2170 Hieronymi
1175 2139 1254 2162 a:tate
1270 2143 1359 2162 minus
1379 2135 1558 2171 placuerunt,
1581 2139 1674 2171 utpote
1691 2136 1726 2163 ab

937 2180 1046 2207 Ariauis
1059 2185 1114 2207 tum
1139 2181 1172 2207 ad
1189 2180 1313 2208 ba-resim
1329 2188 1404 2208 suam
1431 2181 1631 2217 propagandam
1646 2189 1726 2208 usur-

98 2228 173 2256 sione
189 2230 271 2256 fuisse
295 2229 425 2256 excisum.
443 2238 453 2254 ι
480 2228 533 2257 Sed
559 2229 637 2256 ﬁdem
662 2228 707 2256 hic
727 2227 889 2263 Hieronymo
902 2223 928 2253 D
942 2231 1003 2260 pata
1018 2235 1025 2253 :
1041 2233 1101 2260 quae
1115 2227 1267 2253 testimonia
1295 2231 1438 2261 propterea
1455 2226 1606 2255 resecuisse
1621 2227 1726 2255 videtur

99 2273 250 2302 habendam
269 2282 321 2302 tton
348 2282 420 2307 esse,
436 2274 608 2302 validissimis
621 2276 787 2309 argumentis
800 2274 887 2301 evinci

98 2326 197 2353 potest.
214 2321 279 2348 Nam
300 2321 387 2355 prittto
413 2320 523 2348 Photius
540 2321 600 2349 cod.
620 2328 701 2348 cum
717 2325 829 2347 testatur
858 2328 889 2348 se

100 2367 128 2393 in
143 2367 237 2395 Graeco
257 2368 352 2403 legisse
367 2367 502 2402 Pamphili
521 2368 649 2403 martyris
669 2371 695 2394 et
719 2367 826 2394 Eusebii
841 2374 890 2401 pro

100 2411 218 2448 Origene
232 2413 316 2441 libros
329 2421 377 2441 sex
394 2423 401 2441 :
416 2414 441 2440 in
453 2413 551 2448 quibus
562 2412 634 2439 nulla
650 2412 757 2439 Arianae
773 2412 890 2447 perﬁdia:

101 2458 215 2493 vestigia
228 2463 303 2485 notat
316 2466 428 2486 severus
442 2459 486 2486 ille
499 2465 606 2490 censor,
618 2458 663 2493 qui
676 2458 776 2492 alioqui
787 2458 812 2484 itt
824 2458 892 2484 alio-

102 2510 162 2531 rum
188 2504 299 2538 scriptis
319 2497 477 2532 constanter
492 2505 561 2532 solet
588 2504 699 2531 minima
720 2511 832 2538 quaeque
845 2511 890 2531 re-

102 2551 288 2583 prehendere,
304 2558 363 2585 quae
390 2552 430 2578 vel
456 2551 573 2585 speciem
608 2549 755 2579 Arianismi
780 2557 835 2584 pra:
859 2557 890 2577 se

103 2596 199 2624 ferant.
227 2597 325 2624 Deinde
349 2597 417 2624 idettt
445 2597 556 2625 Photius
581 2597 642 2624 cod.
665 2603 750 2629 cxvtt,
773 2600 890 2622 veterem

104 2643 247 2675 quemdam
263 2648 399 2670 aucIOrent
419 2650 581 2678 anonymum
602 2649 829 2674 commemorans,

103 2686 257 2723 Apologiam
285 2687 375 2715 itidettt
400 2696 447 2722 pro
470 2688 582 2723 Origene
609 2688 821 2721 conscripserat,
842 2686 891 2720 ait,

104 2738 242 2761 auctorem
262 2734 335 2760 illunt
355 2734 381 2760 itt
400 2733 528 2768 Apologia
543 2742 602 2767 sua,
621 2740 670 2769 pro
687 2732 802 2767 Origene
817 2731 891 2767 ejus-

104 2783 156 2811 que
181 2780 322 2806 suntentiis
348 2786 482 2814 pugnasse
506 2779 669 2806 auctoritate
697 2783 753 2805 tum
777 2777 891 2806 alioruttt

139 2823 199 2843 "-"'
217 2823 293 2861 Joan.
312 2832 330 2857 I,
349 2824 376 2851 9.

138 2868 194 2902 (l0)
211 2867 276 2895 Vide
287 2871 364 2904 hujus
378 2869 505 2896 secliunis
522 2877 581 2903 cap.
599 2870 642 2903 15,
658 2877 734 2897 ηυιιι.
748 2870 774 2897 5.

240 2916 378 2948 PATROL.
394 2917 453 2946 Gtt.
472 2915 571 2946 XVII.
616 2938 629 2946 κ

941 2279 955 2297 a
977 2279 1026 2298 sua
1049 2273 1174 2299 versione
1201 2272 1315 2299 Ruﬁnus
1329 2292 1336 2304 ,
1362 2279 1393 2299 ea
1417 2270 1566 2300 transferre
1584 2277 1727 2300 contentus

940 2314 1064 2352 Origenis
1080 2317 1138 2344 loca
1150 2337 1158 2349 ,
1183 2325 1198 2344 a
1220 2317 1359 2352 Pamphilo
1374 2317 1516 2352 producta,
1534 2326 1594 2353 quae
1610 2318 1727 2346 catholi-

942 2371 1000 2390 cam
1022 2364 1171 2391 doctrinam
1196 2364 1286 2391 verbis
1308 2364 1387 2399 plane
1405 2365 1550 2393 catholicis
1575 2366 1725 2393 traderent.

941 2410 1018 2444 Quod
1030 2410 1142 2437 innuere
1154 2410 1260 2437 videtur
1277 2410 1334 2444 ipse
1345 2410 1470 2443 Ruﬁnus,
1494 2418 1557 2438 cum
1576 2412 1604 2439 in
1617 2411 1730 2446 Epilogo

943 2456 976 2482 ad
991 2455 1194 2482 translationem
1208 2462 1284 2482 suant
1300 2455 1334 2482 ad
1357 2454 1507 2483 Maearium
1522 2457 1569 2489 ait,
1590 2463 1620 2484 se
1631 2466 1641 2482 I
1655 2457 1728 2491 Apo-

942 2501 1085 2536 logeticum
1101 2503 1196 2529 .sattcti
1213 2502 1341 2537 martyris
1353 2501 1488 2536 Pamphili
1502 2522 1511 2534 ,
1535 2506 1616 2536 prout
1631 2503 1729 2538 potuit,

942 2548 984 2575 vel
1004 2556 1045 2575 res
1062 2548 1191 2583 poposcit,
1210 2547 1306 2575 Latino
1321 2554 1448 2575 sermone
1467 2548 1621 2581 digessisse.
1639 2558 1650 2574 ι
1670 2548 1730 2574 Cte-

941 2597 1030 2620 tcrum
1043 2601 1202 2629 persuasum
1217 2593 1303 2621 habeo
1315 2613 1323 2626 ,
1339 2593 1467 2621 Ruﬁnum
1485 2593 1586 2621 ttuiluut
1601 2592 1728 2627 Origenis

943 2639 1126 2666 testimoniuut
1142 2640 1168 2666 itt
1182 2647 1230 2667 sua
1242 2640 1367 2668 versione
1385 2640 1525 2673 posuisse,
1540 2640 1612 2675 quod
1631 2647 1684 2667 ttott
1702 2640 1730 2667 itt

945 2684 1078 2719 Pamphili
1099 2691 1127 2712 et
1139 2685 1249 2714 Eusebii
1270 2686 1400 2721 Apologia
1415 2686 1526 2713 totidem
1544 2686 1633 2713 verbis
1645 2685 1730 2713 habe-

945 2734 1034 2764 retur;
1048 2730 1170 2766 nihilque
1184 2751 1192 2764 ,
1215 2731 1347 2766 quidquid
1364 2732 1531 2764 detraxerit,
1545 2731 1579 2759 de
1591 2738 1641 2759 suo
1655 2730 1731 2758 addi-

945 2776 1026 2804 disse.
1041 2775 1109 2804 Nam
1123 2777 1183 2812 ipse
1197 2776 1313 2806 Ruﬁnus
1323 2777 1421 2813 .(quem
1437 2778 1526 2806 virum
1539 2777 1623 2806 fuisse
1641 2776 1730 2805 since-

1515 2912 1554 2943 ΑΒ
