1908 3071
214 121 282 161 4323

914 120 1125 151 EXCERPTUM

1761 123 1816 154 {31$

214 191 252 212 ne
272 183 380 218 pietatis
395 183 546 211 studiosum
568 184 652 212 multa
668 186 815 213 ostendunt
828 205 836 218 ,
863 189 999 219 utcunque
1015 186 1036 213 Α
1051 183 1112 210 dttnt
1137 181 1331 217 Apalogeticum
1354 181 1441 210 sancti
1461 181 1588 217 martyris
1603 181 1738 217 Pamphili,
1751 191 1816 218 quem

214 230 301 264 ipsum
317 230 446 258 Romanis
461 230 576 258 invisum
592 231 761 259 reddiderint
777 231 934 267 Hieronymi
954 239 999 258 va-

214 274 262 302 fras
275 275 369 310 artes).
379 275 429 302 sub
443 275 548 302 initium
558 276 726 311 prafalionis
738 284 793 304 sua:
807 277 832 304 in
845 276 1000 311 Apologiam

213 319 344 356 Pamphili
360 321 394 348 ad
408 320 571 354 Macarium,
591 327 684 350 sattcte
697 323 839 356 proﬁtetur
869 330 899 351 se
920 323 946 350 in
968 329 1000 350 eo

213 373 296 400 opere
315 375 324 391 t
346 373 398 393 non
414 374 491 394 sttam
511 376 520 392 ι
540 367 573 394 de
591 366 707 401 Origene
724 375 733 393 ι
753 367 916 395 setttentiam
930 388 938 401 ,
952 368 999 395 sed

214 411 301 439 sancti
326 413 453 448 martyris
471 412 600 447 Pamphili
623 423 633 440 ι
655 413 804 441 sciscitanti
820 413 937 442 Macario
950 422 999 442 ex-

213 457 357 492 posuisse:
375 458 573 492 Origcnemque
595 466 649 485 non
664 459 787 494 proprio,
809 458 856 485 sed
872 468 881 483 t
911 458 999 485 alieno

214 509 338 531 sermone
361 513 369 529 ι
393 504 556 532 defendisse.
573 504 633 531 Mox
658 504 756 531 ibidem
774 504 825 532 hoc
847 504 873 531 in
891 504 999 540 negotio

213 549 246 575 ad
273 549 442 576 trentcndntn
459 548 503 576 Dei
527 549 656 583 judicium
679 554 806 583 provocat
828 549 998 576 adversarios

214 596 256 623 his
272 596 362 623 verbis
378 605 383 623 :
401 605 410 620 ι
429 595 481 623 Sed
492 596 620 631 quoniatn
636 597 669 623 ad
684 596 816 630 judicium
832 595 878 622 Dei
892 595 999 623 venturi

213 650 307 670 sumus
321 663 328 673 .
347 650 399 670 non
418 642 554 677 refugiant
581 643 651 670 scire
671 644 742 677 quod
768 649 859 670 verum
883 646 946 675 est,
965 649 999 669 ne

213 689 283 716 forte
299 689 454 724 ignorantes
467 689 624 724 delinquant
641 698 648 716 :
661 689 707 716 Sed
720 688 924 716 considerantes
936 688 998 723 quia

213 735 288 762 falsis
305 734 539 762 criminationibus
548 739 688 770 percutere
701 733 814 762 fratrum
831 734 999 762 inﬁrmorum

212 780 404 813 conscientias,
418 780 443 807 itt
458 780 593 807 Christum
609 787 722 814 peccare
737 784 789 812 est,
809 780 869 807 ideo
884 788 936 808 non
955 787 999 807 ae-

213 826 383 853 coutmodettt
396 826 630 854 criminationibus
643 833 734 853 aurem
749 834 838 859 suam,
847 834 895 853 nec
904 826 937 853 ab
946 825 1000 853 alio

1055 236 1103 263 pro
1117 228 1234 263 Origene
1246 227 1342 256 Graeco
1359 234 1483 255 sermone
1495 228 1599 262 edidit,
1616 233 1692 263 prout
1703 229 1817 264 potuimus

1054 275 1095 302 vel
1116 283 1160 303 res
1174 275 1305 310 poposcit,
1332 274 1429 302 Latino
1443 282 1570 302 sermone
1591 275 1756 310 digessimus,
1766 277 1818 305 illud

1053 327 1093 349 est
1106 321 1176 356 quod
1188 327 1223 354 te,
1233 321 1427 349 desideriorum
1437 320 1478 348 vir
1488 320 1597 353 Macari,
1607 321 1763 349 admonitum
1770 329 1818 350 esse

1054 367 1124 400 volo,
1138 373 1167 395 ut
1183 368 1255 395 scias
1270 368 1340 395 hattc
1366 366 1473 402 quidem
1490 366 1550 394 ﬁdei
1566 366 1698 402 regulam,
1708 375 1779 402 quam
1792 369 1818 396 de

1053 413 1129 442 libris
1142 413 1200 447 ejus
1222 421 1302 448 supra
1324 415 1506 449 exposuimus,
1526 421 1597 445 esse,
1615 421 1674 448 qua:
1695 418 1721 441 et
1731 414 1817 449 ample-

1052 460 1146 488 ctenda
1163 461 1198 487 sit
1221 464 1248 488 et
1271 459 1418 487 retinenda.
1442 460 1469 487 In
1485 459 1611 486 omnibus
1632 459 1702 486 enim
1723 459 1760 487 his
1781 467 1819 487 ca-

1054 505 1183 533 tholicutn
1200 506 1288 533 inesse
1303 512 1414 534 sensum
1435 505 1575 534 evidenter
1588 505 1724 540 probatur.
1739 515 1747 532 t
1760 505 1818 534 Fieri

1053 559 1119 579 sane
1132 559 1184 579 non
1197 553 1295 587 potuit,
1317 557 1346 580 ut
1359 552 1484 582 Ruﬁnus,
1502 551 1544 578 vir
1557 553 1583 578 in
1597 551 1712 579 articulo
1727 552 1756 580 de
1768 560 1820 579 san-

1052 602 1095 625 cta
1108 597 1241 626 Trinitate
1256 599 1358 634 absque
1371 599 1450 626 dubio
1463 599 1667 631 Catholicus,'in
1680 603 1730 625 tam
1743 604 1820 632 aperta

1053 643 1221 678 blasphemia
1251 643 1413 671 catholicum
1439 644 1530 672 inesse
1554 651 1665 672 sensum
1700 643 1821 671 evidenter

1054 689 1161 726 probari
1189 689 1312 717 consulto
1328 690 1439 723 diceret,
1459 691 1539 726 idque
1549 691 1574 718 in
1593 690 1638 718 illo
1653 690 1711 724 ipso
1724 690 1755 716 ad
1767 688 1815 716 llu-

1052 735 1154 762 cart‘um
1180 734 1249 762 libro
1265 735 1334 770 (42),
1350 743 1403 771 quo
1420 737 1531 764 credere
1546 743 1577 764 se
1590 736 1716 771 religiose
1728 736 1822 770 proﬁte-

1055 787 1108 815 tur,
1128 790 1137 807 ί
1157 781 1229 816 quod
1256 787 1349 809 sancta
1365 782 1483 810 Trinitas
1498 788 1633 810 cowterna
1651 782 1698 815 sit,
1713 787 1739 809 et
1757 781 1822 808 unius

1054 831 1158 855 natura:
1171 848 1179 860 ,
1200 827 1334 862 uniusque
1357 828 1465 855 virtutis
1480 833 1509 856 et
1534 827 1713 861 substantiae,
1731 836 1740 853 ι
1756 831 1823 862 atque

213 871 319 899 discant
335 872 448 899 alterius
461 871 551 904 ﬁdem,
567 871 685 899 maxime
695 879 756 899 cum
773 879 863 899 coram
878 872 996 907 experiri
1015 866 1037 896 Β
1052 874 1131 901 aliter
1157 873 1265 901 docenti
1285 874 1428 901 anathema
1454 874 1605 901 denuntiat.
1630 873 1753 908 Nunquid
1768 881 1821 901 vero

212 917 248 945 sit
265 918 339 953 copia
353 938 362 951 ,
387 922 414 945 et
430 918 486 945 oris
509 918 549 945 sui
567 917 703 945 confessio
717 938 724 950 ,
743 918 806 953 quid
826 918 866 946 vel
884 917 999 954 qualiter

214 963 398 998 unusquisque
415 963 514 995 credit,
531 964 688 991 ostendat...
707 963 827 996 Qualiter
850 972 916 1000 ergo
935 973 997 992 sett-

213 1009 262 1037 tiat
277 1009 407 1045 Origenes
423 1010 449 1037 itt
463 1011 575 1045 singulis
587 1031 594 1043 ,
621 1015 699 1038 tenor
723 1011 803 1038 libelli
831 1011 911 1046 hujus
935 1012 999 1039 edo-

212 1060 282 1083 ceat.
310 1065 320 1081 ι
347 1056 374 1083 In
393 1057 528 1084 vertendis
548 1057 656 1092 quidem
678 1057 814 1092 plerisque
829 1057 953 1092 Origettis
967 1058 999 1085 li-

213 1102 270 1129 bris
289 1102 371 1129 ntulta
385 1102 417 1129 de
433 1110 482 1130 suo
496 1103 632 1131 addidisse
647 1102 772 1130 Rnﬁnutn
788 1104 844 1139 (1H)
861 1109 966 1132 constat
987 1114 993 1131 :

213 1149 258 1176 sed
271 1149 485 1184 quotiescunque
508 1157 538 1177 ea
555 1150 681 1178 libertate
700 1158 765 1179 usus
780 1150 861 1178 fuerit
875 1171 883 1183 ,
909 1151 941 1178 de
966 1158 998 1178 eo
1011 1180 1028 1192 ’

213 1194 340 1221 lectorem
357 1202 456 1226 suum.
482 1201 561 1230 prout
588 1196 726 1224 hominem
754 1197 867 1232 probum
891 1201 918 1224 et
943 1197 997 1224 veri

213 1245 349 1268 amantem
366 1241 501 1274 decebat,
529 1242 585 1277 ipse
608 1250 738 1278 expresse
765 1243 879 1270 monuit.
905 1243 999 1276 Quid?

212 1288 283 1322 quod
309 1288 366 1322 ipse
387 1287 566 1324 Hieronymus
580 1309 588 1321 ,
613 1290 658 1324 qui
675 1289 794 1325 alioquin
810 1295 864 1317 tam
886 1290 998 1317 manife-

212 1338 281 1361 stam
297 1333 418 1362 frnudetn
431 1335 528 1362 Ruﬁno
545 1337 702 1370 neutiquam
714 1338 915 1364 condonaturus
930 1336 998 1364 l'uis-

214 1385 268 1413 set,
286 1388 319 1407 ne
334 1387 416 1407 unum
433 1380 540 1414 quidem
559 1381 684 1417 Origeuis
698 1382 785 1409 locum
800 1402 807 1414 .
821 1381 847 1409 itt
865 1381 996 1416 Pamphili

213 1426 270 1453 sire
287 1426 395 1453 Eusebii
421 1427 548 1461 Apologia
574 1427 685 1455 citatum
699 1450 706 1460 ,
726 1427 840 1460 notavit,
858 1427 903 1462 qui
918 1428 998 1454 aliter

213 1479 227 1498 a
251 1471 348 1498 Ruﬁno
375 1471 469 1499 Latine
498 1473 618 1500 redditus
644 1472 747 1506 luerit,
777 1480 857 1508 quam
883 1473 940 1500 sive
971 1473 996 1500 in

215 1517 345 1552 Apologia
361 1517 403 1544 illa
417 1538 424 1550 ,
441 1521 498 1545 sive
520 1518 590 1553 apud
613 1518 700 1553 ipsum
724 1518 867 1554 Origenettt
893 1519 996 1554 legere-

214 1569 267 1590 llll‘.
932 1556 938 1563 .

248 1610 263 1646 δ
281 1610 351 1638 XXI.
369 1611 434 1644 Quis
448 1617 512 1638 vero
529 1618 580 1638 n0n
598 1610 708 1638 miretur
721 1610 925 1646 Hieronymum,
943 1611 1000 1638 hac

213 1657 310 1684 Rttlluo
326 1657 359 1684 de
375 1657 431 1691 ipsa
449 1657 508 1691 ejus
523 1657 647 1685 versione
664 1656 836 1690 objicientem
850 1655 861 1682 ἲ
874 1666 883 1681 t
904 1655 998 1688 Multa,

214 1705 301 1740 iuqttit
321 1704 347 1731 itt
369 1703 478 1738 Apolog.
502 1703 603 1730 advers.
617 1702 706 1737 Ruﬁn.
719 1702 766 1730 lib.
785 1710 815 1733 ιι,
838 1710 897 1739 cap.
920 1702 948 1735 ι,
974 1702 999 1729 in

213 1751 256 1778 ilia
276 1750 401 1778 scandala
428 1750 600 1785 reperiuntur
625 1755 652 1776 et
673 1749 850 1784 apertissima:
877 1748 1000 1783 blasphe-

213 1795 284 1822 miae.
304 1794 373 1821 Dicit
389 1795 532 1827 Eusebius,
553 1794 616 1826 itno,
641 1797 671 1820 ιιι
687 1798 714 1820 ιιι
730 1794 781 1826 vis,
800 1793 958 1828 Pamphilus
972 1793 999 1820 in

214 1841 265 1868 isto
284 1841 440 1872 volumine.
463 1840 522 1867 Filii
537 1845 563 1868 et
580 1840 670 1867 Patris
689 1839 846 1867 ministrum
869 1840 999 1870 Spiritum

213 1891 337 1913 sanctum
353 1894 405 1912 tton
423 1885 456 1912 de
471 1886 564 1913 eadem
583 1884 674 1912 Patris
696 1883 812 1919 Filiique
828 1885 999 1918 substantia;

214 1932 319 1959 animas
335 1931 474 1959 hominum
500 1931 590 1966 lapsas
603 1939 663 1958 esse
675 1931 707 1958 de
729 1932 811 1963 cmlo,
838 1939 848 1956 ι
866 1937 918 1958 etc.
933 1931 999 1958 Nam

213 1978 265 2007 etsi
281 1977 437 2013 Pamphilus
450 1977 559 2012 quidem
573 1977 599 2004 in
613 1976 741 2012 Apologia
760 1984 774 2003 a
794 1976 891 2004 Ruﬁno
911 1984 998 2010 versa,

214 2023 357 2051 ittducatur
377 2022 521 2058 Origeuem
536 2022 700 2054 defendens,
719 2021 745 2049 in
761 2030 792 2050 eo
809 2023 880 2057 quod
898 2024 1000 2049 anima-

214 2078 273 2097 runt
289 2069 531 2104 prwexsisteutiam
546 2069 708 2100 crediderit;
729 2068 895 2103 blasphemia
910 2073 999 2096 tamen

214 2114 257 2141 illa
271 2115 304 2141 de
326 2113 429 2148 Spiritu
446 2119 542 2141 sancto
555 2120 689 2147 nusquam
705 2113 731 2140 in
755 2121 788 2141 eo
801 2121 882 2148 opere
900 2114 1001 2148 reperi-

214 2166 267 2188 tu-r.
297 2159 387 2192 Dices,
405 2159 531 2186 Ruﬁnum
554 2159 587 2186 ab
605 2159 769 2194 Hieronymo
785 2159 962 2191 admonitum,
980 2166 995 2186 e

209 2206 269 2234 suis
291 2206 377 2240 ipsam
399 2205 539 2232 codicibus
562 2205 735 2239 expunxisse.
760 2204 812 2231 Sed
828 2205 898 2232 uttde
913 2204 997 2239 igitur
1013 2216 1037 2246 ο

213 2251 312 2284 evenit,
326 2255 355 2278 ut
367 2250 474 2277 'nullutn
483 2250 541 2285 ejus
556 2249 646 2284 operis
663 2249 801 2284 exemplar
813 2249 890 2276 hodie
901 2254 998 2283 exstet,

210 2298 240 2325 in
255 2304 308 2332 quo
319 2297 485 2331 blasphemia
502 2296 551 2323 ista
567 2295 738 2330 reperiatur?
754 2295 820 2322 Nam
836 2295 914 2331 longe
934 2295 1000 2323 late-

212 2351 265 2379 que
279 2343 401 2378 dispersa
419 2342 524 2370 fuerant
541 2342 693 2369 Ruﬁnianaa
710 2341 897 2369 translationis
907 2348 1000 2368 exem-

212 2389 310 2424 plaria,
323 2393 467 2424 antequam
489 2388 554 2415 illud
569 2388 699 2424 objecerit
717 2388 905 2423 Hieronymus.
925 2386 1001 2414 Nun-

212 2435 275 2469 quid
290 2433 435 2462 verisimile
451 2438 505 2467 est,
518 2433 656 2465 Ruﬁnum,
670 2433 807 2461 hominem
822 2433 927 2460 scilicet
942 2431 998 2459 Ro-

211 2486 263 2506 mae
286 2478 434 2513 despicatui
456 2478 576 2505 habitum
592 2486 639 2513 per
656 2477 813 2513 Hieronymi
829 2483 902 2505 artes
915 2496 924 2509 ,
949 2485 999 2512 po-

213 2525 297 2552 tuisse
309 2531 404 2552 omnes
426 2523 486 2551 illos
503 2524 610 2551 codices
627 2524 730 2558 priores
744 2525 802 2551 sive
817 2523 997 2557 supprimere,

211 2570 269 2599 sive
279 2570 446 2598 emendare?
460 2570 563 2598 Deinde
572 2569 688 2596 Ruﬁttus
705 2569 732 2596 in
749 2569 860 2604 Epilogo
876 2569 909 2596 ad
920 2569 999 2596 Pant-

211 2613 277 2649 phili
291 2613 447 2649 Apologiam
458 2633 465 2646 ,
479 2614 568 2649 qualis
588 2613 706 2648 pritttum
722 2614 756 2641 ab
777 2614 834 2648 ipso
848 2614 921 2642 edita
948 2614 999 2642 fuit

211 2658 295 2695 (quod
312 2667 345 2687 ex
361 2659 525 2694 Hieronymo
538 2660 620 2687 etiam
634 2659 786 2695 discimus),
799 2657 945 2687 Maearium
958 2661 998 2688 sic

212 2705 377 2740 alloquitur:
396 2715 405 2732 I
425 2705 455 2734 In
473 2705 516 2733 his
529 2713 590 2739 quae
607 2706 634 2733 in
649 2706 783 2740 superiori
803 2705 881 2740 libro,
899 2713 997 2734 secun-

247 2752 269 2768 "
286 2751 384 2780 Genes.
401 2761 433 2786 tt,
448 2753 474 2780 7.
512 2753 535 2769 ⁷⁸
549 2753 646 2788 Ephes.
660 2761 697 2786 ιν,
715 2754 758 2781 30.

248 2798 385 2836 (4-1).Vide_
394 2799 483 2836 Ruﬁni
496 2800 573 2828 Prtef.
587 2800 614 2828 in
626 2800 685 2828 libr.
694 2801 764 2836 Περὶ
775 2800 884 2835 ἀρχῶν.
895 2805 922 2828 et
936 2801 1001 2829 Per-

213 2833 329 2860 oration.
355 2834 387 2861 ad
408 2834 561 2863 Comment.
581 2835 690 2870 Origen.
709 2833 740 2863 iu'
759 2833 841 2870 Epit}.
865 2838 898 2863 ad
914 2836 1003 2869 Rom.,

1053 919 1090 946 ita
1105 919 1229 953 stupidus
1242 919 1292 946 fuit
1311 919 1435 951 Ruﬁnus,
1451 924 1480 946 ut
1499 919 1614 954 spissam
1628 919 1701 946 adeo'
1717 919 1823 952 blasphe-

1055 966 1135 992 ntiam
1152 966 1178 992 in
1201 973 1248 993 sua
1271 965 1451 993 translatione
1469 965 1544 1000 ipse,
1561 965 1666 999 absque
1687 965 1823 994 monitore.

1054 1018 1106 1038 non
1131 1011 1383 1038 animadverteret?
1401 1010 1510 1038 Minime
1525 1011 1658 1046 gentium.
1676 1011 1743 1044 Quid
1757 1011 1824 1046 igitur

1052 1056 1194 1084 dicendum
1211 1056 1222 1082 ἵ
1241 1057 1290 1084 Det
1318 1056 1381 1084 mihi
1403 1057 1446 1084 itic
1465 1058 1549 1084 lector
1559 1064 1657 1091 aequus
1671 1056 1824 1090 conjectandi

1053 1104 1158 1130 veniam
1172 1103 1329 1138 Pamphilus
1347 1111 1428 1139 prope
1443 1103 1522 1130 ﬁnem
1546 1103 1685 1138 Apologia:
1701 1110 1715 1130 a
1743 1102 1825 1129 Ruﬁno

1055 1157 1157 1181 versae,
1185 1149 1308 1184 Origenis
1321 1156 1440 1176 errorem
1466 1149 1499 1176 de
1522 1148 1676 1175 animarum
1696 1148 1825 1183 προϋπάρη

1053 1194 1107 1227 ξειν
1123 1194 1286 1228 defendens,
1304 1194 1345 1222 Vel
1364 1199 1438 1222 certe
1451 1202 1587 1222 excusans
1599 1213 1608 1225 ,
1629 1199 1777 1228 contraque
1788 1202 1826 1220 eos

1053 1241 1206 1274 disputans,
1221 1240 1267 1274 qui
1282 1240 1432 1266 animarum
1447 1239 1644 1266 traductionem
1655 1239 1826 1271 defenderent,

1053 1286 1105 1313 duo
1119 1285 1214 1312 horutn
1232 1292 1330 1319 genera
1357 1284 1484 1312 describit
1503 1293 1510 1311 :
1529 1283 1643 1312 alterum
1661 1291 1753 1311 eorum
1767 1304 1774 1315 .
1789 1284 1825 1319 qui

1052 1338 1113 1357 cum
1140 1331 1246 1358 animas
1271 1330 1411 1358 hominum
1427 1338 1460 1357 ex
1480 1328 1592 1358 traduce
1614 1337 1678 1358 esse
1702 1331 1825 1360 docerent,

1052 1377 1166 1411 primam
1182 1381 1270 1404 tamen
1294 1377 1412 1403 animam
1427 1383 1460 1404 ex
1478 1376 1524 1404 Dei
1545 1384 1606 1404 esse
1624 1376 1776 1404 substantia
1789 1376 1826 1402 de-

1054 1423 1212 1455 fenderent;
1235 1430 1327 1450 eorum
1344 1423 1470 1456 alterum,
1484 1424 1530 1458 qui
1549 1431 1582 1451 ex
1596 1423 1684 1450 nihilo
1702 1423 1794 1450 factam
1814 1429 1826 1449 ι

1052 1468 1106 1496 Deo
1117 1476 1178 1496 esse
1190 1469 1308 1495 animam
1326 1468 1398 1495 illam
1413 1468 1526 1503 primam
1545 1473 1716 1496 assererem.
1736 1469 1826 1495 Adver-

1051 1522 1097 1542 sus
1113 1515 1217 1549 priores
1230 1515 1265 1541 ita
1283 1514 1392 1542 disserit
1409 1514 1573 1549 Pamphilus,
1592 1522 1655 1550 cap.
1675 1514 1704 1546 9.
1717 1522 1774 1549 pag.
1789 1512 1825 1543 l5.

1054 1569 1064 1586 ί
1080 1559 1137 1588 Jant
1152 1568 1215 1588 veru
1232 1560 1281 1593 illi,
1295 1560 1339 1595 qui
1354 1567 1387 1587 ex
1404 1560 1516 1587 traduce
1530 1561 1637 1587 animas
1662 1560 1755 1588 venire
1767 1559 1828 1586 allir-

1052 1610 1137 1638 maut,
1150 1610 1177 1633 et
1187 1606 1267 1633 simul
1280 1614 1342 1643 cum
1356 1606 1490 1640 corporali
1503 1613 1549 1633 eas
1565 1606 1672 1633 semine
1690 1606 1809 1633 seminari
1821 1614 1826 1637 ;

1051 1652 1182 1686 siquidem
1196 1652 1238 1687 (ut
1254 1651 1363 1687 quidatn
1378 1652 1497 1686 ipsorum
1515 1651 1653 1679 aliirmare
1675 1652 1770 1685 solent)
1784 1659 1826 1678 non

1053 1698 1123 1726 aliud
1139 1699 1232 1726 dicunt
1246 1698 1364 1726 animam
1382 1706 1442 1726 esse
1460 1706 1541 1734 quatn
1556 1697 1827 1731 ittsuﬁiationetnSpi-

1051 1745 1120 1772 ritus
1137 1745 1195 1777 Dei,
1213 1744 1285 1771 illaut
1300 1745 1403 1772 scilicet
1416 1752 1496 1779 quam
1513 1745 1538 1771 in
1550 1744 1626 1771 ittitio
1638 1744 1752 1771 factura:
1765 1751 1828 1770 mun-

1051 1791 1076 1818 di
1091 1791 1160 1818 Deus
1174 1790 1326 1818 insutllasse
1341 1791 1442 1819 dicitur
1465 1791 1491 1817 in
1509 1790 1594 1818 Adam
1605 1788 1643 1823 ",
1667 1790 1702 1818 de
1722 1790 1775 1824 ipsa
1791 1789 1828 1816 Dei

1050 1844 1112 1864 esse
1137 1844 1195 1864 eam
1220 1837 1372 1864 substantia
1390 1837 1548 1872 proﬁtentes
1561 1855 1570 1869 ,
1590 1837 1732 1871 quomodo
1749 1843 1795 1862 tton
1807 1841 1828 1861 et

1052 1883 1095 1909 isti
1113 1883 1275 1909 videbuntur
1288 1882 1487 1917 quodammodo
1502 1883 1559 1909 Hch
1577 1886 1681 1916 prater
1695 1881 1827 1915 Scriptum

1052 1930 1183 1964 regulam,
1200 1934 1227 1956 et
1240 1930 1371 1956 rationetn
1389 1929 1496 1963 pietatis
1513 1935 1658 1960 asserere,
1682 1928 1752 1963 quod
1773 1927 1826 1953 sub-

1051 1975 1148 2001 stantia
1167 1973 1213 2001 Dei
1235 1974 1301 2001 est?
1320 1984 1329 2000 »
1348 1973 1397 2001 Vix
1415 1974 1509 2001 dubito
1521 1993 1529 2005 ,
1547 1973 1611 2011 quin
1631 1980 1667 2001 ex
1695 1973 1737 2001 his
1753 1971 1827 1999 verbis

1052 2019 1130 2045 istaut
1144 2018 1286 2051 Pamphilo
1310 2018 1474 2045 calumniam
1495 2018 1627 2045 struxerit
1650 2017 1826 2052 Hieronymus.

1051 2065 1156 2101 Quippe
1179 2074 1239 2093 cum
1265 2071 1385 2094 veterum
1409 2066 1502 2093 tnultis
1528 2066 1613 2093 sensit
1637 2066 1827 2101 Hieronymus,

1051 2112 1214 2147 spiraculum
1234 2112 1304 2145 vitae,
1331 2113 1402 2147 quod
1417 2112 1488 2140 Deus
1509 2113 1596 2145 prittto
1621 2112 1727 2140 homini
1753 2111 1825 2139 insul.

1051 2156 1129 2184 ﬂasse
1149 2157 1260 2188 dicitur,
1277 2156 1361 2185 fuisse
1384 2157 1471 2191 ipsum
1495 2157 1628 2192 Spiritum
1656 2163 1778 2185 sanctum
1796 2156 1826 2183 ei-

1052 2203 1111 2231 dem
1137 2202 1238 2229 homini
1265 2210 1317 2229 una
1330 2210 1390 2230 cum
1405 2203 1495 2230 anima
1507 2202 1565 2236 ejus
1587 2203 1721 2230 infusum.
1746 2203 1786 2230 Sic
1807 2202 1827 2228 itt

1050 2249 1258 2277 Commentariis
1273 2249 1298 2276 in
1314 2257 1374 2285 cap.
1396 2257 1422 2276 tv
1443 2248 1528 2282 Epist.
1542 2249 1577 2276 ad
1596 2249 1711 2284 Epiron,
1732 2249 1763 2276 ad
1777 2255 1827 2275 ver-

1050 2295 1084 2323 ba
1101 2295 1155 2327 illa,
1176 2294 1266 2322 Nolite
1283 2295 1440 2322 contristare
1454 2293 1582 2328 Spiritum
1596 2301 1720 2321 sanctum
1742 2295 1768 2321 in
1787 2302 1828 2328 quo

1051 2341 1147 2375 signati
1169 2341 1232 2368 suis
1258 2340 1286 2367 in
1310 2340 1353 2367 die
1377 2340 1561 2374 redemptionis
1573 2340 1612 2373 ";
1627 2341 1688 2367 hac
1706 2341 1827 2367 adnotat:

1052 2396 1061 2411 t
1081 2386 1184 2421 Signati
1201 2386 1273 2413 enim
1286 2393 1379 2413 sutnus
1398 2387 1499 2421 Spiritu
1515 2387 1560 2414 Dei
1578 2392 1691 2420 sancto,
1708 2392 1770 2415 utet
1783 2386 1827 2420 spi-

1051 2432 1120 2458 ritus
1139 2436 1232 2458 noster
1256 2435 1282 2458 et
1300 2432 1390 2458 anima
1420 2432 1610 2466 itttpritttatttur
1629 2434 1770 2469 signaculo
1792 2432 1828 2459 Dei

1049 2481 1075 2504 et
1089 2476 1159 2504 illam
1174 2477 1335 2511 recipiamus
1353 2478 1496 2512 imaginem
1515 2483 1543 2505 (ιι
1567 2479 1786 2509 similitudinem,
1801 2479 1828 2504 ad

1049 2530 1128 2557 quam
1146 2522 1172 2550 in
1197 2525 1307 2551 exordio
1334 2526 1433 2551 conditi
1462 2533 1567 2552 sumus.
1593 2525 1650 2553 Hoc
1674 2525 1827 2561 signaculum

1049 2568 1134 2595 sancti
1151 2569 1278 2604 Spiritus,
1293 2569 1371 2604 juxta
1384 2570 1520 2604 eloquium
1540 2570 1709 2603 Servatoris,
1724 2571 1775 2598 Deo
1789 2571 1828 2596 iut-

1049 2614 1181 2648 priutente
1207 2616 1339 2649 signatur.
1362 2624 1371 2641 i
1391 2615 1441 2643 Ubi
1461 2616 1606 2651 imaginem
1630 2622 1659 2644 et
1686 2615 1827 2644 similitudi-

1053 2669 1113 2688 nem
1134 2661 1205 2689 illam
1228 2662 1273 2688 Dei
1287 2681 1295 2694 ,
1318 2662 1350 2690 ad
1372 2669 1452 2697 quam
1469 2662 1495 2690 in
1510 2663 1566 2697 ipsa
1584 2670 1630 2690 sua
1647 2664 1784 2690 creatione
1797 2661 1827 2688 el-

1052 2707 1184 2735 formatus
1200 2707 1251 2734 fuit
1263 2708 1353 2740 homo,
1374 2707 1568 2743 interpretatur
1585 2708 1758 2743 signaculum
1777 2706 1827 2741 Spi-

1057 2809 1102 2829 seu
1119 2800 1156 2827 De
1172 2799 1315 2827 adulterat.
1332 2799 1392 2826 libr.
1411 2799 1538 2834 erigaris.

1094 2837 1151 2870 (4'2)
1170 2835 1237 2863 Vide
1253 2835 1340 2862 Ruﬁni
1356 2833 1464 2862 l'rmfat;
1482 2835 1514 2862 ad
1531 2833 1693 2862 Macariu'm.

1289 2930 1304 2941 κ
