1908 3071
76 158 145 188 1325

596 151 642 186 Ex
662 160 694 188 ς.
717 152 817 187 num
837 159 913 188 DEF.
931 150 1019 188 irruat
1039 150 1201 188 magna.

1634 146 1702 188 cat

75 218 144 245 ritus
171 217 259 244 sancti
277 226 284 244 :
300 217 373 252 quod
399 217 459 244 ideo
489 217 600 245 omnino
625 217 721 245 fecisse
744 218 860 250 videtur,
879 219 902 247 A
920 219 1039 253 spondit,
1059 223 1212 245 tnatronam
1232 217 1376 252 quamdam
1396 216 1447 244 sibi
1462 215 1586 249 dedisse,
1602 216 1636 244 de
1647 223 1699 252 qua

76 266 138 300 quia
155 265 321 300 spiraculum
334 266 395 293 vita:
408 285 415 298 ,
430 265 500 300 quod
518 265 588 293 Deus
601 273 662 293 cum
681 267 797 301 prituum
815 267 864 294 ho-

76 312 190 339 minem!
201 311 334 339 formaret
344 331 352 342 ,
372 311 424 346 ipsi
438 311 591 339 insulilasse
603 313 714 346 dicitur,
732 313 863 347 Spiritum

76 356 160 384 fuisse
174 362 298 384 sanctum
314 357 442 387 credidit.
463 357 520 385 Hoc
542 357 645 385 clarius
668 358 736 385 dixit
754 357 863 385 Tertul-

77 402 167 429 liauus
187 403 234 429 lib.
252 402 292 429 De
310 402 448 437 baptismo,
465 411 526 439 cap.
549 404 576 436 5,
603 404 647 431 ubi
670 406 703 431 de
720 412 864 439 regenera-

79 449 152 477 tione
164 449 292 482 hominis,
308 457 367 484 qua:
378 457 425 485 per
442 450 605 485 baptismum
624 450 662 482 ﬁt,
677 450 717 478 sic
729 450 862 484 loquitur:

80 502 101 521 ι·
116 495 153 522 Ita
169 496 323 523 restituitur
341 496 422 523 homo
439 496 495 524 Deo
516 496 549 523 ad
575 496 780 524 similitudinem
793 496 861 530 ejus,

76 541 121 575 qui
141 545 214 568 retro
240 541 273 567 ad
301 541 457 575 imaginem.
474 541 519 569 Dei
545 542 670 570 conditus
692 542 790 575 fuerat,
809 547 862 570 etc.

77 587 184 622 Iiecipit
203 587 274 614 enim
296 588 370 615 illum
397 588 442 615 Dei
461 588 613 622 Spiritum,
630 596 710 623 quem
737 594 801 616 tunc
832 589 866 616 de

77 632 167 660 alllatu
179 633 237 668 ejus
256 638 409 668 acceperat,
430 635 477 661 sed
495 639 556 669 post
580 636 708 663 amiserat
735 642 783 669 per
797 635 865 662 deli-

76 684 159 706 ctum.
183 689 192 704 ι
207 678 275 706 Hinc
294 680 376 714 igitur
392 679 491 707 factum
514 681 629 713 videtur,
648 684 675 706 nt
692 688 725 707 ex
748 687 780 707 eo
794 680 864 714 quod

77 723 284 751 insulﬂationem
302 725 419 758 Spiritus
446 725 492 752 Dei
511 725 679 760 Pamphilus,
695 725 753 752 sive
770 729 865 752 auctor

76 770 210 805 Apologia:
225 770 391 806 (intelligens
416 771 543 798 nimirum
566 778 615 806 per
639 770 863 802 insulllationem,

73 816 150 850 juxta
176 824 238 844 cum
267 817 432 844 adversariis
455 824 523 852 quos
553 817 674 851 refellit,
702 817 770 844 nihil
791 816 864 844 aliud

77 869 157 896 quam
175 862 260 897 ipsam
276 862 394 889 hominis
407 861 550 898 animam),
565 866 676 897 negaret
691 862 724 889 de
737 863 864 890 substan-

79 909 113 936 tia
130 915 190 936 esse
207 908 277 941 Dei,
303 909 390 943 ipsum
413 909 596 936 calumniatus
623 908 705 936 fuerit
732 908 860 945 Ilierony-
878 902 900 930 Β

76 962 146 987 mus,
163 955 240 989 quasi
260 955 421 988 docuisset,
439 954 569 990 Spiritum
588 955 633 982 Dei
648 974 657 988 ,
673 955 780 983 tertiam
796 955 865 983 divi-

76 1001 169 1029 nitatis
186 1006 341 1036 personam,
355 1001 557 1029 de-substantia
575 1001 621 1028 Dei
640 1009 693 1029 non
705 1009 776 1034 esse,
801 1008 865 1036 pro-

76 1047 191 1083 indeque
206 1047 252 1075 Dei
268 1047 433 1080 ministrum,
448 1047 506 1075 sive
520 1052 672 1076 creaturam
688 1056 758 1076 esse.
775 1049 802 1076 Si
820 1047 863 1075 cui

77 1099 167 1121 autem
194 1095 252 1122 hac
278 1094 433 1128 cenjcctura
450 1100 542 1122 nostra
570 1095 659 1122 minus
682 1095 798 1131 placeat,
825 1095 863 1122 illi

77 1140 232 1167 necessario
260 1140 402 1167 dicendum
433 1140 551 1173 videtur,
587 1141 677 1168 Rufini
710 1141 864 1168 versionem

74 1186 211 1221 Apologite
228 1186 362 1222 Pamphili
386 1188 420 1215 ab
437 1188 554 1216 inimicis
577 1188 636 1222 ejus
658 1192 686 1215 et
705 1187 864 1223 Hieronymi

74 1232 214 1267 partiariis
239 1239 394 1268 corruptam
424 1234 524 1265 fuisse;
549 1239 631 1268 atque
655 1241 688 1261 ex
717 1234 864 1270 depravata

74 1279 167 1313 aliquo
182 1279 278 1306 codice
306 1279 385 1307 istam
406 1280 621 1307 criminationem
640 1279 786 1314 arripuisse
802 1279 865 1306 Hic-

76 1331 232 1359 ronymum.
257 1325 330 1352 Sane
344 1325 377 1353 de
391 1325 436 1353 tali
458 1326 557 1360 injuria
574 1326 789 1360 interpretationi
809 1333 864 1353 sum

75 1370 207 1398 librorum
227 1370 353 1406 Origenis
376 1372 448 1406 Περὶ
460 1371 563 1406 ἀρχῶν
592 1371 662 1398 facta
689 1371 865 1406 conqueritur

75 1418 136 1452 ipse
151 1417 274 1450 Rufinus,
299 1418 381 1449 Deum
399 1418 619 1454 καρδιογνώστην
647 1417 752 1453 injuria:
777 1417 865 1444 vituli-

75 1471 135 1491 cem
146 1463 293 1499 appellans.
310 1463 356 1491 Sic
369 1465 441 1492 enim
455 1465 499 1492 ille
517 1465 544 1491 in
565 1464 760 1491 Invectivarum
771 1463 866 1490 adver-

75 1511 123 1537 sus
134 1509 324 1546 Hieronymum
341 1509 388 1537 lib.
403 1517 411 1537 ι
425 1509 482 1546 (45)
497 1518 504 1537 :
520 1518 530 1535 ι
546 1507 617 1544 Ipsa,
632 1509 702 1536 sicut
721 1509 866 1535 transtule-

77 1564 159 1588 ram,
175 1562 233 1583 mea
259 1556 341 1584 verba
372 1556 534 1592 posuissetut.
563 1555 618 1583 Sed
647 1561 718 1582 nunc
744 1553 864 1581 ausculta

76 1602 141 1637 quid
165 1601 269 1630 faciunt
286 1607 336 1630 :et
359 1602 454 1638 ﬂagitii
469 1609 564 1630 eorum
592 1600 718 1636 require,
733 1600 755 1627 si
782 1599 864 1627 ullum

75 1647 217 1684 praecessit
231 1648 395 1682 exemplum.
411 1648 439 1675 In
454 1655 486 1676 eo
499 1648 567 1681 loco,
581 1648 626 1675 ubi
638 1646 771 1680 scriptum
783 1651 843 1673 erat
856 1655 864 1674 :

77 1695 155 1729 Quod
168 1696 192 1723 si
210 1696 328 1730 requiras
339 1703 355 1721 a
374 1702 425 1726 me,
440 1694 504 1729 quid
514 1695 593 1721 etiam
605 1695 637 1722 de
653 1695 711 1730 ipso
726 1695 865 1731 Unigenito

76 1742 208 1773 sentiam;
221 1741 243 1767 si
266 1748 296 1767 ne
309 1740 363 1774 ipse
377 1741 481 1774 quidem
493 1739 620 1767 visibilem
644 1740 730 1767 dicam
749 1740 797 1767 Dei
819 1749 866 1767 na-

77 1794 178 1818 turam,
192 1786 237 1822 qui
253 1786 412 1813 naturaliter
428 1785 565 1813 invisibili:
576 1789 634 1818 est;
647 1794 699 1813 non
717 1785 765 1812 tibi
776 1787 865 1812 statim

76 1833 116 1861 uel
133 1832 241 1867 impium
265 1832 383 1859 videatur
401 1840 473 1864 esse,
497 1831 537 1859 vel
555 1832 699 1859 absurdum
713 1839 722 1859 .'
736 1832 864 1859 rationem

76 1879 172 1914 quippe
204 1878 325 1906 dabimus
351 1884 538 1914 consequenter
556 1886 565 1904 .'
588 1885 636 1913 pro
663 1885 696 1905 eo
719 1878 791 1913 quod
816 1885 866 1906 nos

77 1925 248 1960 scripsimus,
268 1926 396 1952 rationem
411 1926 504 1960 quippe
523 1926 644 1952 dabitnus
664 1930 866 1961 consequenter;

77 1971 118 1999 illi
141 1972 310 2007 scripserunt
324 1980 331 1998 ι
344 1979 394 1998 non
408 1971 454 1998 tibi
469 1973 558 1999 statim
575 1972 687 2006 impium
713 1972 751 1999 vel
774 1972 868 1998 θῦσαν-ι

75 2019 143 2045 dum
158 2018 277 2045 videatur
291 2026 345 2045 eu:
355 2038 362 2050 ,
384 2019 448 2053 quia
467 2018 535 2045 sicut
549 2017 634 2045 Filius
648 2017 756 2045 Patrem
768 2024 819 2044 nan
830 2017 869 2044 υἰ-

77 2064 134 2096 det,
145 2064 184 2090 ita
199 2071 244 2090 nec
267 2062 385 2098 Spiritus
398 2069 504 2090 sanctus
526 2065 593 2091 videt
608 2063 720 2091 Filium.
734 2064 790 2091 Hoc
804 2063 826 2091 si
841 2063 867 2091 in

78 2109 141 2137 foro
155 2109 262 2143 positus
273 2128 281 2140 ,
301 2109 343 2135 vel
371 2109 488 2144 negotiis
501 2110 675 2137 saecularibus
688 2110 869 2138 commisisset

78 2154 142 2194 ille,
152 2154 198 2189 qui
211 2153 244 2181 de
266 2155 430 2182 monasterio
446 2154 570 2187 Itomam,
587 2156 665 2190 quasi
683 2155 866 2183 calumniandi

78 2199 274 2235 peritissimus,
288 2200 387 2226 missus
399 2204 442 2227 est
459 2207 466 2226 :
488 2205 590 2228 norunt
602 2208 709 2233 omnes,
729 2202 794 2236 quid
806 2209 867 2230 con-

918 271 968 299 ego
981 285 989 297 ,
1009 270 1180 298 quaecunque
1197 262 1240 289 illa
1256 266 1298 290 est
1312 282 1319 295 ,
1337 262 1404 289 nihil
1418 263 1492 295 dico;
1519 263 1565 290 sed
1582 262 1623 290 sui
1640 267 1701 290 eam

914 315 942 337 et
956 310 1002 337 Dei
1019 309 1194 337 conscientiae
1212 309 1383 344 derelinquo.
1401 317 1410 334 ι
1427 308 1515 343 Atque
1526 308 1558 336 de
1569 308 1701 344 Pamphili

915 356 1042 390 Apologia
1054 363 1101 391 pro
1118 355 1241 391 Origene,
1263 355 1321 383 haec
1334 355 1360 382 in
1377 355 1580 390 praesentiarum
1602 355 1702 382 dixisse

915 402 1038 430 sumciat.

951 448 965 484 ᾗ
981 447 1060 475 XXII.
1074 447 1106 476 Ut
1114 447 1193 482 caput
1208 447 1259 475 hoc
1272 447 1378 475 tandem
1394 446 1527 478 claudam,
1542 447 1605 473 dum
1620 446 1700 473 allata

915 495 1039 530 Superius
1053 493 1179 529 Origenis
1202 493 1263 521 loca
1278 493 1407 520 attentius
1424 493 1572 527 perpendo,
1588 492 1624 519 ita
1641 499 1700 519 mea

914 549 975 569 cum
994 546 1104 569 statuo:
1135 541 1246 569 Patrem
1268 541 1340 568 illum
1355 561 1362 572 ,
1385 544 1424 567 tot
1440 539 1623 573 theologorum
1648 544 1701 575 qua

918 592 1041 615 veterum
1055 595 1106 623 qua
1128 588 1309 615 recentiorutn
1326 586 1449 614 cenSuris
1464 591 1603 620 vexatum,
1620 587 1647 614 in
1660 591 1701 613 ar:

916 633 999 660 ticulo
1021 633 1054 660 de
1071 632 1132 660 Filii
1148 634 1291 661 divinitate
1301 654 1308 666 ,
1327 633 1446 668 adeoque
1460 633 1493 660 dc
1506 637 1598 660 sancta
1613 632 1702 660 Trinié

917 683 971 705 tate
981 685 1077 705 revera
1097 678 1262 706 catholicum
1278 678 1362 706 fuisse
1380 686 1387 704 :
1402 685 1556 713 quanquam
1574 678 1600 704 in
1622 678 1702 705 modo

915 725 1060 752 articulum
1087 725 1261 760 explicandi,
1283 725 1363 752 aliter
1387 731 1580 759 nonnunquam
1597 723 1702 751 locatus

915 771 998 800 fuerit
1009 791 1017 804 ,
1032 776 1113 806 quam
1133 771 1212 800 hodie
1226 771 1358 799 Catholici
1370 771 1474 804 solent;
1490 770 1562 805 quod
1576 770 1626 805 ipsi
1640 772 1702 798 cum

916 818 1026 852 reliquis
1042 817 1097 844 fere
1111 817 1236 844 omnibus
1251 816 1398 850 Patribus,
1417 817 1462 852 qui
1488 816 1633 844 concilium
1657 815 1704 843 Nié

916 868 1019 891 canum
1047 867 1273 896 antecesserunt,
1293 869 1436 890 commune
1462 862 1520 889 fuit.
1546 861 1601 889 lmo
1625 861 1715 889 liceat‘

917 910 983 938 mihi
1003 909 1030 937 In
1055 909 1165 944 scriptis
1180 908 1306 944 Origenis
1325 916 1377 936 non
1392 908 1568 943 indiligenter
1583 912 1702 940 versato.

917 961 977 992 post
1005 959 1139 984 accurate
1158 962 1303 990 expensam
1329 955 1410 982 etiam
1438 955 1522 990 ipsius
1537 961 1552 982 a
1567 954 1704 982 vetet-ibas

915 1003 1080 1038 descriptam
1094 1001 1255 1033 historiam,
1266 1001 1398 1037 judicium
1415 1009 1502 1028 mcum
1521 1002 1555 1029 de
1569 1001 1704 1037 theologia

916 1049 975 1084 ejus
999 1048 1147 1075 universim
1165 1047 1269 1081 libere,
1285 1047 1389 1082 absque
1418 1047 1576 1082 cujusquam
1603 1047 1703 1075 invidia

915 1094 1046 1130 proferre.
1065 1093 1131 1121 Erat
1145 1093 1187 1121 vir
1206 1093 1260 1126 ille,
1276 1098 1306 1121 ut
1323 1100 1419 1121 omnes
1443 1094 1627 1126 consentiunt,
1642 1095 1703 1122 exi-

916 1142 969 1168 mie
982 1141 1091 1176 quidem
1119 1141 1195 1175 pius;
1212 1140 1260 1168 sed
1282 1140 1382 1168 curiosi
1405 1140 1518 1167 nimium
1532 1147 1564 1167 ac
1581 1144 1650 1175 pene
1663 1140 1704 1167 la-

915 1187 1052 1214 scivientis
1075 1187 1183 1222 ingenii.
1202 1186 1293 1214 Pietas
1323 1191 1350 1213 et
1367 1186 1462 1222 religio
1476 1187 1598 1214 cohibuit
1616 1187 1719 1214 homis'

915 1241 987 1266 nem,
1003 1241 1058 1269 quo
1082 1234 1173 1261 minus
1190 1234 1217 1261 in
1235 1234 1328 1269 regula
1344 1232 1406 1260 ﬁdei
1424 1233 1512 1269 (cujus
1527 1240 1590 1268 pars
1609 1236 1703 1268 magna

915 1285 956 1308 est
971 1281 1067 1316 dogma
1081 1281 1113 1308 de
1128 1280 1304 1307 sanctissima
1327 1278 1484 1315 Tt-initate),
1504 1279 1649 1314 quidquam
1664 1279 1705 1306 ln-

916 1331 1039 1354 novaret.
1058 1326 1086 1353 In
1107 1326 1169 1353 aliis
1193 1331 1277 1357 vero,
1294 1332 1354 1360 quae
1377 1325 1450 1353 salva
1477 1325 1539 1353 ﬁdei
1565 1325 1654 1361 regula
1678 1326 1704 1352 iu

916 1373 1130 1401 controversiam
1146 1373 1239 1400 Vocari
1250 1377 1388 1407 poterant,
1402 1372 1515 1399 nimium
1534 1371 1643 1408 ingenio
1655 1375 1705 1400 sui)

917 1420 1069 1454 indulgens,
1089 1426 1142 1447 n0n
1154 1426 1239 1454 pauca
1256 1417 1367 1453 protulit
1384 1425 1399 1445 a
1412 1415 1591 1446 cdmmuniori
1608 1417 1704 1445 docto-

917 1473 977 1493 rum
996 1466 1047 1493 sibi
1070 1465 1211 1501 ἁμηλικῶν
1228 1464 1366 1492 sententia
1389 1464 1498 1500 longius
1511 1464 1704 1499 discrepantia.

906 1511 976 1539 ,Huc
990 1512 1079 1539 refero
1093 1510 1230 1546 paradoxa
1246 1509 1290 1537 illa
1314 1510 1348 1537 de
1362 1510 1459 1536 anima:
1477 1508 1704 1544 praeexsistentla,

917 1558 951 1585 de
964 1557 1144 1585 luminaribus
1159 1556 1219 1584 caeli
1244 1555 1372 1583 animatis
1384 1575 1391 1588 ,
1408 1556 1441 1583 de
1457 1555 1568 1583 inﬁnitis
1588 1555 1706 1588 mundis,

917 1607 945 1631 et
961 1603 1072 1631 similia.
1090 1603 1144 1631 Sed
1167 1608 1195 1630 et
1220 1603 1246 1629 in
1272 1602 1316 1630 his
1333 1601 1508 1629 conservavit
1534 1601 1706 1634 modestiam,

916 1657 975 1685 qua:
989 1650 1063 1684 piutn
1075 1649 1185 1681 decuit;
1211 1652 1272 1676 cum
1286 1655 1317 1675 ea
1332 1648 1505 1682 proposuerit
1523 1652 1576 1675 non
1593 1648 1705 1683 dogma-

917 1696 969 1723 tice
984 1701 1011 1722 et
1028 1697 1230 1726 asseveranter,
1248 1693 1296 1721 sed
1306 1698 1432 1728 tanquam
1444 1693 1584 1721 veritatem
1595 1693 1622 1721 in
1633 1700 1708 1729 qua:-

916 1741 1051 1770 stionibus
1065 1741 1184 1768 nondum
1198 1739 1327 1768 Ecclesiae
1348 1739 1452 1774 judicio
1465 1746 1594 1775 expresse
1608 1740 1707 1775 {deﬁni-

918 1788 951 1815 tis
964 1787 1111 1822 dtligenter
1127 1786 1278 1821 inquirens.
1294 1786 1351 1820 Qua
1367 1786 1407 1813 de»
1423 1793 1452 1813 re
1468 1787 1580 1814 consule
1595 1787 1706 1814 omnino

916 1833 1048 1868 Pamphili
1064 1832 1219 1868 Apologiam
1232 1853 1240 1866 ,
1256 1833 1283 1860 in
1301 1831 1460 1868 praefatione
1472 1853 1480 1866 ,
1506 1840 1559 1859 non
1579 1832 1657 1868 longe
1672 1834 1707 1860 ab

917 1879 994 1907 initio
1012 1878 1079 1915 (ιι).

954 1925 967 1961 §
983 1924 1079 1952 XXIII.
1098 1925 1154 1953 Hoc
1164 1929 1284 1953 nostrum
1301 1926 1335 1954 de
1352 1925 1467 1961 Origene
1482 1925 1624 1960 judicium,
1637 1928 1707 1960 prae-

919 1978 961 2000 ter
976 1972 1133 2000 testimonia
1157 1971 1213 2006 jam
1231 1979 1246 1999 a
1270 1973 1348 2000 nobis
1363 1973 1390 2000 in
1405 1972 1457 2000 hoc
1479 1972 1567 2007 capite
1580 1972 1706 2003 adducta,

918 2017 1003 2046 multa
1020 2017 1073 2045 alia
1087 2017 1260 2045 conﬁrmant.
1284 2014 1375 2045 Primo
1393 2017 1550 2046 defensores
1571 2017 1706 2053 Origeni's,

918 2064 964 2100 qui
981 2065 1007 2092 in
1021 2064 1136 2092 articulo
1150 2065 1182 2092 de
1197 2068 1290 2092 sancta
1317 2064 1452 2092 Trinitate
1475 2063 1601 2092 catholici
1618 2063 1707 2095 fuere,

919 2119 980 2138 cum
992 2111 1047 2138 alia
1065 2111 1115 2146 ipsi
1129 2111 1231 2138 tributa
1244 2110 1410 2139 heterodoXa
1421 2111 1530 2146 placita,
1543 2117 1602 2146 qua:
1612 2116 1708 2145 nempe

920 2158 999 2187 modo
1010 2157 1293 2189 commemoravimus.
1329 2164 1383 2185 non
1405 2157 1595 2189 difﬁterentur,
1616 2165 1647 2184 ea
1665 2156 1707 2184 vel

920 2208 1093 2236 excusantes,
1108 2204 1150 2230 vel
1166 2203 1248 2230 etiam
1269 2203 1445 2230 defendentes
1460 2213 1467 2230 :
1484 2211 1544 2230 cum
1559 2203 1706 2231 Catholicis

78 2251 242 2281 sequeretur
265 2254 298 2274 ex
325 2246 429 2281 legibus
454 2246 571 2281 publicis
589 2246 720 2281 ejusmodi
743 2249 866 2276 criminis
883 2257 908 2287 ι)
922 2253 1011 2276 tamen
1033 2247 1159 2276 omnibus
1174 2248 1207 2275 de
1228 2248 1365 2275 Trinitate‘
1387 2248 1506 2276 sensisse
1527 2248 1602 2276 illum
1619 2249 1707 2284 ipsum

78 2303 155 2323 reus.
170 2294 246 2322 Nunc
260 2301 324 2321 vero
343 2294 405 2328 quia
430 2293 588 2321 saecularem
601 2293 684 2320 vitam
702 2294 820 2329 reliquit.
837 2300 865 2323 et

78 2348 96 2368 ει
112 2339 337 2373 tergiversatione
360 2338 405 2365 illa
429 2343 539 2365 actuum
559 2338 728 2371 publicorum
751 2340 784 2366 ad
811 2347 869 2368 tuo-

78 2385 232 2414 nasterium
247 2392 394 2413 conversus
406 2388 447 2411 est
461 2404 468 2417 ,
485 2388 512 2412 et
530 2384 645 2412 adhesit
667 2385 797 2420 magistro
818 2392 868 2413 no-

76 2433 128 2461 bili
144 2439 152 2458 :
169 2432 204 2458 ab
219 2432 277 2466 ipso
295 2430 406 2459 docetur
421 2431 518 2458 iterum
546 2437 595 2462 pro
612 2431 743 2458 modestia
765 2431 870 2465 furere,

77 2478 220 2511 insanire:
236 2485 285 2512 pro
308 2478 400 2512 quiete
425 2477 572 2506 seditiones
596 2483 724 2511 movere;
739 2485 788 2512 pro
804 2486 869 2513 pace

77 2531 192 2553 movere
212 2523 331 2556 bellant;
358 2530 407 2558 pro
433 2523 578 2551 concordia
605 2530 715 2550 movere
737 2524 868 2558 dissidia;

77 2570 201 2606 perﬁdus
213 2577 274 2597 esse
286 2577 334 2604 pro
353 2570 415 2601 fide,
429 2577 477 2605 pro
494 2570 609 2597 veritate
623 2569 762 2597 falsarios.
780 2579 789 2595 ι
807 2569 868 2597 Mox

78 2616 181 2644 ibidem
200 2616 233 2643 de
249 2615 362 2643 falsario
381 2615 427 2643 illo
441 2620 533 2643 narrat
554 2617 626 2644 iatn:
645 2622 656 2642 t
675 2615 742 2644 Cum
758 2615 866 2649 falsam,

77 2662 179 2698 inquit,
195 2662 348 2697 hujusmodl
363 2663 523 2690 sententiam
541 2663 612 2697 apud
629 2661 807 2690 Mediolanum
821 2670 865 2689 re-

75 2709 191 2742 citaret,
205 2713 259 2736 eta
274 2715 329 2741 me,
352 2715 412 2743 quae
424 2709 561 2744 exigebat,
571 2709 650 2744 tfalsa
666 2717 726 2738 esse
741 2710 863 2737 diceren-

78 2758 140 2787 tur;
155 2755 337 2789 interrogatus
348 2763 363 2781 a
380 2762 435 2790 quo
459 2756 608 2790 accepisset
625 2757 789 2792 exemplaria
803 2777 811 2790 ,
823 2764 865 2784 re-

116 2813 174 2856 (I3)
188 2812 360 2856 lutetgpera
372 2815 486 2847 Hieron.
501 2816 566 2844 edit.
583 2816 730 2846 Martiamei
746 2812 865 2856 tom.IV,

90 2853 163 2884 part.
173 2856 203 2880 ιι,
215 2856 241 2882 p.
254 2849 316 2877 572.

130 2883 189 2920 (ου)
208 2884 274 2913 Vide
294 2890 320 2913 et
335 2885 422 2914 Huetii
436 2886 586 2921 Origenian.
599 2887 646 2916 lib.
660 2896 691 2922 tt,
711 2895 805 2924 quaest.
820 2891 865 2925 fl;

921 2293 1065 2330 Origenem
1093 2295 1195 2322 acriter
1210 2294 1419 2322 contenderunt.
1438 2294 1494 2322 Hac
1513 2296 1619 2323 ratione
1641 2295 1705 2324 Ori-

922 2349 1016 2377 genem
1029 2341 1181 2369 defendisse
1196 2341 1363 2375 Pamphilum
1385 2346 1544 2377 martyrem.
1564 2347 1591 2369 et
1604 2349 1710 2378 anony-

922 2396 994 2415 mum
1005 2388 1182 2423 apologistam
1199 2387 1270 2422 apud
1284 2386 1410 2414 Photium
1427 2387 1506 2421 paulo
1530 2394 1592 2416 ante
1616 2393 1709 2415 osten-

922 2435 1021 2462 dimus.
1045 2434 1231 2469 Eamdemque
1245 2434 1315 2460 viam
1339 2433 1450 2462 inivisse
1465 2434 1490 2460 in
1517 2439 1565 2461 sua
1582 2434 1707 2468 Origenis

923 2481 1079 2509 defensione
1096 2481 1239 2516 Didymum
1258 2479 1469 2507 Alexandrinum
1492 2481 1581 2507 virum
1608 2480 1711 2514 pietate

921 2533 949 2555 et
957 2528 1110 2555 eruditione
1126 2528 1270 2562 insignem,
1285 2530 1312 2554 et
1325 2525 1441 2553 Niczenze
1458 2526 1519 2553 lidci
1543 2526 1707 2553 constantis-

921 2574 1019 2601 simum
1038 2575 1287 2608 propugnatorem,
1312 2577 1406 2600 auctor
1434 2576 1474 2599 est
1492 2572 1548 2607 ipse
1575 2570 1707 2606 Hierony-

923 2628 982 2648 mus
1001 2619 1069 2655 (45),
1095 2620 1142 2654 qui
1165 2620 1276 2655 Apolog.
1299 2619 1402 2646 advers.
1425 2618 1526 2653 Ruﬁn.,
1544 2617 1590 2645 lib.
1616 2625 1646 2650 ιι,
1669 2617 1710 2645 sic

922 2667 1010 2702 ipsum
1024 2665 1152 2693 Ruﬁnum
1163 2666 1331 2701 alloquitur:
1351 2669 1361 2692 ἀ
1384 2665 1465 2699 Quid,
1481 2664 1578 2699 inquit,
1595 2671 1708 2699 respon-

922 2713 998 2741 debis
1010 2720 1059 2748 pro
1075 2712 1190 2747 Didymo
1204 2713 1267 2747 ,qui
1280 2716 1354 2740 certe
1368 2713 1394 2739 in
1410 2712 1542 2740 Trinitate
1553 2710 1709 2739 Catholicus

923 2763 965 2786 cst
976 2758 994 2785 τη
1010 2757 1088 2792 cujus
1101 2758 1183 2786 etiam
1200 2763 1251 2786 nos
1266 2758 1300 2786 de
1317 2757 1421 2793 Spiritu
1442 2764 1537 2787 sancto
1549 2754 1657 2786 librum
1682 2757 1709 2784 in

927 2827 986 2854 cap.
1007 2820 1034 2851 ὅ,
1054 2827 1128 2854 num,
1143 2819 1172 2845 ll
1195 2819 1281 2854 etde,
1295 2826 1322 2853 p.
1334 2818 1397 2846 255.

961 2852 1018 2890 (45)
1034 2855 1104 2882 Inter
1113 2852 1336 2890 OperaAlAIieronq
1356 2859 1421 2881 tom.
1434 2853 1468 2881 IV
1491 2854 1557 2882 edit.
1584 2852 1709 2881 Ilartiam

926 2895 995 2925 part.
1009 2888 1039 2924 ιι,
1059 2897 1087 2925 p.
1103 2889 1166 2924 408,
1181 2888 1243 2916 409.
