1908 3071
189 146 256 177 1337

899 141 1111 170 EXCERPTUM

1758 140 1826 167 5528

187 205 312 232 Latinam
325 203 445 240 linguam
466 202 714 230 vertimus?Certe
734 201 778 229 hic
797 201 824 229 in
844 201 887 229 his
899 221 906 233 ,
921 209 981 236 qua
995 207 1018 233 Α
1034 201 1151 230 hominis
1180 201 1267 228 salute
1301 206 1462 234 pcrpessus,
1490 202 1606 225 mortem
1643 205 1692 232 pro
1727 198 1828 224 banti-

187 252 221 280 ab
235 250 370 279 haereticis
384 251 411 277 in
424 249 551 286 Origenis
565 249 694 285 operibus
720 248 813 276 addita
826 252 901 280 sunt,
914 255 981 275 con-

187 297 289 325 sentire
305 305 357 325 non
376 297 464 332 potuit
480 306 486 324 :
503 302 530 324 et
547 297 574 323 in
588 296 656 332 ipsis
677 296 748 330 Περὶ
770 295 885 330 ἀρχῶν,
914 303 982 330 quos

188 348 216 370 tu
232 343 426 378 interpretatus
439 350 481 374 es,
501 342 577 370 libris
591 343 687 370 breves
707 343 821 370 dictavit
845 350 983 370 commen-

189 389 299 417 tariolos
313 411 320 423 ,
346 389 444 424 quibus
459 397 512 417 non
531 394 645 425 negaret
665 390 700 417 ab
722 388 841 425 Origene
855 390 957 424 scripta
973 408 981 421 ,

188 443 248 470 qua:
263 435 364 470 scripta
379 440 461 468 sunt,
475 436 522 463 sed
538 443 588 464 nos
612 435 754 471 simplices
778 436 903 464 homines
928 444 980 463 non

188 488 267 516 posse
292 482 443 518 intelligere
470 490 530 517 qua:
551 482 703 511 dicuntur:
720 488 748 511 et.
771 491 827 518 quo
851 490 934 511 sensu
955 484 982 510 in

189 528 287 554 bonam
299 532 403 562 partem
415 529 503 562 accipi
520 529 649 561 debeant.
665 531 831 565 persuadere
852 534 982 558 conatur.

189 572 246 601 Hoc
260 573 393 602 duntaxat
410 575 444 602 de
461 574 531 603 Filio
551 580 578 603 et
593 575 697 612 Spiritu
724 581 832 605 sancto.
846 575 981 604 Caeterum

189 619 216 646 in
242 619 302 647 aliis
322 620 496 655 dogmatibus
519 627 547 649 et
561 621 696 650 Eusebius
713 627 741 650 et
752 617 983 658 Didymus'aper-

189 666 294 693 tissime
317 666 343 697 in
361 666 487 702 Origenis
502 668 572 695 scita
598 667 753 695 concedunt
767 675 775 695 :
792 672 821 695 et
836 667 910 703 quod
925 674 984 695 om-

190 720 238 740 nes
253 711 382 740 Ecclesiae
409 714 555 748 reprobant
567 733 575 746 ,
607 713 748 742 Catholice
771 718 800 742 et
818 713 862 749 pie
880 713 983 742 dictum

189 766 249 786 esse
263 758 420 786 defendunt.
439 767 449 785 ι
464 759 562 786 Notata
585 767 694 794 quoque
708 760 791 795 digna
808 763 873 788 sunt
888 759 922 788 de
936 758 984 786 Ba-

191 803 253 830 silio
265 803 362 838 Magno
381 807 409 831 et
420 803 553 839 Gregorio
566 804 741 832 Nasianzeno
754 805 839 832 verba
860 804 985 832 Socratis

191 848 295 876 Hister.
319 848 412 876 eccles.
437 849 482 876 lib.
510 858 545 882 tv,
572 858 632 885 cap.
647 850 676 882 6,
689 850 796 884 Καίτοι,
812 850 910 886 inquit,
929 850 984 877 τῶν

196 892 341 930 ’Δρειανῶν
363 893 396 919 τὰ
417 892 570 930 Ὦριγένους
592 884 680 929 βὶὸλία
706 895 746 927 εἰς
765 884 928 931 μαρτάριαν,
947 896 984 928 ὡς
1000 884 1022 911 Β

190 939 284 975 ᾤοντο,
298 938 345 965 τοῦ
361 938 426 965 ἰδίου
435 940 589 968 καλούντων
601 941 745 977 δόγματος,
768 942 845 969 αὐτοὶ
870 941 984 977 ἐξήλεγ-

192 996 249 1023 χον,
265 990 312 1016 καὶ
326 989 461 1016 ἐδείκνυον
477 987 516 1024 μὴ
529 988 677 1024 νοήσαντας
692 988 740 1015 τοῦ
755 989 908 1025 Ὠριγινους
919 989 984 1016 σύν-

191 1044 262 1069 εσιν,
277 1036 303 1064 id
318 1041 371 1069 est,
386 1046 396 1062 ι
415 1036 446 1063 Et
465 1036 590 1071 quamvis
609 1035 701 1063 Ariani
716 1036 799 1063 libros
812 1036 937 1071 Origenis
951 1035 985 1063 ad

193 1081 328 1116 dogmatis
348 1082 406 1114 sui,
425 1086 453 1107 ut
478 1080 619 1115 putabant,
644 1080 878 1108 conﬁrmationem
892 1081 986 1114 addu—

191 1133 302 1161 cerent;
329 1128 364 1155 illi
392 1134 481 1156 tatnen
508 1135 556 1155 eos
581 1127 798 1161 redarguerunt,
815 1132 843 1155 et
860 1124 986 1164 Origeuis

190 1173 342 1201 doctrinam
368 1174 455 1202 abiis
479 1180 650 1208 nequaquant
674 1173 790 1209 intelligi
814 1173 986 1202 demonstra-

192 1225 265 1247 runt.
285 1230 295 1247 ι
325 1219 472 1252 Secundo,
488 1219 657 1254 antiquiores
679 1218 806 1255 Origenis
829 1219 933 1247 inimici
958 1225 987 1247 et

190 1266 341 1294 adversarii
359 1266 509 1301 praecipui,
524 1266 569 1301 qui
585 1266 618 1294 de
632 1265 694 1293 aliis
708 1265 843 1293 acerrime
861 1270 889 1293 et
901 1265 986 1293 incle,

190 1317 297 1340 menter
323 1313 406 1340 nimis
429 1312 518 1347 ipsum
543 1313 739 1348 exagitant-it,
763 1312 798 1339 de
815 1311 906 1347 aliqua
928 1312 986 1345 ejus

199 1358 296 1386 haeresi
312 1359 384 1386 circa
405 1357 548 1385 Trinitatis
561 1359 658 1392 dogma
675 1359 730 1385 fere
756 1357 902 1385 siluerunt.
918 1357 986 1384 Nam

192 1404 321 1432 Socrates
341 1404 414 1431 Hist.
438 1406 528 1432 eules.
546 1404 592 1431 lib.
608 1411 645 1437 \‘l,
658 1411 718 1438 cap.
734 1403 768 1431 l5
779 1424 786 1436 ,
805 1404 838 1431 de
852 1403 987 1438 primariis

196 1451 324 1486 Origenis
338 1451 566 1482 accusatoribus,
590 1449 728 1477 Methodio
753 1457 864 1484 nempe,
890 1449 988 1477 Eusta-

201 1498 270 1530 thio,
287 1497 437 1532 Apollinari
464 1502 490 1524 et
508 1495 659 1531 Theophilo
688 1495 766 1530 (quos
782 1495 893 1523 liberius
912 1495 987 1522 locu-

195 1547 240 1570 tus
253 1541 410 1575 κακολόγων
424 1539 573 1576 τετρακτύν
591 1547 600 1565 t
622 1539 813 1566 maledicorum
830 1538 987 1573 qualernio—
999 1559 1021 1586 α

193 1596 255 1617 nent
271 1599 280 1615 ι
299 1588 459 1622 nuncupat),
475 1594 559 1622 agens
574 1607 582 1618 ,
598 1586 657 1614 haec
673 1586 707 1613 de
730 1586 798 1621 ipsis
815 1585 986 1612 animadver-

192 1635 225 1661 tit
241 1643 248 1662 :
271 1632 342 1668 Ἐγὼ
355 1633 384 1660 δέ
402 1641 438 1665 τι,
452 1632 552 1666 inquit,
569 1630 616 1658 καὶ
638 1629 718 1657 πλέον
747 1631 779 1657 ἐκ
804 1630 853 1666 τῆς
876 1628 988 1656 ἐκείνων

192 1680 338 1711 altricem;
352 1680 391 1711 εἰς
405 1678 534 1706 σύστασιν
549 1676 702 1713 Ὡριγένους
713 1675 783 1712 φημί
794 1684 801 1691 ο
815 1675 840 1702 oi
850 1675 905 1711 γὰρ
913 1675 989 1710 κινή-

193 1735 287 1758 σαντες
319 1726 424 1761 ὅσαπερ
434 1724 518 1760 ᾤοντο
536 1723 671 1759 μέμψεως
683 1721 763 1755 ἄξια,
780 1721 814 1749 δι’
829 1719 878 1755 ὦν,
890 1722 928 1753 ὡς
940 1730 988 1748 κα-

192 1772 250 1804 κῶς
269 1772 415 1805 δοξάζοντα
443 1771 507 1806 περὶ
530 1770 579 1805 τῆς
606 1769 687 1803 ἁγίας
719 1767 834 1804 Τριὰδος
854 1767 908 1794 οὐδ’
920 1767 988 1799 ὅλως

193 1818 363 1855 ἐμέμψαντο,
389 1817 544 1844 δείκνυνται
573 1814 730 1851 περιφανῶς
744 1814 793 1851 τὴν
815 1814 898 1850 ὀρθὴν
911 1814 989 1840 εὐσέ-

193 1864 270 1891 ϐειαν
286 1862 489 1900 μαρτυροῦντες
504 1861 591 1897 αὐτῷ,
607 1861 632 1888 id
648 1867 707 1893 est,
726 1869 736 1886 ε
751 1860 806 1896 Ego
822 1869 886 1888 vero
902 1868 935 1887 ex
957 1860 987 1887 il-

192 1910 280 1938 lorum
295 1908 506 1945 reprehensione
529 1908 630 1943 aliquid
657 1907 772 1943 amplius
799 1906 929 1934 accedere
955 1906 989 1933 ad

193 1954 456 1984 commendationem
468 1953 593 1988 Origenis
609 1953 723 1980 allirmo.
739 1952 845 1980 Etenim
869 1952 914 1987 qui
931 1959 989 1980 om-

193 2003 239 2030 uia
254 2002 372 2037 undique
391 2001 623 2036 conquisiverunt,
639 2006 699 2034 qua:
721 1999 933 2035 reprehensione
948 1998 989 2025 di-

194 2055 247 2083 gna
260 2047 466 2079 existimabant,
484 2047 501 2074 ii
517 2051 592 2074 certe
609 2054 670 2074 cunt
685 2045 759 2073 illum
776 2045 887 2072 minime
903 2051 990 2079 repre-

195 2093 341 2122 henderint
365 2099 493 2128 tanquatn
512 2093 546 2120 de
563 2091 695 2120 ’l‘rinitatc
710 2091 779 2120 tnale
805 2091 968 2119 sentientem
980 2110 989 2124 ,

195 2144 278 2167 rectae
295 2147 327 2168 ac
350 2141 464 2168 sincerae
480 2139 588 2175 pietatis
605 2140 790 2167 testimonium
806 2140 831 2167 ei
850 2139 991 2175 perhibere

202 2185 425 2214 manifestissime
440 2186 647 2214 convincuntur.
673 2196 682 2212 ι
704 2186 869 2221 Theophilus
881 2187 990 2222 quidem

195 2232 376 2268 Epistolarum
397 2233 562 2267 paschalium
583 2236 616 2261 ab
633 2233 797 2269 Hieronymo
821 2233 918 2261 Latine
931 2241 991 2261 ver-

197 2286 289 2306 sarunt
306 2299 315 2312 ,
339 2288 399 2314 quae
423 2285 479 2307 tum
506 2280 532 2307 in
553 2288 650 2315 magna
670 2279 837 2308 Bibliotheca
855 2279 987 2313 Patrum,

197 2330 253 2351 tum
269 2325 339 2353 inter
362 2334 444 2360 opera
470 2325 628 2362 Hieronymi
643 2327 724 2354 hodie
737 2331 857 2358 exstant.
874 2326 988 2362 epistola

196 2369 283 2404 printa
307 2369 341 2405 (si
370 2371 435 2398 lides
461 2370 624 2406 llieronynto
648 2372 771 2399 habenda
791 2372 838 2406 sit)
865 2371 989 2406 otia-dant

196 2415 321 2451 Origenis
340 2421 429 2444 errata
454 2417 488 2444 de
506 2416 639 2445 Trinitate
665 2418 849 2453 reprehendit.
867 2418 921 2445 Sed
939 2418 989 2445 ista

197 2462 272 2489 nullo
297 2463 406 2497 negotio
422 2462 486 2490 dilui
509 2463 673 2497 potuissent,
696 2463 720 2490 si
745 2463 778 2491 iis
790 2471 861 2491 nunc
874 2471 990 2491 vacare-

196 2515 269 2536 tnus.
290 2508 484 2536 Certevautetn
498 2507 635 2544 Sulpicius
653 2509 783 2542 Severus,
796 2509 908 2545 optimae
926 2509 989 2537 ﬁdei

196 2554 355 2588 historicus,
369 2554 471 2590 Dialog.
489 2563 509 2588 t,
520 2563 582 2590 cap.
601 2555 631 2588 5,
652 2555 792 2582 historiam
808 2555 928 2587 coincilii,
943 2562 991 2590 per

198 2599 379 2634 TheOpbilum
393 2599 452 2628 suis
466 2599 632 2634 temporibus
646 2600 776 2627 adversus
789 2599 915 2635 Origeltis
926 2600 992 2627 scri-

197 2651 243 2680 pta
256 2646 425 2682 congregati,
454 2653 569 2674 narrans
584 2667 591 2679 ,
615 2647 673 2674 haec
687 2646 805 2674 scribit:
822 2655 832 2672 ε
860 2645 929 2674 Cum
956 2646 990 2674 ab

197 2692 332 2728 episcopis
349 2696 477 2728 excerpta
503 2692 530 2721 in
543 2692 622 2721 libris
639 2692 713 2721 illius
728 2693 813 2720 multa
827 2694 989 2728 legerentur.

200 2744 261 2771 qua
283 2743 379 2766 contra
400 2738 564 2766 catholicatn
580 2738 659 2767 [idem
673 2740 775 2775 scripta
791 2745 937 2771 constaret,
953 2740 992 2767 Io-

199 2790 247 2810 cus
267 2783 313 2810 ille
322 2785 363 2811 vel
374 2785 521 2812 maximam
541 2785 654 2820 parabat
671 2786 813 2819 invidiam,
828 2786 853 2813 in
869 2793 927 2821 quo
938 2787 992 2813 edi-

200 2833 258 2855 tutn
280 2829 430 2864 legebatur.
447 2831 510 2865 quia
537 2831 666 2859 Dominus
681 2831 763 2859 Jesus
777 2853 783 2865 ,
799 2832 870 2859 sicut
885 2841 933 2866 pro
947 2839 989 2859 re-

201 2874 354 2909 demplione
372 2876 488 2904 hominis
506 2878 534 2905 in
556 2885 639 2907 carne
654 2879 772 2907 venisset
789 2897 797 2912 ,
813 2886 922 2906 crucem
942 2886 992 2913 pro

1035 247 1075 274 nis
1104 247 1258 274 mternitate
1282 250 1438 280 gustasset,
1471 243 1507 271 ita
1540 248 1614 271 esset
1648 243 1748 271 eodem
1782 251 1827 271 or.

1034 293 1097 320 dine
1133 292 1269 328 passionis
1303 292 1385 319 etiam
1426 290 1563 318 diabolum
1602 288 1826 324 redempturus:

1033 340 1096 375 quia
1124 339 1175 367 hoc
1194 338 1309 366 bonitati
1322 337 1393 365 illius
1413 337 1562 372 pietatique
1587 341 1772 372 congrueret,
1799 342 1830 363 ut

1033 386 1078 421 qui
1103 385 1236 421 perditum
1263 383 1400 411 hominem
1440 382 1636 414 reformasset,
1671 382 1830 417 prolapsum

1034 439 1141 467 quoque
1166 430 1291 466 angelum
1320 430 1458 457 liberaret.
1488 438 1497 455 ι
1524 428 1553 456 Si
1578 429 1747 456 constitisset
1773 433 1830 455 tam

1035 479 1116 515 impie
1147 479 1266 506 sensisse
1296 476 1442 512 Origenem
1470 477 1505 503 de
1533 477 1662 512 primario
1692 475 1829 503 Christia-

1035 525 1113 552 nisnti
1141 524 1230 559 capite
1249 543 1257 556 ,
1291 530 1389 558 nempe
1415 523 1453 554 de.
1475 522 1527 550 SS.
1554 521 1689 550 Trinitate
1708 541 1717 553 ,
1746 527 1831 555 atque

1035 570 1214 607 Hieronymus
1227 569 1327 605 aliique
1346 569 1548 602 obtenderunt;
1568 575 1633 596 sane
1655 568 1832 602 Theophilus

1034 625 1095 644 cum
1111 624 1166 644 sua:
1177 615 1262 651 partis
1277 615 1413 650 episcopis
1423 635 1431 648 ,
1448 614 1494 649 qui
1513 621 1610 642 omnes
1630 613 1749 648 angulos
1765 614 1834 640 scri-

1034 668 1141 698 ptorum
1158 661 1284 698 Origenis
1301 661 1391 688 rimati
1404 665 1477 693 sunt,
1493 665 1522 687 ut
1535 660 1720 688 accusationis
1732 667 1828 686 ansam

1041 709 1210 742 invenirent,
1233 708 1352 743 illudque
1377 707 1502 742 inprimis
1535 707 1562 734 in
1589 707 1680 734 animo
1701 706 1832 734 habuisse

1035 756 1161 783 videntur
1185 759 1215 782 ut
1227 754 1419 781 Adamantium
1431 752 1520 788 (cujus
1543 753 1708 781 auctoritate
1733 757 1831 780 contra

1035 802 1184 830 Ecclesiam
1202 801 1307 829 factiosi
1324 801 1450 828 monachi
1475 799 1667 835 abuterentur)
1690 800 1719 827 in
1744 799 1832 826 niaxi-

1037 856 1110 875 mum
1126 848 1265 876 hominum
1287 847 1379 874 odium
1395 847 1574 879 inducerent,
1592 843 1672 875 istam
1694 846 1831 881 pracipue

1036 896 1096 930 eius
1107 894 1232 923 haeresim
1249 893 1338 929 palam
1362 893 1490 921 omnibus
1513 893 1720 929 exposuissent;
1738 897 1832 927 utpote

1035 949 1096 976 qua
1110 948 1141 968 ea
1156 945 1235 968 aetate
1249 947 1306 975 prie
1319 939 1382 967 aliis
1395 940 1523 967 omnibus
1542 939 1695 967 haeresibus
1714 939 1831 966 maxime

1037 985 1117 1019 idque
1128 983 1192 1019 jure
1205 983 1303 1011 merito
1317 981 1469 1010 Catholicis
1488 989 1571 1010 exosa
1590 983 1652 1010 fuit.
1673 981 1730 1010 Sed
1746 981 1831 1017 probe

1037 1035 1137 1058 norunt
1148 1030 1272 1058 homines
1286 1028 1360 1056 cauti
1385 1028 1465 1056 istaut
1487 1027 1706 1055 criminationem
1721 1028 1758 1055 ab
1775 1026 1832 1054 Ori-

1035 1077 1111 1112 genis
1124 1076 1315 1104 defensoribus
1330 1074 1461 1102 facillime
1475 1073 1599 1109 potuisse
1610 1073 1698 1101 refelli
1710 1081 1745 1100 ex
1764 1073 1831 1107 ipsis

1035 1123 1162 1160 Origeuis
1175 1122 1286 1158 scriptis
1299 1120 1477 1154 indubitatis;
1489 1119 1603 1155 proinde
1615 1120 1703 1155 ipsam
1717 1124 1832 1155 prater-

1037 1171 1187 1203 mittentes,
1201 1169 1236 1197 de
1252 1168 1316 1196 aliis
1327 1167 1474 1202 capitibus,
1499 1166 1526 1193 in
1549 1166 1648 1201 quibus
1672 1165 1832 1194 Chalcento

1037 1225 1084 1245 rus
1098 1217 1170 1244 haud
1187 1216 1224 1244 ita
1250 1214 1332 1243 facile
1354 1213 1460 1242 delendi
1484 1217 1607 1248 poterat,
1630 1212 1831 1240 accusationem

1037 1271 1113 1292 suam
1131 1263 1267 1298 praecipue
1279 1261 1469 1289 instituerunt.
1488 1259 1571 1286 Addit
1588 1257 1689 1286 ibidem
1712 1257 1832 1285 Severus

1036 1312 1108 1346 quod
1122 1310 1234 1346 Origeni
1266 1309 1292 1336 in
1321 1307 1368 1335 illo
1393 1306 1508 1335 concilio
1532 1304 1668 1339 obiectum
1694 1303 1763 1337 fuit,
1782 1311 1830 1331 sua

1039 1356 1174 1385 sententia
1199 1363 1315 1383 errorem
1330 1354 1424 1386 fuisse,
1439 1361 1491 1381 non
1508 1352 1645 1380 heresim:
1659 1352 1735 1387 atqui
1756 1350 1833 1378 Aria-

1046 1411 1111 1430 num
1136 1404 1231 1438 dogma
1251 1409 1301 1436 pro
1324 1400 1421 1429 heresi
1453 1398 1675 1436 pestilentissima
1702 1398 1833 1425 habuisse

1038 1450 1167 1477 Severum
1182 1453 1305 1480 constat;
1334 1448 1492 1482 neutiquam
1521 1446 1604 1481 igitur
1629 1444 1780 1472 Arianismi
1805 1444 1832 1471 ia

1037 1495 1214 1525 conclliahulo
1229 1495 1282 1522 isto
1305 1493 1472 1529 arguebatur
1484 1492 1625 1527 Origenes.
1650 1490 1762 1523 Tertio,
1783 1490 1832 1517 oh-

1038 1543 1219 1572 servatiouem
1240 1545 1398 1572 tuerentur,
1413 1547 1475 1575 qua:
1488 1539 1622 1567 Eusebius
1646 1536 1721 1565 Hist.
1739 1537 1831 1564 occisa.

1039 1591 1087 1618 lib.
1103 1597 1140 1622 vt,
1156 1596 1215 1624 cap.
1228 1588 1264 1620 2,
1279 1587 1330 1615 sub
1352 1586 1449 1619 ﬁnem,
1472 1587 1509 1613 .de
1533 1585 1686 1613 constantia
1705 1583 1833 1619 Origenis

1042 1638 1068 1665 in
1084 1636 1236 1663 orthodoxa
1260 1634 1313 1662 (ide
1333 1633 1475 1660 retinenda
1499 1636 1612 1664 narrat,
1634 1631 1693 1660 hac
1715 1631 1832 1665 subjun-

1039 1686 1104 1714 gens
1113 1687 1120 1704 :
1129 1677 1282 1708 Φυλάττων,
1296 1676 1394 1711 inquit,
1409 1675 1439 1707 ἐξ
1448 1675 1488 1702 ἔτι
1498 1674 1592 1706 παιδὸς
1603 1673 1703 1701 κανόνα
1719 1673 1835 1708 Ἐκκλη-

1040 1725 1115 1757 σίας,
1131 1722 1337 1760 βδελυττόμενός
1359 1730 1388 1748 τε
1408 1722 1446 1754 ὡς
1465 1721 1540 1757 αὐτῷ
1563 1720 1667 1757 ῥήματί
1689 1721 1757 1756 φησί
1782 1728 1833 1747 που

1038 1771 1130 1804 αὐτὸς,
1146 1770 1196 1802 τὰς
1210 1769 1265 1797 τῶν
1280 1769 1411 1805 αἱρέσεων
1425 1767 1609 1800 διδασκαλίας,
1627 1768 1653 1795 id
1670 1773 1722 1801 est,
1746 1777 1756 1793 ι
1775 1768 1835 1795 Ser-

1040 1825 1107 1845 vmts
1130 1816 1259 1844 Ecclesiae
1283 1814 1403 1850 regulam
1415 1815 1473 1849 jam
1495 1815 1557 1842 inde
1578 1822 1594 1842 a
1625 1823 1719 1850 puero,
1745 1822 1783 1847 et,
1807 1821 1835 1842 ut

1040 1864 1153 1899 ipsemet
1166 1862 1264 1890 alicubi
1284 1860 1420 1897 loquitur,
1444 1861 1587 1889 haeresium
1606 1861 1746 1888 doctrinas
1768 1862 1835 1889 abo-

1040 1910 1157 1938 minaris.
1174 1919 1183 1936 I
1196 1908 1268 1936 Sane
1284 1915 1364 1936 nemo
1377 1908 1403 1935 in
1419 1907 1532 1935 historia
1545 1907 1732 1935 ecclesiastica
1745 1915 1835 1936 verea-

1040 1959 1084 1982 tus
1097 1954 1202 1982 nescire
1221 1958 1321 1990 potest,
1340 1952 1485 1988 Origenem
1502 1960 1551 1987 pro
1571 1952 1705 1980 catholica
1721 1952 1776 1981 iide
1790 1954 1832 1981 ad-

1041 2007 1136 2028 versus
1149 2000 1345 2027 subnascentes
1358 2006 1407 2026 sua
1422 2003 1503 2026 :etate
1520 1998 1640 2026 haereses
1658 2007 1835 2035 quascunque

1041 2045 1200 2080 pritnarittm
1213 2053 1247 2072 ac
1261 2045 1331 2080 peiie
1346 2047 1454 2074 unicum
1465 2046 1549 2074 fuisse
1562 2046 1694 2075 Ecclesiae
1706 2048 1834 2083 pugilem.

1042 2092 1153 2120 Scilicet
1168 2092 1384 2128 quotiescunque
1400 2097 1427 2120 et
1444 2093 1600 2128 ubicunque
1611 2094 1734 2121 surrexit
1748 2094 1835 2122 hm-

1043 2139 1113 2166 ticus
1127 2138 1237 2174 aliquis,
1251 2139 1298 2174 qui
1315 2144 1452 2174 receptam
1469 2139 1496 2166 in
1513 2139 1634 2168 Ecclesia
1649 2140 1734 2168 Iidem
1755 2148 1836 2169 ausas

1041 2191 1083 2213 est
1097 2185 1272 2221 impugnare,
1293 2193 1357 2213 mox
1379 2187 1414 2213 ad
1439 2194 1524 2214 unum
1547 2186 1693 2223 Origenem
1715 2195 1836 2216 recurre-

1009 2235 1030 2262 ι)
1045 2233 1134 2265 batur.
1148 2232 1194 2267 qui
1205 2232 1281 2260 velut
1297 2232 1365 2260 alter
1377 2231 1477 2265 David,
1489 2232 1645 2260 Goliathum
1661 2233 1740 2261 illurn
1757 2242 1835 2262 exer-

1040 2279 1125 2306 citum
1141 2278 1248 2306 Domini
1272 2279 1469 2307 conviciantent
1494 2279 1575 2306 funda
1601 2287 1648 2307 sua
1673 2279 1834 2308 adoriretr.

1041 2323 1097 2352 llllO
1110 2323 1143 2350 ad
1163 2323 1320 2359 hujusntodi
1341 2325 1511 2357 certamina,
1532 2331 1588 2359 pra:
1603 2326 1728 2354 veritatis
1747 2334 1836 2354 amore

1041 2375 1067 2397 et
1081 2370 1140 2397 zelo
1153 2370 1191 2405 (in
1205 2371 1257 2398 hoc
1272 2370 1356 2398 etiam
1371 2370 1465 2398 Davidi
1477 2371 1586 2406 similis)
1604 2379 1666 2398 sese
1682 2371 1757 2399 ultro
1772 2371 1834 2400 olle-

1043 2417 1128 2444 rebat.
1147 2415 1280 2452 Equidem
1307 2424 1388 2445 nemo
1403 2424 1521 2452 unquam
1536 2417 1623 2452 magis
1639 2425 1727 2452 quam
1742 2418 1832 2453 Orign.

1043 2470 1093 2490 nes
1106 2463 1158 2490 dici
1180 2463 1280 2490 meruit
1304 2463 1426 2491 ontnium
1450 2463 1639 2492 haereticorum
1657 2463 1784 2491 malleus.
1794 2464 1833 2492 Ad

1044 2508 1182 2536 immotam
1197 2513 1289 2536 autem
1314 2509 1377 2536 lidei
1399 2509 1522 2544 regulam
1538 2509 1678 2544 pertinere
1694 2510 1793 2545 dogma
1805 2510 1836 2536 de

1042 2563 1107 2582 vera
1132 2555 1191 2582 Filii
1205 2554 1360 2588 divinitate,
1375 2563 1484 2590 semper
1499 2555 1631 2590 judicavit
1643 2556 1780 2583 catholica
1791 2556 1835 2583 Ec-

1042 2602 1138 2630 clesia.
1155 2601 1248 2637 Neque
1265 2602 1344 2629 aliter
1366 2603 1451 2630 sensit
1471 2602 1612 2638 Origenes.
1629 2601 1699 2630 Nam
1720 2602 1748 2630 in
1766 2602 1834 2630 Pnec

1043 2648 1090 2675 fat.
1113 2648 1242 2675 librorum
1269 2647 1340 2683 Περὶ
1363 2648 1465 2683 ἀρχῶν
1484 2648 1590 2676 num.‘
1607 2649 1723 2684 (citante
1757 2648 1835 2677 Pam—

1043 2694 1117 2729 philo
1133 2695 1160 2722 in
1176 2694 1317 2730 Apologia,
1345 2703 1407 2730 cap.
1422 2695 1450 2728 Ι,
1461 2702 1520 2731 pag.
1544 2695 1602 2731 20),
1620 2696 1748 2732 dogmata
1768 2696 1834 2723 scitu

1043 2746 1071 2769 ct
1082 2741 1186 2768 credita
1202 2741 1358 2769 necessaria
1372 2748 1388 2769 a
1408 2749 1462 2769 non
1476 2742 1639 2770 necessariis
1651 2742 1832 2777 distinguens

1043 2787 1114 2815 inter
1129 2788 1282 2815 necessaria
1300 2788 1359 2816 haec
1385 2789 1460 2824 ponit
1479 2796 1487 2814 :
1511 2796 1532 2814 (-
1547 2787 1643 2816 Primo
1669 2790 1745 2823 quod
1768 2797 1831 2815 unus

1042 2837 1085 2859 est
1101 2833 1182 2866 Deus,
1204 2834 1251 2868 qui
1267 2834 1360 2861 omnia
1383 2835 1496 2862 creavit.
1515 2843 1525 2860 ι
1550 2850 1585 2855 -
1613 2843 1623 2861 ι
1648 2833 1719 2862 Tum
1741 2834 1831 2861 detrude

1042 2878 1113 2913 quod
1125 2879 1205 2907 διευς
1214 2879 1339 2908 Christus
1350 2884 1413 2909 ante
1424 2887 1532 2909 omnem
1543 2884 1697 2909 creaturam
1709 2885 1790 2908 natus
1798 2886 1828 2906 es
