1908 3071
123 106 195 134 1529

629 107 672 134 EX
692 108 723 135 G.
745 107 846 135 BULLI
867 107 941 135 DEF.
962 108 1050 136 FlDEl
1072 109 1223 136 NlCASN/E

1665 112 1673 138 l
1679 113 1730 140 550

112 165 195 193 Patre
207 171 257 193 est.
277 175 286 191 ι
301 181 333 186 —
349 175 359 192 t
376 165 533 193 lncarnatus
546 171 588 193 est
607 174 668 194 cum
681 166 750 194 Deus
760 173 833 194 esset
845 187 852 197 .
869 173 893 194 et
911 170 932 196 A
949 168 1037 195 laestra
1058 170 1187 196 adversus
1211 169 1352 197 hatreticos
1370 169 1535 204 adduxerat,
1557 172 1648 199 statim
1670 173 1730 200 ista,

113 211 198 238 liomo
215 211 301 238 factus
324 212 423 238 mansit
448 212 519 245 quod
539 211 610 239 Deus
631 217 703 239 erat.
720 221 730 238 ι
747 228 780 233 -
804 222 813 238 ι
831 212 898 240 Τιιιιι

113 257 213 284 deinde
235 257 338 284 honore
354 265 387 284 ac
401 257 534 292 dignitate
550 257 623 284 Patri
647 262 675 285 et
688 257 755 285 Filio
767 259 898 286 soeiatuni

113 310 178 330 esse
190 302 323 337 Spiritum
348 307 483 331 sanctum.
503 312 513 329 ι
535 303 608 331 lnter
631 303 757 339 dogmata
777 312 829 332 non
852 312 900 332 ne-

113 349 244 380 cessaris,
270 349 326 376 sive
341 349 505 384 problemata
519 369 528 383 ,
551 357 610 384 qum
636 351 758 378 modeste
776 355 803 378 et
825 351 897 378 salva

114 401 183 428 pace
195 394 378 422 ecclesiastica
395 395 420 422 in
439 400 580 429 utramque
597 401 700 431 partem
714 397 843 432 disputari
855 406 899 433 po-

113 443 216 471 terant,
233 444 356 468 numerat
371 440 469 468 ibidem
483 443 645 475 Qiiiestioncs
658 463 666 476 ,
684 443 716 470 de
735 447 856 478 tempore
870 449 898 473 et

113 486 196 513 modo
209 486 355 514 rreationis
367 486 535 522 angelorum,
551 487 584 514 de
600 487 666 521 sole,
682 487 744 515 luna
760 493 788 515 et
802 489 897 522 stellis,

113 536 208 558 utrum
227 533 372 559 animantia
384 553 392 566 ,
410 540 443 560 an
460 533 583 560 exanima
599 535 664 565 sint,
681 539 734 562 etc.
757 533 786 562 In
811 535 898 563 istius-

112 578 188 605 modi
212 578 317 605 scilicet
343 578 536 613 quaestionibus
571 579 764 613 discutiendis,
788 581 896 608 nimiam

112 623 234 652 fortasse
245 624 398 652 libertatem
413 624 465 652 sibi
478 624 589 652 indulsit
600 624 729 661 Origenes
746 634 752 652 :
766 627 799 653 ad
813 626 895 655 altera

110 676 180 697 vero
204 670 247 697 illa
263 670 389 705 dogmata
409 670 481 705 quod
507 671 621 703 attinet,
643 679 658 698 a
682 671 742 698 fidei
763 672 853 707 regula
868 672 894 700 in

111 714 233 743 Ecclesia
249 716 301 744 lixa
316 720 343 743 et
356 716 473 744 stabilita
488 717 529 744 vel
545 717 629 744 latum
642 725 758 753 unguem
771 719 895 747 recedere

111 760 165 794 ipsi
182 760 275 796 religio
288 761 347 788 fuit.
364 761 482 795 Quarto,
499 762 588 797 magni
602 769 663 790 esse
676 763 804 797 ponderis
829 764 894 791 mihi

111 807 220 834 videtur
236 812 435 842 argumentum,
461 812 597 842 utcunque
621 809 707 844 ipsum
729 815 894 845 contempse-

109 851 147 880 rit
176 852 348 879 doctissimus
366 851 478 880 Haetius
495 853 528 886 ",
548 853 702 881 Bellarmiui
725 854 806 890 (quod
830 856 891 883 alibi

107 898 200 926 obiter
212 898 360 933 attigimus)
378 899 422 933 qui
444 899 604 927 catholicum
626 899 708 928 fuisse
733 901 758 927 in
778 901 830 929 hoc
848 909 893 929 ar-

109 944 194 972 ticulo
208 944 351 980 Origeneui
367 945 427 972 inde
446 945 559 979 probat;
587 945 657 980 quod
678 953 743 973 sana
756 951 790 973 et‘
804 947 893 974 ortho-

108 989 179 1016 doxa
194 989 275 1017 fuerit
291 991 464 1025 praeceptoris
484 990 569 1025 ipsius
587 991 744 1023 Clementis,
760 997 787 1019 et
810 992 892 1020 disci-

106 1035 232 1070 pulorum
245 1036 364 1071 Dionysii
379 1036 553 1064 Alexandrini
573 1043 601 1065 et
619 1037 741 1073 Gregorii
754 1038 889 1066 Thauma-

107 1082 190 1117 targi,
217 1082 250 1109 de
274 1082 403 1118 mysterio
422 1082 473 1110 SS.
490 1082 634 1111 Trinitatis
655 1084 755 1118 opinio.
776 1084 817 1112 Ad
832 1084 892 1112 Cle-

106 1133 225 1158 mentem
239 1128 311 1163 eniin
326 1130 397 1163 quod
412 1129 518 1161 attinet,
536 1136 616 1164 supra
627 1149 634 1161 ,
649 1129 693 1156 tibi
709 1130 742 1157 de
765 1129 824 1164 eius
839 1130 892 1159 ﬁtl‘e

106 1183 227 1212 agerem,
242 1174 446 1204 evidentissime.
469 1175 592 1211 probavi,
608 1183 622 1201 a
637 1176 743 1203 nemine
761 1184 841 1210 quam
857 1178 892 1205 ab

108 1223 168 1258 ipso
183 1223 345 1250 catholicam
359 1222 510 1249 doctrinam
528 1222 560 1250 de
574 1221 708 1258 ὁμοουσεῳ
722 1221 820 1251 Triade
836 1222 891 1250 cla-

107 1269 165 1296 rius
181 1269 299 1305 agnitam
315 1273 361 1295 aut
383 1268 553 1303 prtedicatam
581 1268 674 1296 fuisse.
689 1269 759 1297 ldem
783 1270 815 1298 de
828 1271 890 1299 Ale-

107 1314 240 1341 xandrino
260 1314 388 1350 Dionysio
411 1318 438 1340 et
457 1313 587 1348 Gregorio
609 1313 809 1350 Tliaumaturgo
833 1317 889 1352 (ut-

105 1367 213 1394 cunque
223 1359 327 1387 duobus
343 1359 468 1386 maximis
492 1358 646 1386 nominibus
661 1358 768 1386 Arianae
793 1360 889 1395 impie-

107 1404 171 1431 tatis
184 1408 274 1431 notam
288 1404 430 1436 inusserit,
444 1403 471 1430 in
483 1403 524 1430 sui
542 1404 659 1431 nominis
671 1403 829 1437 infamiam,
843 1404 889 1432 Je-

105 1449 177 1477 suita
192 1449 327 1483 Petavius)
339 1449 409 1476 infra
423 1456 498 1484 mque
513 1449 586 1477 clare
607 1449 792 1478 ostendemus.
820 1451 888 1484 Quid

105 1494 217 1521 autem?
232 1494 271 1521 An
282 1493 428 1521 verisimile
445 1493 498 1526 sit,
511 1493 555 1528 qui
567 1498 621 1520 tam
641 1493 800 1522 catholicum
812 1502 844 1523 eo
861 1496 887 1523 in

103 1539 220 1567 articulo
241 1541 413 1575 magistrum,
445 1539 491 1574 qui
525 1544 579 1566 tam
604 1539 769 1567 orthodoxos
798 1541 891 1570 habuit

103 1585 261 1621 discipulos,
279 1585 325 1620 qui
342 1586 423 1613 etiam
439 1585 595 1620 magistrum
615 1592 705 1618 suum,
718 1591 746 1612 ut
761 1591 891 1621 praestan-

105 1628 239 1658 tissimum
252 1631 378 1658 Ecclesiae
392 1631 529 1659 doctorem
551 1638 659 1665 semper
674 1631 798 1659 admirati
816 1637 887 1665 sunt,

104 1677 133 1704 in
146 1677 203 1711 ipso
216 1676 330 1704 articulo
357 1677 511 1704 hatreticum
532 1676 631 1704 fuisse?
657 1678 767 1710 Quinto,
793 1679 888 1707 deinde

109 1722 185 1750 mille
200 1715 286 1749 instar
300 1722 407 1749 testium
423 1724 455 1750 de
475 1722 600 1758 Origenis
623 1723 650 1750 in
671 1724 720 1750 hac.
742 1725 889 1758 quastione

103 1767 245 1806 ὀρθοδοξίᾳ
270 1775 330 1796 esse
357 1768 434 1795 debet
457 1776 569 1803 magnus
591 1769 771 1802 Athanasius;
797 1770 841 1804 qui
862 1769 887 1796 in

105 1815 173 1842 libro
183 1814 221 1842 De
239 1814 330 1850 synodi
345 1812 461 1841 Nicaeum
475 1815 584 1841 decretis
594 1815 628 1848 '9,
641 1815 756 1842 sensisse
766 1823 826 1842 cum
836 1815 887 1842 Pa-

105 1861 192 1888 Iribus
203 1859 318 1888 Nicaenis
338 1859 481 1894 Origenem
506 1860 540 1887 dc
565 1868 627 1888 vera
653 1866 681 1888 et
703 1867 803 1888 aeterna
827 1861 886 1889 F.lii

103 1908 255 1938 divinitate,
271 1906 370 1934 diserte
384 1910 508 1937 testatur,
526 1906 594 1942 Περὶ
610 1906 638 1933 δὲ
653 1906 706 1934 τῶν
722 1907 831 1943 (inquit)
843 1908 883 1934 ἀϊ-

101 1953 166 1984 δίως
179 1954 294 1980 συνεῖναι
309 1953 354 1988 τεὸν
366 1952 451 1986 Λόγον
460 1952 499 1987 τῷ
508 1952 595 1987 Harp).
614 1953 660 1979 καὶ
676 1953 713 1988 μὴ
727 1952 822 1988 ἐτέρας
840 1953 885 1980 οὒ-

104 1999 165 2030 σίας
185 1999 202 2034 ἢ
216 1999 399 2032 ὑποστάσεως,
411 1998 479 2025 ἀλλὰ
485 1999 535 2034 τῆς
549 1998 596 2025 τοῦ
610 1999 716 2034 Πατρὸς
727 1998 792 2025 ἴδιον
806 1999 885 2026 αὐτὸν

101 2043 182 2078 εἶναι,
193 2045 232 2077 ὡς
247 2046 387 2080 εἰρήκασιν
409 2045 432 2071 οἱ
454 2046 483 2072 ὲν
504 2046 538 2080 τῇ
556 2044 656 2080 συνόδῳ
668 2063 676 2077 ,
690 2043 790 2077 ἐξέστω
804 2045 884 2072 πάλιν

101 2093 176 2128 ἡμᾶς
190 2091 365 2118 ἀκοῦσαικαὶ
386 2090 461 2126 παρὰ
476 2090 523 2117 τοῦ
549 2091 692 2126 φιλοπόνου
719 2091 880 2127 Ὠριγένους,

101 2139 129 2167 id
141 2143 192 2171 est,
206 2147 216 2164 ι
236 2137 352 2165 Verbum
369 2143 459 2164 autem
475 2137 510 2164 ab
528 2143 631 2165 aeterno
643 2145 704 2164 esse
714 2145 774 2165 cum
793 2137 881 2170 Patre,

100 2192 151 2213 nec
164 2184 276 2212 alterius
300 2183 460 2211 substantiae
481 2183 522 2210 vel
545 2183 716 2219 hypostasis,
730 2184 776 2211 sed
799 2184 881 2218 ipsius

100 2236 219 2267 paternae
231 2229 388 2258 substantiae
411 2229 548 2264 proprium
573 2228 645 2255 illum
662 2235 737 2260 esse,
752 2229 880 2263 quemad-

99 2277 209 2304 modum
222 2276 349 2304 dixerunt
360 2274 406 2309 qui
421 2273 601 2302 interfuerunt
615 2273 732 2309 synodo,
751 2273 813 2301 licet
827 2281 877 2301 no-

98 2323 141 2351 bis
165 2330 260 2350 rursus
287 2321 381 2349 audire
399 2321 479 2348 etiam
501 2327 534 2347 ex
563 2320 696 2348 laborioso
719 2318 843 2355 Origene.
863 2328 874 2346 ι

96 2367 197 2395 Ibidem
211 2373 319 2399 autem,
344 2366 500 2401 priusquam
525 2366 582 2400 ipsa
607 2365 732 2401 Origenis
756 2365 876 2393 testimo-

96 2414 141 2441 nia
156 2413 273 2446 adducit,
293 2412 393 2440 fatetur
405 2412 581 2443 Athanasius,
598 2412 737 2446 praemissa
751 2412 872 2446 quaedam

96 2461 131 2489 ab
143 2460 258 2494 Origene
271 2459 353 2487 fuisse
365 2460 392 2486 in
404 2459 463 2487 loco
478 2467 493 2486 a
508 2466 537 2486 se
549 2458 665 2494 primum
677 2458 794 2490 citando,
814 2465 873 2493 qua:

95 2515 168 2535 sana:
182 2507 311 2534 doctrina:
325 2513 475 2542 repugnare
499 2505 653 2532 viderentur
668 2511 674 2528 :
697 2504 744 2531 sed
757 2504 809 2535 ait,
828 2503 871 2530 illa

97 2552 269 2587 disputantis,
285 2559 337 2578 non
359 2551 540 2579 asseverantis
561 2556 635 2577 more
657 2549 691 2576 ab
710 2556 743 2576 eo
769 2549 871 2583 prolata

97 2597 180 2624 fuisse
195 2604 203 2624 :
222 2603 281 2631 qua:
293 2603 357 2623 vero
376 2595 432 2630 ipse
445 2594 538 2628 affert,
560 2593 638 2628 plane
656 2592 797 2628 genuinam
811 2591 872 2620 Ori-

95 2642 171 2676 genis
198 2641 359 2669 sententiam
385 2641 532 2668 continere.
552 2639 620 2668 Μετ’
642 2637 688 2666 οὖν
713 2637 821 2674 (inquit)
837 2639 871 2667 τὰ

93 2688 130 2720 ὡς
145 2689 173 2715 ὲν
187 2687 326 2724 γυμνασίᾳ
339 2686 471 2721 λεγόμενα
486 2687 553 2722 πρὸς
566 2687 629 2718 τοὺς
645 2685 798 2722 αἰρετικοὺς
807 2705 814 2718 ,
826 2686 871 2712 εὑ-

92 2735 140 2766 θὺς
161 2734 242 2766 αὐτὸς
267 2733 390 2768 ἐπιφέρει
409 2733 443 2759 τὰ
466 2732 530 2766 ἴδια,
555 2732 641 2766 λέγων
656 2731 757 2764 οὕτως,
772 2731 798 2759 id
816 2736 868 2763 est,

94 2789 103 2807 ε
122 2781 186 2808 Post
198 2780 242 2806 illa
255 2787 336 2815 ergo,
351 2786 410 2813 qua:
425 2778 545 2805 certandi
559 2778 643 2812 gratia
667 2777 745 2812 quasi
769 2777 795 2804 in
818 2784 865 2811 pa-

950 220 1010 248 quas
1025 214 1130 248 propria
1154 213 1240 249 ipsius
1261 218 1338 247 sunt,
1358 215 1515 249 subintulit,
1529 217 1630 244 dicens.
1650 226 1660 243 ι
1682 217 1732 245 De-

950 258 1013 286 inde
1037 259 1104 286 cilat
1129 259 1259 287 illustrem
1283 260 1405 296 Origenis
1432 263 1592 290 sententiam
1618 264 1650 290 de
1670 263 1730 291 Filii

949 304 1099 332 aiternitate
1122 310 1151 332 et
1163 307 1458 341 consubstantialitate;
1475 308 1517 335 cui
1532 313 1559 336 et
1570 309 1681 336 alteram
1697 318 1730 338 ex

931 349 1002 377 -alio
1026 350 1150 385 Origenis
1178 351 1247 385 libro
1273 352 1426 387 subiungit;
1450 361 1509 389 quae
1531 354 1590 381 loca
1617 356 1727 382 sectioni

903 1510 924 1539 C

897 2177 919 2206 ι)

951 401 1050 424 nostra;
1067 397 1153 424 tertia:
1166 405 1346 426 reservamus.
1367 399 1438 426 Sane
1458 406 1547 427 autem
1563 408 1612 435 ego
1642 401 1733 428 nullus

948 442 1057 475 dubito,
1074 443 1139 478 quin
1173 444 1321 472 disserendi
1345 444 1389 472 illa
1417 445 1497 479 ratio,
1522 453 1605 480 quam
1629 445 1729 480 ubique

947 488 1004 517 fere
1029 490 1055 517 in
1076 490 1184 524 scriptis
1215 491 1272 518 suis
1300 496 1408 518 secutus
1430 495 1471 519 est
1501 490 1649 526 Origenes,
1674 499 1727 526 qua

948 543 1044 571 nempe
1064 536 1250 564 haretimrum
1268 536 1364 572 placita
1375 556 1383 570 ,
1399 537 1516 572 ipsorum
1537 537 1727 565 haereticorum

946 581 1022 616 quasi
1049 588 1190 616 personam
1222 581 1346 615 induens,
1377 582 1493 621 primum
1522 588 1727 617 repraesentare,

946 627 1041 655 deinde
1057 627 1218 655 catholicam
1235 627 1370 662 explicare
1381 628 1542 656 sententiam
1556 628 1650 655 solitus
1666 627 1725 660 fuit,

945 681 1038 701 ansam
1059 674 1182 709 inprimis
1195 674 1297 702 dederit
1307 674 1437 709 imperitis
1452 679 1478 701 et
1489 674 1628 701 malevolis
1639 674 1725 708 ipsum

949 719 1093 754 Origenem
1111 720 1223 747 limosis
1239 719 1400 752 accusandi,
1416 719 1491 755 quasi
1517 720 1620 747 scilicet
1641 719 1727 746 bterc-

946 765 998 792 tica
1015 764 1057 792 illa
1079 773 1111 792 ex
1135 765 1226 792 animo
1251 765 1424 793 defendisset.
1456 765 1501 792 Ait
1526 772 1589 792 vero
1614 764 1727 792 ﬂuetius

946 809 1097 845 Origenian.
1113 810 1158 838 lib.
1174 819 1206 843 Il,
1222 816 1317 846 quaest.
1329 811 1356 842 2,
1375 819 1449 838 num.
1465 811 1492 845 5,
1507 819 1567 845 pag.
1590 811 1651 844 119,
1663 811 1725 839 Ori-

944 856 1021 888 genis
1033 856 1194 882 sententiain
1203 864 1295 890 parum
1304 856 1449 884 Athanasio
1458 861 1616 891 perspectam
1634 857 1723 891 fuisse.

945 900 996 928 Sed
1016 900 1041 928 in
1057 908 1090 928 eo
1105 902 1226 936 ignoscat
1248 901 1325 929 nobis
1342 901 1383 929 vir
1404 902 1536 933 eruditus,
1552 902 1622 936 quod
1647 902 1726 930 nihil-

944 946 1051 974 ominus
1065 954 1226 982 persuasum
1242 947 1390 974 habeamus
1401 967 1409 980 ,
1428 947 1574 975 Athanasio
1590 949 1726 983 'episcopo

945 991 1142 1025 Alexandrino,
1183 991 1306 1027 Origenis
1343 991 1517 1020 Alexandrini
1563 994 1725 1028 temporibus

945 1040 999 1064 tam
1015 1036 1117 1069 vicino,
1140 1038 1354 1073 scriptorumque
1373 1037 1431 1072 ejus
1456 1038 1625 1073 aliorumque
1650 1043 1723 1065 vete-

943 1090 1003 1110 rum
1015 1083 1218 1118 diligeutissimo
1231 1084 1332 1118 pariter
1342 1089 1369 1112 et
1378 1084 1608 1119 perspicacissimo
1619 1084 1723 1117 lectori,

944 1128 1022 1164 longe
1040 1129 1137 1157 melius
1152 1135 1318 1164 perspectam
1344 1130 1427 1158 fuisse
1441 1130 1593 1158 Adamantii
1616 1135 1724 1158 senten-

944 1175 1019 1207 tiam,
1032 1182 1112 1210 quam
1131 1176 1255 1210 cuiquam
1269 1183 1301 1203 ex
1323 1175 1400 1203 nobis
1417 1175 1485 1203 seris
1503 1175 1643 1209 nepotibus
1663 1183 1724 1210 pcr-

942 1225 1033 1254 specta
1050 1227 1111 1247 esse
1135 1221 1230 1255 possit.
1259 1219 1350 1255 Pergit
1368 1225 1457 1247 autem
1485 1219 1596 1247 lluetius
1615 1229 1621 1247 :
1638 1229 1647 1246 ι
1664 1219 1722 1247 Non

942 1273 1021 1301 nego,
1035 1266 1133 1301 inquit,
1156 1266 1212 1294 haec
1234 1266 1333 1293 dixisse
1346 1266 1508 1302 Origenem;
1534 1270 1561 1293 at
1585 1273 1617 1293 eo
1643 1273 1722 1293 sensu

942 1312 1053 1344 dixisse,
1066 1319 1119 1346 quo
1133 1311 1240 1339 Nicaana
1258 1311 1327 1338 dixit
1352 1311 1487 1348 synodus,
1507 1312 1532 1340 id
1552 1319 1618 1340 vero
1644 1312 1722 1340 fateri

942 1364 995 1385 non
1012 1365 1129 1392 possum.
1146 1367 1156 1384 ι
1180 1358 1284 1385 Rursus
1299 1357 1370 1391 dico,
1396 1358 1497 1385 nemini
1521 1358 1615 1391 melius
1636 1359 1723 1394 cogni-

942 1407 997 1430 tum
1018 1410 1079 1431 esse
1101 1404 1218 1437 potuisse
1238 1403 1333 1438 synodi
1358 1403 1473 1430 Nicwnae
1494 1410 1602 1431 sensum
1615 1425 1622 1436 ,
1641 1411 1722 1438 quam

941 1447 1100 1480 Athanasio,
1111 1448 1156 1482 qui
1173 1448 1277 1483 synodo
1289 1447 1328 1474 illi
1343 1448 1399 1482 ipse
1412 1448 1544 1475 interfuit.
1564 1447 1637 1476 Idem
1658 1456 1723 1476 vero

941 1494 1106 1522 Athanasius
1115 1498 1240 1527 testatur,
1250 1493 1391 1529 Origenem
1402 1500 1455 1522 tam
1466 1495 1500 1522 de
1511 1493 1571 1522 Filii
1581 1494 1620 1530 τῷ
1631 1495 1723 1530 όμοου-

942 1541 1003 1577 σιῳ,
1014 1547 1094 1576 quam
1114 1540 1148 1568 de
1163 1540 1247 1575 ipsius
1260 1540 1299 1576 τῷ
1313 1541 1440 1577 συναῖδιῳ
1459 1549 1520 1568 cum
1537 1540 1661 1568 Palribus
1674 1539 1721 1568 Ni-

939 1587 1024 1614 crenis
1036 1586 1147 1613 omnino
1167 1585 1294 1613 sensisse.
1313 1586 1353 1613 Ac
1364 1586 1398 1613 de
1416 1585 1475 1613 Filii
1487 1586 1594 1621 quidem
1614 1587 1722 1614 aeterni-

939 1635 1007 1665 tate,
1019 1639 1111 1659 verttm
1126 1631 1190 1658 illud
1212 1639 1272 1658 esse
1295 1638 1348 1658 non
1371 1631 1528 1658 diﬂitebitur
1543 1631 1673 1664 lluetius;
1687 1632 1721 1659 de

939 1677 1220 1705 consubstantialitate
1230 1684 1305 1710 vero,
1324 1677 1350 1704 id
1365 1677 1443 1704 fateri
1455 1684 1484 1704 se
1499 1685 1551 1704 non
1568 1685 1647 1712 posse
1663 1685 1720 1712 pro-

939 1722 1040 1750 ﬁtetur.
1053 1721 1133 1756 Atqui
1151 1729 1231 1757 supra
1251 1721 1312 1750 fuse
1331 1727 1358 1749 et
1371 1722 1520 1750 luculenter
1539 1722 1717 1755 ostendimus,

938 1767 1035 1796 Filium
1048 1775 1101 1795 non
1112 1767 1165 1795 alio
1176 1774 1255 1795 sensu
1268 1768 1340 1796 Patri
1351 1768 1492 1804 ὀμοούσιον
1505 1768 1605 1796 dixisse
1615 1770 1719 1804 episco:

937 1821 986 1847 pos
1001 1812 1133 1845 Nicaanos,
1154 1820 1234 1847 quam
1247 1821 1302 1848 quo
1314 1813 1397 1841 Filius
1417 1815 1545 1842 statuitur
1563 1821 1643 1842 verus
1658 1823 1718 1843 esse

936 1858 1007 1886 Deus
1024 1859 1133 1894 perinde
1147 1866 1178 1886 ac
1192 1858 1282 1889 Pater.
1297 1867 1350 1887 non
1367 1864 1464 1887 creata-
1473 1860 1586 1895 alicujus
1600 1866 1646 1888 aut
1658 1869 1717 1888 mu-

936 1904 1027 1932 tabilis
1037 1904 1171 1932 essentia.
1184 1905 1273 1939 Atque
1283 1905 1335 1932 hoc
1346 1905 1530 1933 sensuFilium
1540 1906 1612 1934 Patri
1625 1906 1717 1942 ἀμοού-

935 1958 992 1976 σιον
1011 1949 1152 1985 agnovisse
1165 1949 1320 1985 Origeuem,
1334 1957 1383 1977 nos
1397 1951 1423 1977 in
1440 1951 1491 1979 hoc
1506 1952 1595 1986 capite
1609 1953 1716 1981 abunde

933 1995 1117 2030 probavimus.
1133 1995 1172 2022 Ad
1186 1995 1350 2023 numericam
1361 2016 1368 2028 ,
1380 2003 1439 2031 quin
1451 1997 1565 2030 dicitur,
1584 1998 1713 2026 unitatem

933 2042 1090 2069 substantia!
1105 2041 1193 2069 Patris
1207 2047 1235 2069 et
1253 2041 1312 2069 Filii
1338 2043 1409 2078 quod
1433 2044 1530 2071 attinet
1551 2044 1642 2079 (quam
1667 2052 1714 2073 ne-

932 2094 1009 2122 gasse
1030 2087 1173 2123 Origenem
1191 2087 1290 2115 ibidem
1307 2088 1344 2115 ait
1367 2087 1502 2125 Huetius),
1524 2097 1632 2124 possunt
1656 2082 1734 2118 cvi:

932 2135 1027 2162 denter
1039 2134 1180 2162 ostendere
1190 2153 1198 2166 ,
1214 2133 1355 2168 Origenem
1370 2134 1501 2162 unitatem
1516 2135 1587 2162 illam
1600 2141 1713 2165 eatenus

931 2179 1087 2214 agnovisse,
1113 2183 1247 2214 quatenus
1273 2179 1357 2214 ipsam
1390 2178 1501 2206 Patrum
1528 2180 1711 2215 antiquiorqu

932 2225 1085 2259 quisquam,
1099 2225 1219 2259 adeoque
1238 2224 1294 2260 ipse
1314 2225 1478 2252 Athanasius
1506 2227 1614 2260 agnovit
1632 2235 1639 2253 :
1661 2227 1712 2256 hoc

930 2275 983 2303 est,
999 2270 1146 2298 credidisse
1158 2269 1312 2304 Origenetn,
1333 2268 1458 2302 Patrem,
1471 2269 1567 2297 Filium
1581 2276 1609 2298 et
1626 2270 1711 2306 Spiri-

929 2321 985 2344 tum
998 2321 1141 2349 sanctum,
1164 2323 1224 2344 cum
1247 2322 1340 2344 revera
1360 2320 1416 2343 ιτθε
1435 2317 1490 2344 Sil"
1505 2325 1645 2352 personas,
1660 2326 1709 2346 ne-

928 2369 1061 2397 quaquam
1078 2368 1166 2389 tamen
1180 2367 1210 2389 ut
1225 2366 1278 2389 tres
1293 2361 1416 2389 homines
1439 2369 1562 2390 seorsum
1583 2371 1611 2390 et
1630 2371 1708 2398 sepa-

927 2408 1006 2435 ratim
1018 2409 1168 2442 exsistere;
1184 2408 1232 2436 sed
1251 2408 1345 2436 intime
1365 2407 1416 2435 sibi
1437 2408 1551 2436 invicem
1572 2410 1709 2438 cohaerere

925 2458 953 2481 et
969 2454 1126 2488 coniunctos
1136 2462 1218 2488 esse;
1233 2455 1355 2489 adeoque
1367 2454 1479 2481 alterum
1499 2454 1525 2481 in
1536 2454 1622 2482 altero
1634 2457 1707 2484 easi-

924 2504 1121 2536 stere,atque,
1141 2505 1171 2528 ut
1192 2501 1228 2528 ita
1249 2500 1360 2536 loquar,
1392 2502 1519 2528 imineare
1538 2501 1654 2529 invicem
1679 2509 1707 2530 et

923 2551 1064 2580 penetrare
1081 2554 1129 2580 per
1147 2546 1309 2574 ineﬁ'abilem
1339 2547 1480 2581 quamdam
1506 2546 1704 2583 περιγώρησιν,

918 2598 999 2626 quam
1011 2591 1280 2620 circumimmionem
1292 2592 1444 2620 scholastici
1459 2597 1555 2620 vocant
1571 2601 1578 2620 :
1593 2599 1627 2620 ex
1649 2602 1703 2628 qua

919 2637 1104 2673 περιχωρήσει
1117 2638 1248 2666 unitatem
1269 2639 1341 2666 illam
1360 2639 1526 2667 numericam
1548 2641 1702 2670 necessario

918 2683 987 2712 eillci
1002 2684 1140 2712 contendit
1154 2683 1280 2712 Petavius
1293 2684 1331 2711 De
1343 2684 1453 2718 Trinit.,
1465 2685 1512 2714 lib.
1527 2694 1564 2719 tv,
1579 2693 1640 2721 cap.
1655 2687 1698 2714 l8.

917 2729 971 2757 Sed
988 2729 1082 2757 hac.de
1103 2737 1132 2756 re
1149 2729 1212 2756 alibi
1234 2730 1400 2758 commodior
1420 2732 1470 2759 erit
1490 2732 1639 2761 disserendi
1658 2731 1700 2760 lo-

916 2784 974 2804 cus.
987 2777 1054 2804 Vide
1068 2780 1135 2805 sect.
1150 2775 1177 2809 4,
1190 2783 1249 2811 cap.
1263 2776 1290 2810 4,
1305 2784 1378 2805 ηυω.
1392 2777 1408 2805 9
1424 2782 1449 2806 et
1468 2786 1541 2813 seqq.

89 2845 91 2861 ι
123 2826 283 2860 τ’,Βειιδηη
301 2827 345 2854 lib.
361 2825 399 2853 De
414 2824 528 2857 Christo,
547 2832 605 2860 cap.
619 2825 662 2852 10.
700 2824 722 2840 ⁸⁰
737 2823 865 2852 Albanas.
883 2829 886 2850 ι

941 2847 946 2852 .
964 2823 985 2856 1,
1001 2831 1026 2859 p.
1038 2823 1100 2851 271.
